3559 5675
547 749 655 795 senna
681 732 719 783 -’-
741 756 826 800 einen
848 754 1018 803 unricernus.
1264 742 1323 802 ten

253 854 306 915 sibi
319 854 485 915 commissas
497 856 688 917 existentiam
711 875 744 918 ac
757 860 928 920 felicitatem
948 862 1117 921 necessaria
1135 869 1227 921 scint:
1245 861 1325 922 uude

253 955 336 1035 plene
348 954 543 1032 consequitur
555 956 781 1019 ethnarchicam
792 960 999 1020 auctoritatem
1014 966 1043 1022 et
1054 957 1142 1039 posse
1156 966 1186 1021 et
1198 962 1323 1021 omuino

253 1055 455 1132 debereJ'ustis
469 1056 703 1134 quibuscunque
727 1053 837 1120 mediis
855 1060 900 1119 uti
924 1060 959 1121 ad
983 1062 1130 1140 principia
1144 1060 1319 1129 honestatis,

253 1172 315 1233 quae
337 1156 457 1216 socialis
480 1158 548 1217 sitae
570 1156 767 1219 lundamenta
780 1165 865 1236 sunt,
887 1161 967 1240 apud
989 1161 1124 1222 nationes
1145 1160 1320 1221 seciascon·

253 1254 400 1315 servanda.
1296 1276 1303 1283 ·

288 1356 387 1416 Altera
401 1354 670 1433 parslundaturea
684 1358 810 1433 ratione,
835 1359 917 1436 qued
940 1357 1121 1420 auctoritatis
1131 1374 1206 1439 pure
1228 1366 1322 1420 natu-

254 1455 320 1515 ralis
330 1454 448 1532 J'udicia
457 1471 541 1532 aeque
553 1454 693 1517 lallibilia
705 1458 766 1517 sint
776 1459 930 1535 acjudieia
944 1458 1155 1519 subditorum:
1169 1473 1236 1535 qua
1247 1460 1321 1520 ratio

252 1556 335 1632 louge
347 1554 477 1615 validior
489 1562 544 1631 est,
561 1554 613 1615 ubi
627 1558 726 1634 agitur
739 1557 776 1617 de
791 1574 853 1619 uno
873 1559 920 1618 vel
940 1559 1044 1637 paucis
1057 1558 1243 1632 bominibus,
1256 1558 1321 1618 eth-

253 1654 417 1717 narchieam
441 1656 647 1715 auctoritatem
675 1656 866 1733 gerentibus3
889 1672 1021 1736 quorum
1036 1656 1150 1733 judicia
1172 1660 1320 1726 uniuersa

253 1755 334 1816 elicui
361 1756 476 1815 nationi
499 1759 598 1815 essent
621 1756 812 1833 imponenda.
836 1758 975 1817 Jamvero
993 1756 1118 1834 judiciis
1140 1756 1320 1816 lallibilibus

254 1854 330 1915 ncilla
341 1856 386 1916 vis
397 1860 454 1933 est,
470 1871 531 1931 qua
540 1856 654 1933 possint
664 1856 814 1916 mentibus
824 1856 967 1917 humanis
977 1857 1189 1933 obligationem
1198 1856 1321 1931 inferre,

253 1961 282 2013 ut
292 1972 354 2016 sese
368 1954 433 2017 illis
445 1954 607 2032 subjiciant
616 1972 627 2032 3
640 1958 699 2016 nisi
718 1956 793 2019 iorte
812 1957 928 2019 socialis
948 1959 1105 2018 necessitas
1116 1956 1257 2035 postulet,
1277 1963 1321 2032 ut,

252 2056 348 2115 saltem
359 2061 496 2129 externe,
507 2056 595 2115 certis
607 2054 749 2115 doctrinis
763 2057 946 2133 quibusdam
961 2056 1073 2117 subditi
1086 2072 1146 2117 non
1162 2056 1322 2140 adversen-

250 2159 303 2214 tur.

287 2254 388 2315 Tertiae
404 2256 500 2333 partie
514 2256 590 2315 ratio
601 2257 712 2333 petitur
730 2254 766 2315 ab
785 2254 950 2315 universali
965 2257 1148 2315 auctoritatis
1161 2257 1325 2335 cujuslibet

252 2354 349 2433 ollieio,
364 2372 431 2432 quo
446 2355 625 2433 precipitur,
648 2362 683 2415 ut
705 2356 865 2415 alletoritas
885 2356 1001 2415 bonum
1015 2357 1163 2416 societatis
1185 2356 1242 2416 sibi
1258 2374 1323 2418 cre-

252 2452 323 2531 dita,
336 2454 441 2532 quoad
454 2461 561 2532 potest,
581 2454 707 2514 sollicite
730 2463 876 2533 procuret.
892 2456 1037 2516 Omnium
1049 2461 1149 2516 autern
1174 2455 1323 2517 bonorum

253 2555 409 2615 marimum
427 2560 472 2615 est
485 2570 553 2615 vera
566 2553 682 2630 religio.
714 2556 803 2631 lirgo,
817 2555 842 2613 si
863 2554 1056 2615 ethnarchica
1072 2556 1232 2615 arroteritae
1245 2564 1324 2616 certo

253 2654 317 2712 sciat
328 2654 439 2715 lalsam
452 2640 627 2730 religionem
639 2642 678 2712 ab
692 2654 794 2731 aliqua
809 2655 968 2713 nationum
983 2655 1041 2714 sibi
1054 2654 1242 2714 subditarum
1253 2654 1324 2729 ooli,

254 2766 408 2833 seramque
423 2754 488 2833 ipsa
509 2754 687 2830 religionem
711 2759 819 2825 teneat,
839 2756 946 2833 poterit
969 2756 1075 2831 utique
1088 2754 1187 2815 media
1209 2758 1322 2833 omnia,

253 2869 311 2929 qua
336 2857 373 2916 ab
397 2855 529 2934 imperio
550 2859 579 2914 et
598 2853 752 2925 classim,
779 2853 932 2923 adbibere,
947 2858 982 2913 ut
995 2870 1062 2913 eam
1078 2853 1113 2912 acl
1127 2870 1204 2914 vera
1227 2853 1321 2931 hujus

253 2956 397 3032 religionis
411 2955 529 3015 cultum
543 2953 687 3032 paulatim
707 2953 844 3024 adducat.

288 3057 403 3129 Quartae
419 3055 550 3130 denique
573 3054 665 3132 partis
683 3053 745 3112 lraee
761 3053 836 3112 ratio
856 3059 911 3129 est,
933 3052 1021 3129 quod'
1035 3053 1152 3113 socialis
1166 3055 1325 3115 auctoritas

254 3163 347 3233 suapte
363 3160 475 3215 natura
486 3155 524 3212 sit
535 3153 723 3230 publicorum
739 3159 893 3230 pactorum
905 3158 934 3211 et
955 3147 1023 3236 iiclei
1037 3151 1166 3230 publiea
1177 3159 1277 3213 custos
1291 3172 1325 3214 ae

254 3254 357 3313 rinclex.
374 3255 515 3314 tamvero
526 3253 579 3330 qui
591 3251 746 3327 religionis
760 3251 891 3327 alicujus
902 3251 999 3311 cultui
1019 3264 1084 3312 sese
1100 3251 1219 3330 publice
1233 3252 1322 3312 devo-

256 3351 300 3422 tit,
315 3351 449 3412 societati
478 3353 626 3413 universae
654 3367 718 3410 eam
745 3349 923 3426 religionem
944 3351 1094 3428 profitenti
1120 3351 1211 3411 ficiem
1239 3369 1323 3410 suam

256 3451 364 3526 publice
377 3450 533 3526 obligavit.
552 3453 640 3530 Ergo,
659 3453 683 3510 si
698 3451 819 3529 publice
832 3451 869 3510 ab
884 3468 919 3510 ea
933 3451 1077 3527 religione
1089 3451 1217 3526 deliciet,
1228 3452 1325 3512 multo

256 3549 377 3625 magissi
400 3551 500 3624 lactis,
514 3547 613 3624 dietis,
635 3549 754 3626 scriptis
775 3565 843 3609 eam
865 3555 1030 3627 oppugnet,
1051 3550 1181 3609 societati
1193 3549 1239 3608 illi
1253 3550 1325 3609 reli-

255 3648 348 3727 giosa,
360 3651 497 3726 adeoque
512 3653 541 3708 et
552 3647 655 3708 sociali
669 3649 836 3708 auctoritati
860 3645 946 3707 illius
961 3651 1033 3724 J'ura
1045 3650 1222 3727 protegenti,
1233 3652 1327 3726 juset

256 3745 380 3810 elicium
396 3747 482 3808 illius
500 3747 655 3808 coercendi
676 3763 710 3806 ae
729 3745 873 3826 puniendi
891 3754 946 3806 est.
1268 3740 1273 3748 “

294 3851 379 3910 1240.
400 3849 530 3910 Coeum
558 3849 583 3907 l.
597 3879 637 3892 -
649 3847 736 3907 Falsa
759 3848 851 3923 igitur
864 3847 1007 3925 opinione
1027 3845 1175 3925 decipitur
1188 3849 1328 3925 quisquis

258 3958 359 4027 censet,
372 3969 408 4012 ex
431 3951 496 4014 sola
510 3960 624 4011 natura
648 3950 714 4030 lege
735 3949 849 4029 populo
866 3948 956 4008 alicui
968 3951 1022 4026 jus
1043 3965 1107 4008 esse
1125 3964 1211 4026 posse
1225 3967 1327 4010 veram

258 4045 422 4126 religionem
437 4053 562 4129 ejusque
577 4057 788 4130 propagatores
803 4051 831 4108 vi
843 4057 872 4109 et
885 4049 978 4108 armis
993 4047 1165 4125 protegendi
1180 4049 1257 4126 apud
1276 4067 1327 4108 ex·

258 4150 328 4208 teras
348 4151 496 4225 natioueS,
518 4166 553 4210 eo
567 4151 661 4226 quod,
677 4149 763 4208 aiunt
783 4131 816 4207 bi
833 4147 979 4226 doctores,
1002 4147 1085 4206 baud
1106 4146 1197 4205 dubie
1222 4147 1331 4208 iaciant

259 4255 350 4308 eontra
370 4258 479 4310 rectam
503 4251 660 4328 rationem,
674 4245 727 4326 qui
753 4247 934 4308 christianos
950 4252 980 4307 et
1001 4245 1256 4306 christianismum
1272 4241 1329 4306 do'-

261 4355 350 4408 oenus
365 4352 459 4428 pomis
471 4331 618 4410 subdunt.
640 4348 823 4424 liujusmocli
838 4363 970 4424 namque
984 4346 1117 4406 doctrina
1127 4362 1332 4422 unumquem-

260 4459 313 4519 que
325 4451 469 4528 populum
478 4451 536 4511 sub
549 4450 642 4510 tutela
656 4449 898 4524 uniuscujusque
908 4447 1013 4525 populi
1022 4445 1115 4506 vicini
1126 4448 1331 4521 constitueret,

262 4543 384 4624 adeoque
398 4550 580 4611 nationalem
603 4549 745 4610 omnibus
764 4547 884 4627 populis
899 4545 1161 4626 independentiam
1175 4545 1331 4624 adinreret,

263 4641 389 4720 singulos
410 4651 479 4711 illos
501 4649 689 4728 subjiciendo
709 4649 817 4710 alienis
837 4645 1062 4726 opinationibus
1082 4649 1114 4707 iu
1135 4647 1172 4706 iis
1191 4646 1332 4707 omnibus

263 4755 322 4817 que
332 4747 405 4810 alius
419 4749 546 4827 quilibet
556 4749 685 4830 populus
696 4747 779 4808 baud
790 4747 880 4809 dubie
895 4755 998 4806 arecta
1011 4746 1126 4806 ratione
1135 4745 1183 4807 vel
1194 4746 1328 4806 damnari
