3559 5675
547 729 654 790 scuni,
678 749 716 766 --
739 731 822 778 ercan
845 706 977 778 necteus.
1243 721 1303 782 stu

263 837 351 912 nisibus
364 835 524 896 renuntiare
532 834 655 912 juribus
670 835 796 916 politicis
808 837 856 898 rel
869 837 1125 917 ornnino'justitia
1135 839 1183 900 vel
1194 840 1301 902 saltem

266 937 433 996 hornanitatis
445 935 577 997 cilicium
591 935 639 998 sit.
653 938 726 1012 Qua
751 943 884 1018 tempora
908 939 1028 1014 adsum,
1040 942 1157 1018 quoties
1174 942 1307 1020 pertinax

261 1037 356 1112 jnrium
368 1037 485 1098 istorum
506 1038 634 1098 retentio
646 1037 747 1114 gravia
768 1039 899 1100 societati
912 1039 1156 1102 detrimentum
1176 1042 1307 1120 pericula

262 1133 374 1212 gigneret
389 1153 397 1196 :
411 1135 582 1213 cujusmodi
595 1137 627 1199 in
646 1139 819 1200 monarchia
834 1145 880 1201 est
898 1155 985 1209 meus
997 1141 1200 1220 competitoris
1213 1143 1305 1222 inepti

262 1243 283 1296 et
292 1236 456 1314 inpotentis,
470 1240 501 1297 et
511 1236 543 1296 in
557 1237 729 1314 polyarchia
740 1238 922 1318 suffragium
931 1240 1307 1318 plerorumqueetiqeibus

261 1338 420 1416 padernis
431 1355 485 1418 pro
495 1339 613 1416 iustitia
626 1346 655 1400 ct
667 1339 746 1402 bono
759 1341 880 1421 publico
893 1341 1077 1402 certantibus
1093 1343 1277 1403 contrarium
1294 1360 1301 1400 :

260 1439 409 1500 trincenim
431 1439 594 1518 pertinacia
617 1439 648 1500 in
663 1441 728 1500 suis
746 1441 869 1520 juribus
882 1441 1094 1520 apparentibus
1115 1441 1308 1504 deleniendis

258 1539 318 1600 bono
326 1539 435 1617 publico
448 1545 607 1617 repugnat,
619 1545 648 1600 ct
660 1540 819 1602 violentam
832 1557 938 1604 eorum
945 1541 1189 1622 exspoliationem
1198 1543 1307 1604 mereri

258 1637 392 1714 aliquando
405 1645 512 1717 potest.

287 1739 400 1800 meon.
415 1735 446 1800 3.
462 1771 500 1786 -
514 1739 684 1804 Notandum
698 1748 742 1804 est
752 1747 917 1821 postremo,
930 1738 1012 1803 aliud
1028 1757 1096 1803 esse
1107 1740 1171 1802 suis
1184 1741 1309 1819 juribus

256 1838 361 1914 politicis
381 1838 567 1912 renuntiare,
589 1844 679 1916 atque
702 1839 786 1902 aliud
805 1841 871 1902 hac
893 1841 961 1917 jure
984 1841 1018 1900 in
1038 1840 1130 1902 aliam
1147 1855 1307 1918 pomonam

258 1939 403 2015 tratrslerre.
430 1941 475 1998 Ut
492 1939 561 2015 quis
583 1941 676 2019 possit
700 1941 811 2004 talibus
825 1942 889 2004 suis
900 1940 1024 2019 juribus
1048 1942 1221 2002 renuntiare
1234 1940 1306 2002 satis

253 2039 370 2114 estquod
383 2056 418 2100 ex
441 2039 512 2116 ejus
526 2039 712 2102 abdicatione
731 2041 852 2103 nullum
866 2040 951 2102 alteri
964 2041 1112 2104 damnum
1126 2041 1278 2120 proveniat
1295 2059 1303 2100 ε

252 2143 276 2194 ot
291 2153 351 2198 vero
371 2139 464 2218 possit
485 2139 554 2217 quis
567 2139 640 2200 talia
657 2142 730 2217 jura
752 2141 785 2201 iu
805 2140 931 2202 alteram
952 2155 1112 2221 porsonam
1136 2140 1306 2215 transferre,

251 2232 321 2296 debet
335 2243 476 2315 praterea
498 2237 604 2300 nullus
625 2237 747 2310 adesse,
763 2241 816 2318 qui
839 2245 928 2300 autea
937 2242 1003 2316 jem
1016 2239 1126 2300 hebeat
1136 2240 1189 2318 jus
1202 2255 1309 2302 sucos·

252 2332 324 2394 leodi
338 2336 367 2396 in
382 2337 485 2398 locum
500 2335 675 2404 abdicantis.
700 2339 800 2412 Quare
820 2339 958 2418 princeps
971 2335 1113 2398 clectirus
1126 2342 1222 2415 potest
1236 2337 1308 2415 poli-

250 2435 302 2496 ticis
313 2438 372 2498 suis
390 2438 519 2518 juribus
531 2439 715 2513 renuntiare,
736 2440 788 2502 sed
800 2455 861 2502 non
877 2457 913 2501 ea
930 2439 1091 2500 translerre
1105 2453 1116 2497 2
1129 2442 1161 2498 at
1171 2439 1310 2517 princeps

247 2536 446 2610 patrimonialis
463 2537 562 2614 (503),
575 2541 663 2616 cujus
679 2538 785 2600 titulus
795 2538 831 2600 ad
847 2539 1049 2618 principatum
1063 2543 1201 2598 suntsne
1213 2538 1309 2617 ipsius

249 2633 310 2694 bona
323 2635 517 2711 hereditaria,
532 2638 610 2697 sicut
622 2643 717 2717 potest
730 2639 793 2700 haec
806 2657 861 2700 sue
874 2638 966 2714 bona,
980 2638 1022 2699 ita
1031 2637 1122 2700 etiam
1134 2643 1228 2718 potest
1237 2640 1310 2715 jura

247 2735 409 2815 principatus
436 2737 611 2800 transferre.
638 2738 773 2818 idipsum
799 2739 1006 2802 dc·membris
1029 2739 1232 2813 aristocratia,
1245 2739 1307 2800 sina

245 2833 432 2900 clectirasivc
448 2837 649 2917 hereditariae,
661 2840 877 2919 patrimonialis
894 2839 1308 2919 dicendumrparticularium

244 2936 341 3000 scilicet
355 2940 501 3003 omnium
514 2938 664 3017 ejusmodi
689 2956 814 3001 casuum
836 2956 956 3021 semper
969 2958 994 3025 a·
1006 2938 1104 3000 titulis
1125 2938 1305 3017 originariis,

245 3037 288 3111 qui
300 3038 457 3101 indefinite
471 3036 581 3101 vanari
593 3046 731 3119 possum,
745 3038 907 3117 dependet.

633 3256 835 3319 surrectus
856 3256 905 3315 111.

490 3466 495 3477 ·
556 3420 982 3505 Deprirmipctchereditorio.

271 3621 337 3681 9116.
356 3624 427 3683 Pos.
445 3619 530 3681 491·.
547 3651 585 3664 -
609 3617 798 3680 hereditaria
823 3615 859 3677 nd
882 3616 1083 3697 principatum
1105 3618 1308 3681 sucmsuones

239 3734 291 3781 non
302 3739 339 3783 cx
348 3720 415 3783 solo
428 3718 576 3781 societatis
585 3720 676 3794 bono,
688 3718 740 3779 sod
753 3736 791 3779 ex
803 3717 966 3784 socialibus
979 3733 1102 3795 quoque
1112 3732 1308 3795 personarum

240 3818 327 3899 tacis,
339 3823 396 3898 jus
406 3820 444 3882 ad
460 3820 657 3901 principatum
670 3818 884 3893 tribuentibus,
898 3815 1132 3879 determinanda
1144 3822 1226 3879 sunt.

273 3925 363 3985 Pron
380 3926 503 3987 -lam
520 3922 571 3984 lib.
589 3918 610 3981 l
625 3923 709 3997 (501,
726 3918 821 4002 seqq.)
837 3920 1025 3983 ostendimus
1036 3922 1089 3997 ius
1108 3921 1306 3999 principatus,

239 4022 292 4083 sire
302 4040 478 4103 supremam
490 4023 600 4087 auctori
605 4026 692 4083 amm
694 4065 705 4097 ,
713 4020 748 4083 ad
761 4027 839 4083 certa
849 4019 1006 4081 individua
1016 4019 1164 4098 pertinere
1173 4036 1258 4097 posse
1269 4019 1308 4081 ob

236 4122 303 4183 laeta
313 4124 456 4201 quadam
467 4128 612 4197 concreta,
630 4138 647 4181 a
660 4120 807 4203 principio
819 4120 965 4183 abstracto
975 4118 1047 4181 boni
1058 4117 1174 4181 socialis
1184 4134 1307 4197 promus

237 4218 380 4301 distincta,
394 4238 573 4301 quanquam
587 4222 666 4282 bono
691 4220 792 4282 sociali
819 4220 948 4281 minime
967 4220 1127 4295 contrarie,
1141 4218 1194 4281 sed
1208 4219 1308 4298 potius

238 4322 371 4382 tacentia.
388 4322 433 4383 lbi
448 4323 558 4383 etenim
573 4318 767 4401 probavimus
777 4320 946 4381 dominium
962 4317 1136 4380 territoriale
1149 4325 1308 4397 pamenum

238 4420 404 4481 natrrralem
433 4420 579 4497 originem
604 4419 785 4499 principatui
814 4418 1009 4479 monamhico
1040 4418 1184 4496 prebere,
1218 4423 1308 4494 amus

236 4515 311 4579 huno
323 4520 526 4600 principatum
538 4516 764 4581 monarchianos
779 4516 943 4579 adominio
953 4516 1123 4579 territoriali
1133 4516 1308 4597 provenien·

235 4618 290 4677 terri
311 4636 403 4699 posse
427 4620 641 4682 hereditarium
666 4638 718 4679 seu
740 4619 981 4698 patrimonialem
1003 4618 1084 4688 deth
1107 4617 1307 4698 polyarchism

234 4734 351 4799 quoque
365 4722 541 4783 naturaliter
555 4718 624 4783 oriri
641 4738 657 4780 a
677 4718 814 4787 societate
837 4718 1051 4795 emigrandum
1063 4735 1083 4781 a
1096 4717 1242 4781 territorio
1256 4732 1305 4797 pa·
