3559 5675
554 754 663 800 acuar.
689 757 836 802 wraaao
855 754 1033 803 moinus
1271 736 1346 804 5de

260 858 383 920 crimina
401 858 651 937 cognoscenda·ct
663 860 885 939 comprimenda
900 860 1343 937 iniuntpminaacotartauad·

259 959 384 1019 netarioa
406 958 543 1020 homiues
560 959 782 1038 persequendos
800 967 829 1021 et
846 958 1140 1040 comprehendendos
1156 960 1252 1021 civilia
1263 962 1330 1037 jua-

259 1057 326 1117 titiaa
339 1074 372 1118 ac
386 1056 569 1136 publicaria
582 1057 749 1121 administri
761 1066 939 1136 accurrunt3
952 1060 1070 1121 facilius
1083 1058 1128 1120 illi
1140 1060 1329 1131 omnea,airc

259 1160 448 1234 magistratus
463 1161 526 1219 aiva
540 1159 721 1236 administri,
743 1159 937 1221 scelestorum
956 1167 985 1221 et
1006 1161 1097 1221 minis
1121 1165 1279 1235 terrentur,
1301 1166 1331 1221 et

258 1255 411 1316 iraiulibua
427 1260 600 1336 capiuntur,
622 1266 650 1319 et
665 1277 739 1319 auro
758 1266 1005 1338 corrumpuntur,
1020 1262 1169 1323 crcaoenlc
1188 1258 1280 1319 simul
1301 1264 1331 1319 et

258 1355 460 1434 improborum
476 1358 682 1435 audacia‚qua
696 1357 739 1421 illi
754 1358 815 1420 aiut
826 1358 864 1419 ad
879 1360 1030 1421 teterrima
1040 1376 1167 1438 qumque
1181 1360 1286 1439 parati,
1302 1365 1329 1419 ct

258 1455 402 1516 scelerum
418 1456 613 1519 multitudine
627 1466 718 1536 atquo
736 1460 934 1533 immanitate,
950 1459 1060 1536 quibua
1078 1460 1120 1521 rei
1140 1456 1265 1539 publice
1279 1458 1330 1521 ad·

257 1556 437 1617 ministratio
449 1557 659 1620 vehementiua
675 1560 707 1619 in
722 1560 786 1621 dica
799 1555 964 1638 impeditur
975 1576 1010 1619 ac
1023 1559 1222 1638 perturbatur.
1240 1562 1328 1635 Ergo,

257 1655 409 1733 religionis
426 1662 455 1718 at
469 1658 634 1721 boneatatia
647 1660 733 1720 irano
745 1658 912 1729 deliciante.
925 1674 961 1720 eo
977 1659 1079 1719 minna
1092 1660 1228 1737 peaaimm
1250 1674 1330 1736 que-

257 1770 311 1831 que
325 1755 489 1817 hominum
503 1758 660 1838 cupidinea
673 1758 709 1819 ad
731 1760 834 1820 omnia
847 1758 961 1836 flagitia
978 1760 1133 1820 incitantes
1146 1764 1330 1834 coercentur,

257 1870 313 1932 qim
324 1850 423 1934 major
437 1874 541 1917 eanum
555 1859 838 1937 compescendamm
851 1868 940 1937 urget
955 1860 1125 1921 necessitas.

293 1955 381 2031 liqui
398 1960 659 2034 protestantiamua
669 1966 776 2037 auaptc
789 1964 896 2020 natura
910 1958 1004 2020 tendit
1015 1958 1052 2019 ad
1066 1954 1219 2036 roligionis
1233 1957 1332 2017 omnic

258 2053 461 2117 ethonestatis
478 2058 611 2118 studium
632 2060 854 2121 inmortalium
872 2060 981 2122 animia
1000 2059 1235 2137 extinguendum
1253 2072 1260 2117 ε
1279 2057 1331 2117 ille

258 2168 384 2229 namque
403 2160 574 2219 necessario
594 2158 630 2219 ad
648 2159 901 2233 rationaliamum,
919 2158 955 2219 ad
974 2160 1207 2237 scepticinmum,
1226 2156 1261 2218 ad
1285 2158 1331 2217 in·

257 2253 459 2317 credarlitatem
472 2258 503 2317 in
522 2257 661 2335 religiosa
672 2252 841 2337 moralique
858 2260 941 2320 omni
955 2276 985 2320 rc
1000 2259 1123 2329 inducit,
1140 2266 1173 2319 ut
1183 2261 1247 2336 jam
1260 2272 1329 2337 pto·

258 2350 352 2413 batum
368 2361 416 2415 eat
433 2355 534 2428 (4315,
553 2359 637 2436 prob.
657 2362 688 2419 1ο
701 2365 731 2419 ct
744 2356 801 2438 3⁰).
817 2362 904 2436 Ergo,
921 2364 976 2421 etc.

295 2455 343 2514 ΙΙΙ.
364 2457 630 2519 Proteatantiamua
644 2458 740 2519 tandit
759 2464 864 2539 anapia
882 2464 992 2519 natiua
1011 2454 1047 2519 ad
1063 2456 1213 2517 naturalca
1224 2454 1331 2535 plana·

258 2568 310 2629 quc
325 2556 512 2618 necessarias
535 2551 694 2626 ordinum.
712 2558 874 2629 bonorum,
889 2563 1068 2638 potestatum
1088 2574 1123 2618 ac
1142 2556 1329 2617 fortunarum

258 2651 439 2716 diderentiaa
460 2658 491 2717 in
510 2658 590 2719 civili
607 2675 642 2720 ac
655 2659 776 2737 politica
796 2660 880 2721 omni
900 2660 1037 2723 socictate
1054 2656 1210 2727 delendas,
1236 2656 1277 2717 ita
1296 2662 1331 2715 ut

258 2766 289 2809 ar
303 2755 369 2826 eiua
382 2754 544 2833 principiis
557 2773 647 2820 nemo
656 2757 741 2818 alteri
754 2763 894 2837 picatam,
906 2758 938 2817 in
951 2756 1030 2819 cirili
1046 2754 1150 2818 ordina
1165 2772 1198 2817 ac
1212 2753 1332 2833 politico

257 2853 361 2928 poaait,
376 2857 513 2915 naturali
536 2862 588 2917 rut
600 2858 661 2918 alio
673 2873 857 2936 ‹puccrnquc
875 2860 965 2936 jure,
986 2857 1066 2936 mimi
1087 2871 1106 2916 a
1126 2854 1329 2916 multitudiuis

258 2952 402 3014 universae
431 2953 526 3015 libera
553 2957 751 3017 consensione
770 2971 836 3017 ‘non
867 2955 1022 3035 prodierit.
1056 2956 1199 3029 Etenim,
1234 2969 1330 3031 quum

258 3063 372 3113 omnem
382 3055 593 3116 auctoritatem
605 3053 717 3114 directe
728 3060 759 3117 et
769 3041 870 3134 aperte
879 3055 1139 3133 protestantiamua
1150 3053 1181 3112 in
1194 3050 1332 3126 religioso

258 3149 357 3212 ordine
371 3149 498 3236 pr'ormp
510 3159 632 3228 avertat,
648 3167 815 3231 omnesque
826 3153 943 3234 parim
957 3152 1096 3216 homines
1111 3153 1142 3211 in
1159 3151 1217 3212 hcc
1229 3149 1332 3211 ordine

255 3251 366 3320 judicer
382 3238 555 3330 eripiendos,
573 3267 681 3315 omnca
698 3269 784 3332 eque
798 3256 968 3332 magistron,
982 3253 1085 3330 ducea,
1100 3267 1196 3330 regna,
1211 3267 1245 3312 ac
1262 3266 1333 3330 pro·

260 3349 323 3411 inde
336 3369 447 3414 omnen
454 3368 543 3434 porca
556 3356 730 3428 constituat,
744 3353 842 3415 multo
852 3355 950 3431 magia
962 3353 1080 3416 academ
1093 3352 1211 3415 docebit
1221 3367 1287 3412 esec
1300 3351 1331 3410 in

259 3451 332 3512 cirili
344 3453 453 3514 ordine
466 3469 501 3514 ac
513 3453 633 3533 politico
644 3471 732 3534 parca
743 3461 878 3534 oportere
891 3475 899 3515 ε
916 3455 1066 3516 naturalia
1081 3470 1213 3532 namquo
1226 3451 1329 3514 omnia

260 3550 536 3634 caperaamrntitma
549 3554 675 3614 euboeae
689 3569 723 3613 ac
735 3555 847 3614 aeiaire
861 3554 982 3631 debent,
997 3559 1028 3615 ct
1045 3553 1193 3624 nataralia
1209 3551 1283 3612 crdo
1295 3548 1333 3632 ad

260 3644 529 3727 sirpernaturalem.
542 3653 642 3731 quoad
657 3657 724 3732 ejus
737 3653 802 3715 deri
816 3659 925 3732 potest,
940 3653 1172 3715 conformandus
1184 3656 1213 3712 ot
1226 3657 1335 3730 aptan-

260 3747 313 3809 dus
333 3758 389 3825 cat.
412 3752 502 3830 Ergo,
522 3769 619 3832 quum
641 3752 759 3832 propria
777 3754 1012 3833 protestantiami
1036 3751 1151 3813 indulca
1171 3751 1208 3811 ad
1228 3765 1333 3812 omnes

261 3844 399 3912 hominos
413 3851 445 3915 in
459 3851 565 3912 ordine
579 3851 719 3928 religioso
733 3851 943 3928 mundandos,
962 3852 1079 3912 sublata
1092 3851 1175 3910 omni
1191 3851 1268 3920 inter
1284 3864 1335 3908 coa

261 3945 436 4027 differentia,
459 3967 579 4028 aemper
598 3967 632 4011 cc
648 3952 779 4011 maxima
796 3950 900 4011 tendat
920 3947 1081 4031 (aaronica
1099 3945 1336 4009 eaamtiattcmeut

262 4045 428 4128 aicuteur),
451 4049 619 4111 absolutam
642 4051 719 4112 lianc
744 4051 881 4111 omnium
904 4049 1102 4126 curialitatem
1126 4047 1176 4108 illc
1200 4045 1231 4106 in
1254 4044 1335 4106 ciuili

263 4147 348 4207 ctiam
362 4151 468 4210 ordino
479 4166 514 4210 ac
525 4150 646 4228 politico
656 4159 688 4210 et
702 4149 859 4212 theoretice
870 4148 1042 4224 affirmabit,
1055 4155 1085 4209 et
1097 4146 1228 4228 practice
1242 4145 1335 4206 indu-

262 4261 323 4307 cere
341 4249 374 4309 in
396 4265 460 4310 rem
483 4247 633 4328 publicam
653 4249 736 4310 omni
754 4251 783 4311 vi
804 4249 992 4312 conabitur:
1016 4248 1086 4309 inde
1107 4244 1288 4308 accintumca
1308 4251 1338 4306 ct
1377 4313 1380 4322 ,

262 4347 488 4410 communiamur.
708 4411 711 4416 ,
971 4345 974 4352 ’

300 4447 387 4523 atqui
399 4449 589 4510 vehementes
602 4447 751 4528 ejusmodi
763 4449 800 4510 ad
813 4451 1019 4513 aecialismunr
1031 4453 1064 4510 et
1076 4447 1334 4510 communionum

264 4553 470 4628 propensiores
480 4553 648 4632 plurimum
658 4553 787 4631 prolecto
799 4555 949 4632 pertinent
959 4551 995 4612 ad
1008 4552 1126 4616 ciuilem
1139 4557 1167 4612 ct
1180 4549 1333 4630 politicum

265 4649 393 4712 ordinem
408 4652 661 4714 labetactandnm.
674 4654 775 4731 ltaque
787 4655 871 4714 enim
883 4653 936 4714 diu
949 4660 1086 4716 muctare
1098 4653 1195 4715 cicilia
1207 4658 1240 4713 et·
1250 4653 1331 4732 poli·

265 4749 312 4806 nm
334 4755 459 4813 societas
477 4759 584 4831 potcst,
606 4753 663 4812 nisi
680 4759 746 4812 tnta
765 4761 795 4810 et
813 4751 999 4812 inviolabilia
1019 4753 1080 4812 rint
1094 4751 1258 4828 uniruique
1273 4751 1331 4813 civi
