3559 5675
555 741 664 791 sueni.
688 758 726 775 -
747 738 832 789 tinea
853 738 1043 790 suentense.
1271 720 1330 785 iiiii

250 848 391 911 &clasiae
411 849 447 911 ad
466 851 614 930 principes
624 849 806 927 judicandos
823 864 856 909 ac
870 848 1037 929 puniendos
1050 846 1097 909 rei
1113 862 1167 927 per
1180 847 1286 927 ipsam,
1303 847 1328 905 si

249 966 328 1027 opus
343 949 443 1023 inerit,
458 948 635 1011 indirectam
649 948 875 1027 depositionem,
895 946 982 1006 nulio
999 952 1084 1024 paeto
1103 951 1211 1008 nocent
1229 944 1330 1022 legiti-

249 1064 309 1107 mae
319 1049 490 1127 principum
502 1048 751 1126 independentire.
765 1049 850 1117 liam,
862 1047 913 1106 iiia
925 1045 1184 1124 subordinatione,
1198 1045 1251 1106 ilio
1258 1049 1329 1123 jure

249 1147 406 1225 admissis,
420 1148 518 1211 adimo
538 1148 681 1209 secularis
698 1151 828 1227 potestas
849 1152 895 1207 est
914 1145 947 1206 ie
962 1164 1015 1206 arro
1033 1142 1152 1218 ordine,
1173 1146 1330 1225 temporali

250 1248 377 1327 seilicet,
388 1250 512 1311 omnine
526 1247 732 1327 independens
747 1262 755 1307 :
769 1251 798 1307 at
807 1262 897 1309 nemo
910 1262 1049 1324 unquam
1059 1246 1231 1318 somniarit,
1247 1247 1329 1325 priu-

248 1350 345 1429 eipaa,
361 1350 392 1411 in
407 1350 445 1410 iis
457 1366 525 1428 quas
538 1354 610 1409 saint
631 1363 712 1408 mere
735 1345 923 1425 temporalia,
943 1363 961 1406 a
974 1352 1117 1427 potestate
1133 1346 1332 1409 ecelesiastica

249 1449 319 1511 ullo
342 1448 431 1511 modo
451 1444 592 1529 pendere.
617 1448 694 1507 Sunt
716 1446 810 1523 igitur
830 1445 996 1525 principes,
1009 1462 1046 1507 ex
1064 1462 1248 1527 quacunque
1261 1464 1330 1509 rara

249 1550 400 1625 doctrina,
419 1566 488 1613 sare
509 1556 539 1610 at
552 1548 670 1627 propria
694 1554 724 1608 et
739 1546 825 1625 plane
843 1546 1080 1625 independenter
1091 1546 1124 1607 in
1138 1564 1191 1609 see
1211 1546 1328 1612 ordine.

250 1649 344 1711 Nullo
362 1648 451 1711 modo
471 1648 510 1709 ab
531 1646 661 1709 Ecclesia
682 1645 897 1726 dependentia
910 1645 1000 1707 modo
1013 1647 1138 1723 cogendi
1152 1664 1186 1708 ae
1198 1649 1327 1710 durandi

249 1752 413 1833 exereitus,
435 1748 615 1811 tributorum
629 1746 858 1825 erigendarum,
877 1747 990 1808 artium
1013 1746 1230 1821 tenendarum,
1249 1766 1328 1811 eom-

252 1850 364 1913 mercia
378 1846 573 1928 protendendi
586 1855 615 1909 at
628 1847 786 1925 similium,
797 1846 935 1924 quandin
950 1846 1014 1907 isne
1024 1852 1054 1908 et
1067 1848 1128 1909 alia
1142 1848 1331 1927 qualibetad

254 1950 458 2030 moralitatem
471 1948 549 2009 niirii
563 1948 701 2023 attinent,
718 1962 828 2026 nempe
840 1951 914 2007 erint
925 1962 1009 2008 mera
1022 1948 1211 2027 temporalia.
1229 1952 1267 2010 itt
1278 1949 1334 2010 boe

256 2056 324 2133 ipso
335 2049 416 2129 quod
431 2048 579 2129 principes
596 2046 714 2111 nuliam
732 2046 845 2108 babent
863 2064 965 2108 rerum
987 2046 1192 2129 spiritualium
1210 2054 1337 2128 potesta·

255 2163 328 2230 tem,
346 2150 446 2213 statim
458 2149 492 2223 ae
505 2149 536 2210 in
553 2148 768 2228 temporalibus
780 2148 880 2224 agitur
892 2146 931 2208 de
943 2151 1028 2225 justo
1038 2147 1086 2209 rai
1096 2149 1220 2227 injusto,
1234 2149 1335 2211 statim

254 2270 291 2315 ac
303 2250 449 2331 queritur
467 2264 506 2309 an
524 2248 662 2328 princeps
676 2249 729 2325 jus
746 2245 891 2323 regnandi
905 2248 1082 2325 universim,
1101 2256 1154 2308 aut
1166 2248 1281 2326 aliquid
1301 2250 1333 2309 in

254 2349 428 2435 particulari
441 2346 634 2429 praecipiendi
645 2346 865 2418 habeatnacna,
876 2351 949 2405 tunc
962 2345 993 2405 in
1007 2345 1213 2425 spiritualibus
1222 2364 1258 2409 ac
1267 2364 1335 2407 me·

255 2454 373 2515 ralibus
382 2466 548 2527 venamur,
560 2463 669 2525 resque
678 2446 788 2507 adeam
798 2450 975 2527 potestatem
984 2447 1033 2506 eui
1045 2445 1250 2525 spiritualium
1262 2462 1333 2507 cura

255 2552 403 2615 divinitus
426 2548 589 2612 commissa
617 2552 672 2621 est,
691 2544 842 2607 evidenter
854 2544 993 2624 pertinet
1013 2544 1100 2618 Quod
1121 2543 1147 2605 si
1160 2560 1196 2606 aa
1215 2561 1284 2624 quae
1301 2544 1333 2605 in

260 2650 476 2731 temporalibus
489 2654 581 2725 atqua
592 2646 624 2706 in
635 2646 700 2727 ipsa
714 2644 841 2707 seculari
855 2650 1000 2725 potestate
1014 2644 1141 2705 moralia
1152 2651 1224 2706 sunt
1234 2646 1336 2724 acepi-

261 2752 376 2815 ritealia
390 2748 598 2813 subtrahimus
609 2745 815 2808 ecclesiastice
829 2745 978 2825 potestati,
990 2750 1070 2805 ntea
1085 2746 1271 2825 principibus
1279 2747 1336 2807 tri-

258 2857 401 2929 beamus,
417 2848 680 2931 independentiam
698 2847 854 2926 potestatis
871 2846 1038 2925 spiritualis
1058 2848 1213 2910 maniieata
1231 2849 1338 2909 averti·

256 2973 339 3020 mus.
362 2957 399 3015 tit
419 2953 512 3030 igitur
533 2957 661 3028 utraque
687 2947 751 3010 bae
774 2951 905 3028 potestas
922 2947 962 3007 sit
984 2949 1016 3008 in
1030 2963 1085 3008 sua
1103 2958 1220 3021 natura,
1235 2949 1267 3009 in
1280 2965 1337 3010 suc

254 3057 362 3118 ordine
375 3051 591 3133 independens,
606 3065 726 3110 nemssa
745 3053 791 3109 est
811 3046 986 3126 temporalia
1006 3055 1036 3108 et
1055 3047 1220 3109 secularem
1240 3049 1335 3126 ipsam

257 3157 461 3220 auctoritatem
479 3167 543 3212 essa
557 3148 656 3228 quoad
671 3149 816 3210 moralem
832 3165 937 3208 eorum
952 3154 1120 3227 respectum
1135 3148 1337 3210 arelatense

258 3255 395 3338 potestati
410 3252 549 3328 subdita3
560 3266 594 3311 ac
606 3248 731 3328 proinde
743 3247 1021 3309 subordinationem
1034 3245 1119 3309 iilam
1133 3247 1276 3309 secularis
1285 3265 1336 3328 pe·

260 3357 376 3416 testatis
399 3353 456 3413 sub
478 3349 679 3412 ecclesiastica
703 3347 735 3407 in
759 3345 925 3408 moralibus
943 3361 1076 3407 asserere
1094 3346 1171 3408 nibil
1189 3346 1271 3409 aliud
1294 3355 1338 3408 est

258 3471 351 3536 quam
363 3451 483 3534 plenam
498 3449 657 3526 utriusque
667 3446 831 3526 potestatis,
846 3444 991 3507 secularis
1002 3450 1031 3508 et
1040 3446 1244 3510 ecclesiastice
1254 3447 1339 3508 inde-

259 3555 463 3636 pendentiam,
478 3551 508 3610 iu
522 3547 685 3626 respective
694 3546 934 3624 uniuscujusque
946 3545 1052 3607 ordine
1062 3547 1152 3607 tueri.

302 3659 339 3718 ii.
357 3651 566 3714 Subordinatie
591 3647 655 3724 iiia,
670 3646 708 3708 da
721 3661 782 3724 qua
805 3643 1007 3725 disputamus,
1030 3645 1198 3709 aiiicmatur
1220 3654 1250 3710 et
1268 3665 1338 3728 prc-

259 3759 348 3820 batur
370 3753 408 3814 ab
421 3749 610 3824 adversariis,
626 3746 700 3807 dum
720 3745 804 3805 iilam
818 3743 850 3802 hi
871 3750 1002 3804 evertere
1025 3751 1180 3806 conantur.
1198 3748 1270 3806 Nam
1292 3765 1337 3808 se·

260 3857 395 3920 celarem
413 3857 586 3933 potestatem
608 3861 672 3908 csse
692 3859 815 3924 prorsus
833 3841 1081 3923 independentam
1098 3844 1135 3903 iis
1152 3846 1338 3922 argumentis

262 3955 437 4029 ostendunt,
452 3950 532 4030 quod
547 3963 655 4026 nempe
668 3947 708 4006 ita
720 3943 857 4006 Christus
871 3941 1019 4004 Dominus
1033 3941 1179 4016 docuerit,
1194 3946 1235 4005 ita
1249 3945 1338 4006 i'etus

262 4067 292 4118 et
302 4059 418 4118 Novum
430 4052 666 4123 Testamentum,
680 4046 721 4106 ita
734 4042 902 4118 Pontiiices,
913 4042 955 4102 ita
963 4039 1107 4117 concilia,
1115 4043 1157 4103 ita
1170 4045 1289 4122 Patres,
1297 4047 1337 4105 ita

262 4159 436 4218 conuentus
449 4151 569 4228 triginta
586 4147 796 4225 Episcopomm
811 4159 881 4204 eum
906 4144 1049 4203 manate
1067 4141 1254 4204 tradiderint.
1271 4143 1337 4204 iam

262 4273 333 4318 vero
343 4254 391 4317 rei
401 4252 456 4314 has
468 4247 633 4330 spiritualis
640 4245 754 4308 ordinis
765 4241 956 4306 auctoritates
962 4244 1007 4303 ais
1019 4242 1213 4321 esseJ'udices
1221 4259 1339 4324 compe-

264 4365 359 4420 tentes
379 4354 499 4433 jurium
518 4349 653 4411 civilium
672 4363 707 4408 ac
719 4344 942 4424 temporalium,
958 4350 987 4406 et
1005 4346 1070 4422 jam
1086 4343 1192 4423 tuipse
1207 4343 1338 4407 affirmas
1366 4421 1374 4432 ἱ

262 4475 331 4521 eam
350 4452 580 4535 dependentium
597 4443 802 4525 temporaliaa
821 4443 969 4524 spirituali
991 4459 1083 4522 qrram
1105 4460 1258 4524 oppugnas
1270 4464 1278 4507 ι
1291 4445 1338 4508 rei

259 4563 333 4640 iura
350 4549 521 4633 tanrporaiis
534 4545 682 4628 potestatis
696 4559 889 4621 nequaqnam
901 4543 1042 4621 ajudicio
1055 4544 1261 4606 auctoritatum
1278 4547 1339 4625 epi·

263 4657 422 4720 ritualium
436 4649 565 4734 pandere
579 4644 702 4722 arsarn3
718 4649 749 4705 at
771 4647 823 4703 tua
836 4642 926 4722 piane
945 4641 1076 4704 absurda
1098 4648 1127 4704 at
1150 4644 1235 4705 nulia
1249 4661 1337 4722 argu·
1380 4708 1384 4714 ,

264 4757 411 4822 mentatio
424 4760 479 4814 ast.
497 4753 575 4828 Ergo
598 4750 707 4814 misere
731 4743 958 4807 hallucinantur
973 4749 1001 4803 et
1017 4759 1049 4803 se
1063 4743 1144 4822 ipsos
1161 4749 1338 4825 oppugnant
