3559 5675
391 634 411 696 8
799 651 879 699 rnen
899 649 1059 695 numanus

393 762 471 822 citus
491 767 521 822 et
537 761 658 823 similia.
683 762 772 837 Ergo,
788 759 935 838 quonlam
960 757 1106 818 societatis
1130 760 1175 816 est
1203 752 1396 835 suppeditare
1418 748 1468 810 illa

397 877 464 938 qnae
476 868 506 921 et
530 860 698 921 necessaria
719 867 749 921 et
760 857 922 939 possibilia
940 864 1022 935 sunt,
1038 854 1181 916 societatis
1195 860 1238 917 cst
1249 869 1284 913 ea
1301 865 1471 932 monuere,

398 959 510 1039 qtribus
520 958 675 1019 individua
695 955 781 1017 nulla
796 954 961 1017 sufficiunt.

438 1058 509 1119 737.
536 1058 667 1119 Conona.
689 1089 729 1103 -
750 1056 874 1119 socialis
897 1053 1084 1133 providentia
1105 1054 1197 1131 igitur
1214 1067 1276 1113 non
1295 1049 1472 1111 erimitsin·

400 1158 474 1237 gula
485 1156 641 1219 individua
658 1157 696 1218 ab
710 1154 807 1218 officio
821 1155 878 1216 sibi
898 1154 970 1234 ipsis
989 1154 1182 1233 propriosne
1202 1152 1304 1213 labore
1317 1155 1348 1213 et
1368 1148 1473 1211 indua·

401 1260 457 1319 tria
472 1256 689 1337 prospiciendi;
707 1254 758 1316 sed
776 1254 864 1315 debet
877 1255 1005 1332 quisque
1019 1270 1072 1334 pro
1086 1252 1151 1313 suis
1166 1250 1280 1313 viribus
1297 1249 1354 1311 sibl
1365 1264 1474 1311 conau-

403 1360 465 1419 lere
483 1356 532 1419 vel
549 1353 587 1418 ab
605 1357 674 1417 aliis
695 1353 859 1416 individuis
876 1354 1014 1431 adjuvari
1024 1356 1110 1430 juxta
1124 1352 1205 1427 leges
1227 1347 1409 1411 universalis
1422 1348 1476 1411 be-

400 1456 574 1518 nevolentiae
586 1461 616 1515 et
628 1454 869 1535 particularium,
885 1470 954 1530 qua
971 1453 1047 1514 torte
1062 1450 1257 1527 intercedant,
1280 1449 1474 1511 relationum.

396 1558 463 1631 Qua
475 1557 508 1616 in
519 1572 552 1616 re
565 1554 714 1617 societatis
733 1552 867 1616 cilicium
886 1552 943 1613 erit
957 1568 1061 1613 curere
1073 1557 1108 1612 ut
1127 1568 1183 1613 sua
1195 1551 1304 1629 cuique
1312 1552 1385 1627 jura
1395 1548 1476 1611 salsa

398 1653 469 1715 sint.

440 1757 602 1829 (aarum,
616 1750 708 1815 homo
721 1755 851 1831 quiaque
865 1757 895 1813 et
910 1753 977 1831 lege
996 1751 1127 1813 naturali
1145 1750 1295 1828 obligatur
1305 1758 1335 1812 et
1348 1748 1477 1811 naturali

400 1855 599 1935 propensione
613 1854 707 1913 lectur
725 1852 762 1915 ad
784 1854 950 1914 necessaria
968 1852 1025 1913 sibi
1046 1850 1254 1931 comparanda.
1277 1850 1364 1927 Quod
1382 1851 1479 1928 siquis

400 1952 473 2013 huic
484 1950 674 2032 propensioui
691 1951 832 2012 resistens
846 1967 914 2012 eam
929 1950 1026 2027 legem
1040 1950 1141 2025 violet,
1154 1951 1272 2011 socialis
1286 1948 1478 2029 providentia

399 2059 445 2113 est
457 2054 524 2129 ejus
545 2045 684 2111 inertiam
698 2048 856 2111 efficaciter
869 2055 1017 2111 excunte.
1037 2048 1256 2111 communibus
1267 2064 1336 2109 vero
1350 2048 1480 2109 necessi-

401 2148 512 2211 tatibns
526 2147 653 2211 societas
668 2149 804 2229 providet
817 2166 937 2227 operam
955 2149 1031 2209 inter
1044 2147 1198 2209 individua
1211 2145 1428 2209 distribuendo.

441 2245 513 2309 738.
528 2246 598 2311 Poe.
615 2248 697 2311 350¹.
714 2282 751 2295 -
767 2249 841 2309 Bina
858 2253 930 2309 sunt
951 2248 1049 2308 omnis
1070 2246 1214 2307 societatis
1236 2244 1387 2323 generalla
1409 2242 1480 2305 offi-

401 2344 460 2427 cia,
480 2345 574 2407 tutela
588 2347 708 2425 jurium
727 2343 962 2407 individualium
981 2345 1070 2423 atque
1093 2342 1196 2407 efficax
1219 2344 1290 2405 boni
1310 2342 1481 2406 communis

400 2447 581 2525 procuratio.

443 2544 538 2607 Paos.
558 2548 587 2605 1·
602 2561 689 2607 rans.
709 2577 748 2590 -
767 2544 942 2607 Essentialis
962 2544 1032 2605 finis
1048 2544 1254 2606 associationis
1272 2547 1483 2625 crrjuscunqne

404 2646 448 2707 est
469 2640 622 2706 individua
650 2644 793 2723 adjurare
814 2646 851 2706 ad
876 2662 968 2706 suum
992 2644 1129 2705 namrale
1149 2645 1264 2707 bonum
1284 2644 1482 2711 obtinendum

358 2825 362 2834 ,
404 2744 488 2823 (735,
505 2742 608 2806 norell.
629 2745 671 2818 2).
692 2740 782 2823 Auni
805 2744 902 2823 prima
922 2740 1052 2806 conditio
1071 2744 1255 2808 observanda
1275 2751 1309 2805 ut
1328 2744 1484 2809 individua

406 2861 498 2905 suum
513 2844 651 2906 naturale
663 2844 777 2906 bonum
792 2845 956 2920 obtineant,
967 2852 1011 2906 est
1024 2847 1196 2926 utquisque
1207 2852 1271 2907 tuto
1284 2846 1348 2906 auis
1358 2847 1484 2926 juribus

405 2943 532 3003 fruatur.
544 2943 662 3004 bonnm
679 2945 761 3005 enim
775 2947 921 3023 cujusque
935 2945 1071 3006 consistit
1083 2947 1248 3024 praesertim
1262 2947 1294 3006 in
1307 2947 1344 3008 iis
1354 2963 1423 3024 qne
1437 2947 1482 3009 illi

406 3043 551 3107 debentur
567 3067 575 3105 ι
590 3052 621 3107 at
633 3062 700 3124 qua
714 3045 803 3108 alicui
818 3045 977 3123 debentur,
992 3045 1074 3107 illius
1087 3050 1157 3126 jure
1171 3055 1251 3108 sunt.
1267 3049 1358 3126 Ergo,
1373 3053 1430 3110 etc.

445 3147 538 3207 Pnon
556 3147 588 3206 2·
601 3159 686 3207 vans.
709 3147 828 3208 Bonum
841 3145 990 3207 societatis
1004 3162 1163 3206 commune
1178 3147 1286 3226 pendet
1299 3145 1337 3208 ab
1350 3148 1387 3208 iis
1402 3165 1483 3226 qna,

406 3245 623 3308 individualem
641 3247 791 3322 cujusque
809 3245 981 3306 facultatem
1000 3245 1181 3324 excedentia,
1197 3254 1323 3324 possunt
1344 3253 1443 3308 tamen
1465 3265 1484 3308 a

406 3347 545 3407 societate
558 3342 646 3406 ellici.
668 3343 759 3422 lltqvn
779 3343 837 3406 hoc
860 3350 905 3404 est
920 3342 1067 3405 societatis
1088 3346 1243 3424 proprium
1261 3344 1392 3406 ollleium
1414 3363 1484 3426 pro·

407 3461 513 3506 euram
536 3443 589 3504 illa
608 3461 688 3522 qna,
703 3440 818 3504 viribus
839 3442 1076 3504 individualibus
1098 3444 1263 3524 superiora,
1277 3445 1417 3506 omnibus
1437 3451 1486 3508 ta·

408 3561 479 3606 men
494 3543 581 3606 sociis
595 3545 763 3605 neoessarla
778 3552 859 3604 sunt.
877 3545 950 3604 llam
972 3543 1079 3604 idcirco
1097 3546 1250 3605 societates
1263 3545 1299 3608 ab
1312 3545 1487 3608 hominibus

403 3648 588 3723 junguntur,
605 3650 639 3705 ut
651 3661 704 3724 per
715 3662 766 3704 eas
780 3643 836 3722 ipsi
851 3643 1018 3719 obtineant,
1030 3645 1111 3724 quod
1124 3661 1189 3706 srne
1201 3644 1262 3706 illis
1277 3645 1411 3708 obtinere
1425 3661 1487 3708 non

408 3757 528 3828 possent
543 3741 616 3825 (1⁸33
627 3743 737 3823 sequ).
754 3745 843 3821 Ergo,
858 3751 912 3804 etc.

450 3845 520 3907 739.
535 3847 604 3907 Pes.
621 3845 703 3906 351·.
717 3877 758 3890 -
767 3845 849 3905 notio
863 3843 980 3904 socialis
994 3861 1055 3906 non
1073 3845 1159 3906 aliter
1172 3861 1262 3923 qnam
1277 3862 1330 3926 per
1345 3846 1486 3908 socialem

409 3946 627 4020 anctoritatem,
644 3941 754 4005 scilicet
767 3962 821 4024 per
834 3945 982 4006 societatis
996 3945 1164 4026 praesidem,
1178 3947 1305 4008 exerceri
1317 3946 1415 4010 debet.

447 4048 541 4107 Pnon.
560 4077 596 4088 -
611 4043 796 4104 Multitudini
812 4042 972 4105 hominnm
987 4045 1116 4124 cuipiam
1132 4060 1193 4106 non
1208 4045 1288 4107 idem
1301 4053 1346 4108 eat
1360 4048 1486 4108 existere

336 4133 342 4144 ’
407 4153 499 4224 atque
515 4161 580 4204 esse
594 4144 774 4204 societatem.
796 4141 954 4204 Multitudo
976 4151 1168 4223 namque,nt
1189 4147 1228 4207 sit
1245 4147 1379 4222 societas,
1399 4143 1488 4208 debet

406 4249 488 4307 certo
506 4243 638 4321 quodam
658 4243 782 4304 unitatis
804 4241 948 4322 principio
971 4243 1105 4319 colligari
1130 4245 1224 4324 (427).
1251 4247 1403 4318 Quantum
1432 4247 1488 4322 igi·
1597 4285 1599 4288 -

409 4352 459 4404 tur
474 4341 528 4404 illa
541 4359 594 4423 per
613 4341 669 4404 hoc
687 4342 813 4404 unitatis
827 4343 1008 4422 principium
1024 4343 1097 4420 agit,
1114 4350 1230 4406 tanturn
1242 4345 1304 4422 agit
1321 4345 1486 4424 socialiter3

406 4453 497 4521 atque
517 4459 552 4505 eo
568 4445 663 4521 magis
678 4444 827 4506 socialiter
844 4451 996 4523 operatur,
1014 4459 1075 4522 quo
1089 4445 1185 4522 magis
1199 4447 1266 4522 eius
1285 4446 1360 4506 actio
1378 4445 1416 4508 ab
1429 4445 1487 4508 boc

406 4543 552 4624 principio
568 4536 712 4624 procedit.
729 4547 819 4624 lltqm
843 4545 1026 4626 principium
1045 4543 1164 4606 socialis
1185 4545 1308 4606 unitatis
1322 4553 1367 4606 est
1380 4553 1487 4608 euicto-

410 4645 483 4703 ritas
499 4638 593 4720 (451).
623 4643 699 4721 Ergo
718 4661 772 4724 per
798 4641 1002 4704 anctoritatem
1027 4644 1150 4706 societas
1175 4651 1313 4724 operatur
1328 4644 1488 4722 socialiter,
