3559 5675
624 806 731 852 sunna.
758 823 793 835 -
816 804 900 851 crasa
921 805 1021 852 nouus.
1302 791 1353 855 litt

323 909 417 969 Pron.
435 911 522 972 laoile
533 928 570 972 ex
578 910 664 973 dictis
674 912 706 972 in
716 917 865 990 postremo
877 913 1005 974 articulo
1012 915 1115 993 rapitis
1128 914 1319 993 precedentis
1328 919 1357 974 et

279 1007 314 1070 in
323 1015 381 1068 art.
394 1011 425 1086 3,
437 1027 502 1091 cap.
520 1010 550 1088 l,
564 1012 634 1072 libri
648 1011 782 1072 secundi}
795 1045 829 1058 ·—·
844 1015 918 1075 llam
929 1011 961 1073 l⁰
972 1015 1096 1076 societas
1108 1014 1197 1076 debet
1209 1017 1357 1092 cujusque

276 1106 352 1166 socii
366 1123 473 1168 rerum
487 1109 601 1170 bonum
615 1126 786 1190 procurare,
796 1128 908 1190 eosque
922 1105 1026 1173 ornnes
1039 1111 1077 1172 ad
1086 1112 1224 1174 ordinem
1237 1131 1358 1174 servan·

276 1205 353 1268 dum
376 1208 535 1272 efficaciter
551 1211 704 1292 impellere
722 1211 816 1290 (947).
837 1215 933 1289 Ergo,
949 1213 1058 1291 siquis
1074 1229 1178 1275 eorum
1197 1214 1236 1275 ab
1251 1213 1356 1278 ordine

275 1307 441 1371 dedectens
456 1311 488 1371 in
503 1311 621 1384 malum
636 1313 748 1389 tendat,
759 1312 847 1376 debet
857 1313 945 1373 illurn
958 1315 1254 1393 congruapunitione
1266 1314 1357 1376 exsti·

274 1409 409 1484 mutare,
425 1418 488 1472 uta
502 1413 582 1474 malo
593 1411 720 1475 recedat.
743 1415 820 1492 Ergo
836 1411 1040 1490 delinquentis
1053 1415 1172 1494 punitio
1185 1414 1273 1476 illins·
1288 1432 1355 1478 cor·

272 1511 444 1573 rectionem
456 1513 593 1574 intendit.

313 1615 347 1670 2·
362 1611 518 1674 &rietatis
528 1617 581 1692 jus'
593 1622 623 1675 et
635 1615 768 1676 officium
780 1619 835 1691 est,
850 1614 985 1676 ordinem
996 1619 1154 1675 externum
1166 1613 1247 1694 apud
1260 1616 1356 1677 socios

272 1727 382 1783 omnes
404 1714 481 1775 tueri
496 1731 505 1774 :
521 1731 574 1794 per
588 1715 868 1794 ordinemnamque
881 1720 1039 1776 externum
1054 1714 1178 1776 societas
1201 1713 1289 1776 debet
1309 1730 1356 1775 so·

271 1813 334 1872 cios
356 1829 465 1875 omnes
480 1813 516 1874 ad
534 1832 641 1876 verum
656 1816 771 1876 bouum
788 1813 952 1894 perducere
965 1815 1070 1893 (735).
1090 1815 1181 1894 Atqui
1194 1831 1248 1894 per
1262 1815 1357 1894 quod·

270 1914 316 1973 vis
343 1913 492 1976 delictum
517 1916 590 1978 ordo
609 1917 727 1978 socialis
752 1916 901 1993 turbatur,
916 1922 947 1980 et
967 1931 1029 1977 non
1053 1914 1139 1977 aliter
1158 1931 1250 1994 quam
1267 1917 1356 1997 puni·

273 2013 353 2074 tione
380 2014 628 2093 delinquentibus
656 2015 790 2093 inllicta,
820 2021 916 2096 potest
941 2021 1081 2076 externus
1101 2015 1175 2078 ordo
1199 2016 1357 2080 efficaciter

274 2116 438 2175 restaurari
461 2122 491 2176 et
508 2118 675 2178 mnservari
694 2117 777 2196 (cto,
792 2115 871 2196 947).
896 2119 972 2194 Ergo
990 2115 1027 2177 ad
1041 2119 1198 2177 externum
1218 2115 1355 2180 ordinem

274 2213 480 2293 reparandum
494 2216 580 2278 debet
596 2219 719 2278 societas
733 2215 874 2278 delictum
891 2217 1009 2296 punire.

313 2315 343 2376 3ο
358 2315 520 2384 Delictum,
532 2317 557 2376 si
568 2317 755 2396 impunitum
769 2323 968 2396 permaneret,
982 2318 1097 2379 scilieet
1107 2317 1134 2377 si
1148 2331 1289 2396 prospere
1303 2315 1353 2375 de-

278 2415 423 2492 linquenti
438 2415 567 2492 cederet,
577 2413 769 2476 vehementer
782 2415 952 2494 impelleret
966 2415 1041 2477 alios
1055 2416 1151 2477 socios
1165 2415 1201 2475 ed
1213 2413 1355 2492 judican-

275 2513 356 2588 dum,
370 2532 460 2594 posse
474 2514 551 2576 illud
568 2516 673 2592 utique
683 2515 720 2577 ad
736 2515 903 2576 humanam
916 2515 1085 2577 felicitatem
1098 2516 1231 2577 conferre
1239 2531 1249 2592 ;
1268 2513 1350 2576 uude

272 2617 367 2692 lieret,
378 2623 414 2675 ut
429 2615 526 2676 multo
539 2615 689 2678 crebriore
702 2615 810 2676 delicta
821 2611 1091 2694 committerentur,
1103 2621 1134 2678 et
1145 2603 1293 2677 societatis
1303 2633 1352 2675 sa·

267 2717 317 2778 lus
328 2719 363 2778 in
374 2733 467 2795 greve
478 2715 640 2779 discrimen
652 2723 814 2778 vocaretur.
826 2717 913 2794 Ergo,
927 2734 966 2778 ne
978 2717 1090 2779 falsum
1102 2734 1136 2778 ac
1148 2715 1350 2796 perniciosum

268 2817 325 2879 hoo
340 2817 495 2896 judicium
509 2817 540 2877 in
556 2816 705 2878 sociorum
720 2823 834 2877 mentes
849 2818 970 2897 irrepat,
986 2816 1073 2879 debet
1091 2805 1350 2878 socialis'auetori·

268 2936 314 2987 aas
328 2918 459 2997 efficere,
473 2924 506 2979 nt
518 2934 673 2995 nunquam
689 2916 832 2977 delictum
846 2919 885 2978 sit
897 2918 934 2979 ad
955 2925 1133 2997 presentem
1148 2916 1350 2993 delinquentis

263 3018 442 3084 felicitatem
464 3018 550 3080 utile.
572 3020 664 3097 Atqui
678 3016 734 3080 hoo
757 3035 818 3080 non
831 3018 919 3079 aliter
939 3034 1030 3095 quern
1053 3017 1209 3096 punitione
1222 3014 1350 3075 obtineri

265 3126 375 3201 potest.
392 3122 471 3197 Ergo
484 3118 519 3181 ad
531 3118 646 3198 judicie
672 3118 821 3181 sociorum
839 3118 919 3180 circa
944 3117 1044 3179 delicti
1063 3115 1224 3178 utilitatem
1238 3112 1351 3173 reordi-

265 3220 379 3295 nanda,
395 3221 472 3282 idest
481 3221 519 3282 ad
539 3221 699 3283 salutarem
710 3236 814 3305 eornm
825 3219 1060 3280 admonitionem
1082 3219 1146 3279 sive
1162 3215 1344 3301 exemplum,

265 3322 357 3385 debet
371 3321 494 3383 societas
513 3320 654 3381 delictum
670 3320 797 3399 quodvis
817 3325 1017 3397 congruenter
1037 3317 1157 3399 punire.

306 3424 380 3485 957.
402 3422 531 3483 Cenem
546 3454 582 3466 -
598 3423 689 3482 Poena
703 3423 795 3499 igitur
807 3422 870 3483 sive
885 3421 1001 3501 punitio
1021 3425 1067 3481 est
1080 3424 1183 3500 suapte
1196 3424 1303 3480 natura
1317 3421 1347 3479 et

265 3521 499 3608 medicinedici
518 3522 689 3604 reparatrix
703 3529 732 3585 et
750 3522 941 3603 exemplaris.
967 3522 1098 3585 Possunt
1114 3526 1216 3583 ductu
1233 3520 1267 3581 hi
1287 3524 1348 3580 tres

265 3626 344 3689 fines
361 3613 432 3707 plus
445 3630 498 3686 aut
516 3625 619 3685 minus
638 3623 754 3688 intendi
769 3640 787 3685 a
806 3640 927 3703 quaque
941 3620 1091 3699 societate,
1104 3635 1158 3702 pro
1179 3620 1347 3683 diversitate

266 3728 337 3791 linis
353 3726 477 3809 proprii,
492 3724 530 3786 ad
541 3736 631 3804 quem
644 3740 832 3805 unaquaque
842 3730 962 3805 spectat.
974 3725 1022 3787 Sic
1035 3725 1067 3786 in
1080 3722 1241 3784 domestica
1251 3721 1345 3782 socie·

264 3834 325 3890 ure
345 3826 479 3890 tiliorum
499 3841 568 3889 cum
583 3823 770 3907 parentibus,
785 3818 873 3905 cujus
887 3826 956 3887 linis
974 3824 1142 3904 specialiter
1154 3826 1201 3884 est
1212 3818 1344 3883 filiorum

265 3928 417 4005 educetis,
430 3942 525 4008 pune
537 3928 613 3989 actio
627 3926 813 3990 medicinalis
826 3929 924 4007 magis
936 3928 1050 3989 intendi
1065 3925 1152 3988 debet
1165 3942 1257 4005 quarn
1269 3924 1345 3990 ectio

265 4027 440 4109 reparatrix.
457 4026 577 4100 Contra,
599 4028 631 4089 in
649 4030 784 4091 societate
800 4030 932 4118 politice,
950 4030 1038 4107 cujus
1059 4027 1129 4088 linis
1147 4027 1285 4109 proprius
1301 4034 1346 4088 est

263 4130 502 4208 amoenamus,
516 4128 697 4193 damnorum
710 4133 856 4212 reparatio
870 4139 900 4194 et
912 4115 1122 4215 exemplariter
1139 4130 1233 4209 magis
1247 4130 1344 4192 inteu-

262 4231 344 4293 ditur
356 4247 452 4310 quam
466 4229 669 4309 delinquentis
684 4234 834 4296 eorrectio.
850 4235 887 4296 nt
901 4239 1014 4313 quanto
1026 4232 1122 4311 magis
1133 4238 1191 4294 tres
1201 4226 1246 4292 illi
1259 4231 1345 4295 truc·

264 4337 310 4393 tus
324 4328 420 4393 simul
432 4331 574 4409 conjungi
586 4338 723 4412 possunt,
735 4338 818 4395 tanto
831 4333 989 4416 perfectius
1001 4332 1117 4415 punitio
1128 4333 1263 4396 ordinate
1274 4332 1342 4395 erit.

261 4432 296 4492 Et
314 4431 443 4511 positive
463 4429 589 4507 quidem
603 4430 717 4511 injuste
736 4438 812 4494 esset
833 4449 933 4513 puna,
948 4450 1015 4512 quae
1028 4432 1137 4495 directe
1151 4429 1342 4513 spectarunt

260 4530 396 4613 aliquem
410 4546 518 4621 eorum
531 4529 693 4595 ellectuum
708 4532 938 4598 excludendum·
