3559 5675
604 717 710 768 suess.
732 737 770 748 -
793 717 875 764 trees
896 716 999 772 sortes.
1278 707 1335 770 tn

266 816 362 898 tendit,
379 819 490 882 ideirco
504 839 523 882 e
536 820 645 884 delicto
657 823 769 894 tuturo,
783 824 866 884 siunt
879 822 936 900 iili,
947 824 1065 904 punitio
1082 823 1182 888 deiieti
1198 828 1336 908 preteriti

262 916 336 978 licite
351 917 492 982 edicitur.
509 923 591 982 iisne
605 923 777 1002 opinionem
789 924 886 984 stetim
901 925 1004 1002 peusis
1016 924 1198 989 refellemus.
1265 925 1268 931 ’

296 1020 368 1082 953.
382 1022 451 1082 Poe.
468 1021 551 1084 466¹.
573 1055 612 1070 -
626 1024 680 1084 Jus
698 1022 813 1102 poenale
835 1024 965 1086 societati
987 1041 1179 1106 nequaquem
1194 1027 1336 1106 primorie

260 1125 285 1180 et
298 1119 445 1199 eomplete
462 1124 599 1202 prevenit
615 1139 633 1185 e
641 1125 711 1202 jure
727 1139 788 1184 sues
802 1123 929 1204 proprie
941 1123 1133 1188 detensionis.

295 1223 391 1282 Peos.
405 1255 440 1264 -
460 1221 492 1282 1⁰
503 1221 589 1300 Apud
604 1237 708 1286 omues
722 1222 859 1283 omniurn
874 1228 997 1283 artetum
1014 1223 1140 1304 populos
1162 1225 1231 1287 ides
1242 1243 1338 1306 poeosr

260 1318 362 1396 legetis
384 1325 430 1382 est
453 1320 520 1382 ides
550 1321 725 1401 punitionis.
757 1322 872 1398 Ubique
901 1321 984 1382 enim
1006 1323 1284 1405 gendensenrper
1306 1337 1337 1388 et

258 1419 430 1480 eommunis
449 1420 604 1499 persuasio
623 1427 653 1482 et
672 1437 746 1482 usus
762 1425 826 1508 turn
841 1420 1011 1482 demestieae
1022 1427 1088 1482 tum
1100 1422 1228 1502 pubiieer
1245 1424 1336 1488 seeie-

259 1521 322 1580 tetis
339 1517 399 1582 hoe
415 1518 599 1598 hahuerunt,
618 1519 765 1600 quidquid
777 1519 856 1581 melo
874 1526 996 1598 gestum
1009 1521 1048 1582 sit
1065 1521 1221 1602 punitione
1232 1529 1263 1584 et
1274 1540 1337 1585 ees

259 1623 402 1699 tigstione
414 1619 542 1699 dignum
555 1637 630 1683 esse.
646 1622 775 1702 Ponitur
788 1626 889 1682 eutem
903 1626 935 1683 et
944 1622 1119 1699 eesdgstur,
1133 1639 1170 1685 ex
1181 1627 1336 1688 eommuui

260 1721 312 1786 hee
326 1723 527 1802 persuasione
541 1728 572 1785 et
590 1739 650 1785 usu
667 1723 803 1788 omniurn
819 1722 1015 1804 populorum,
1035 1740 1098 1788 uon
1110 1725 1235 1806 quidem
1247 1725 1339 1790 delie-

260 1828 319 1884 tum
336 1823 490 1895 futurum,
510 1822 562 1884 sed
577 1820 772 1902 preteritum,
796 1823 912 1886 etiamsi
930 1823 1025 1886 futuri
1045 1823 1150 1888 demui
1166 1825 1336 1906 pertensium

259 1941 347 1988 omne
359 1940 379 1986 a
389 1923 530 2004 punitore
545 1923 633 2002 absit
649 1923 696 1986 Sio
708 1929 791 2004 pater
809 1921 908 1986 titium
922 1925 1021 2005 punit,
1036 1926 1093 1988 etsi
1111 1925 1234 1990 nullum
1247 1927 1336 1993 sinte

261 2026 485 2090 filiodamnum
499 2024 612 2087 timeat.
630 2026 721 2102 Ergo,
739 2030 794 2087 ete.
1229 2099 1234 2110 .

296 2131 332 2190 2⁰
346 2127 379 2189 si
398 2125 452 2203 ius
472 2120 691 2204 poeuslespud
719 2123 857 2186 homiues
878 2124 973 2186 oritur
997 2141 1015 2187 e
1032 2125 1104 2204 Jure
1124 2128 1336 2208 propriosne

264 2227 458 2302 detensionis,
472 2242 510 2288 ex
523 2223 628 2286 eodem
646 2223 704 2286 hoe
716 2224 864 2305 principio
878 2226 959 2288 Deus
971 2224 1094 2288 mooun
1111 2229 1165 2306 jus
1177 2228 1335 2310 puniendi.

267 2329 340 2392 urdo
366 2327 652 2406 remunerationis
676 2331 706 2386 et
720 2326 846 2402 justitie
877 2331 1008 2386 eureus
1030 2331 1086 2400 est,
1105 2327 1284 2392 universalis
1308 2338 1339 2392 et

268 2430 475 2508 immutabilis,
503 2433 537 2488 ut
555 2445 592 2490 ex
614 2425 823 2506 Metsphysieis
843 2432 971 2504 eoustet3
987 2433 1017 2488 et
1030 2427 1168 2490 notiones
1180 2429 1296 2491 ordinis
1308 2439 1338 2492 et

261 2537 380 2616 Jurttdae
394 2551 466 2614 queo
486 2535 519 2595 in
539 2532 674 2596 humane
695 2535 796 2594 mente
817 2531 931 2608 lueeut,
944 2532 1065 2594 eternis
1084 2531 1161 2594 ideis
1179 2533 1295 2598 ordinis
1308 2539 1340 2596 et

256 2639 380 2716 J'ustitiae
390 2635 538 2698 indivise
549 2639 649 2696 ruente
659 2632 829 2696 insentibus
840 2633 1236 2712 profestosuntooniormes.
1248 2637 1335 2717 Ergo,

259 2739 411 2800 siideirco
425 2736 525 2798 solum
537 2735 678 2796 humens
690 2733 822 2796 societati
839 2751 874 2794 ex
884 2734 1009 2813 justitie
1022 2733 1127 2796 ordine
1139 2734 1209 2796 lieet
1229 2735 1337 2798 deliote

257 2840 381 2920 punire.
408 2844 443 2899 ut
467 2837 568 2899 tutura
589 2835 697 2897 detiete
718 2835 861 2912 vitentur,
880 2833 944 2895 heo
962 2834 1027 2895 sota
1049 2835 1140 2897 etiem
1162 2837 1224 2910 Deo
1247 2852 1337 2899 esum

258 2939 409 3019 puniendi
431 2936 501 3012 erit,
517 2944 550 2997 ut
573 2936 685 2997 seiliest
706 2935 808 2997 iuture
830 2934 938 2997 deiietn
954 2934 1095 2995 vitentur.
1120 2936 1199 3011 Ergo
1217 2941 1336 2998 sterne

256 3042 309 3103 [tei
331 3038 460 3117 justitior
481 3037 608 3097 minime
621 3035 722 3097 lieebit
738 3034 873 3094 humens
888 3030 997 3093 detiete
1016 3032 1137 3110 punire,
1156 3048 1253 3109 quum
1269 3037 1337 3111 jem

255 3155 339 3201 nore
351 3138 464 3199 delicte
477 3140 634 3213 noqueunt
646 3134 684 3195 eb
698 3134 760 3195 illis
776 3132 934 3195 committi.
957 3132 1108 3194 Nimirum
1126 3131 1212 3195 uuita
1231 3133 1335 3196 homi·

256 3240 352 3303 nibus
370 3244 437 3318 post
459 3242 636 3318 presentem
654 3236 746 3298 ritem
767 3233 883 3313 punitio
902 3230 1030 3309 indigis
1044 3235 1104 3297 Deo
1118 3236 1225 3314 poterit
1240 3255 1249 3295 ι
1262 3242 1337 3299 tune

257 3343 344 3405 euim
357 3338 459 3399 meriti
472 3354 507 3398 ae
519 3335 656 3398 demeriti
669 3334 808 3396 hemines
817 3336 884 3411 jem
895 3334 1050 3412 inrepsees
1061 3339 1161 3397 eruut.
1176 3334 1268 3413 Atqui
1279 3335 1337 3399 hee

257 3442 376 3503 falsum
390 3444 420 3500 et
431 3436 597 3499 emendum
609 3439 655 3496 est
668 3435 706 3497 ob
726 3452 761 3495 ee
783 3450 851 3513 queo
864 3433 1074 3498 onsttetrous
1085 3438 1151 3495 tuor
1173 3434 1212 3497 de
1231 3434 1337 3497 ordine

257 3548 289 3605 et
301 3540 424 3619 justitie
447 3536 624 3614 generalitor
650 3535 746 3613 (222),
771 3538 834 3595 tum
855 3533 893 3596 de
916 3534 1024 3597 merito
1037 3534 1336 3615 redemerttonns),

258 3651 326 3703 tum
339 3639 468 3717 detegis
482 3637 628 3701 netureiis
642 3636 794 3697 sanctione
805 3633 897 3714 (ste).
912 3636 1002 3711 Ergo,
1017 3642 1073 3695 ete.

300 3742 374 3809 954.
390 3742 458 3802 Poe.
482 3739 565 3801 ten.
581 3768 621 3783 -
634 3738 688 3799 lus
699 3734 817 3816 prensis
838 3734 928 3796 hebet
946 3735 1070 3797 soeietes
1087 3750 1123 3795 ex
1137 3737 1267 3799 netureli
1279 3752 1336 3800 suo

254 3850 327 3927 jure
341 3849 373 3904 et
381 3840 479 3903 edisio
493 3838 606 3901 ordinis
617 3837 735 3899 societis
745 3834 942 3900 eustodieudi.

300 3942 483 4007 Pron-Vi
499 3938 615 4002 soeielis
628 3938 718 4017 primi
728 3936 876 4017 prineipii‚
890 3934 1006 3997 Bonum
1017 3932 1144 3996 aterum
1155 3935 1217 4015 tor,
1231 3942 1335 3999 sneu-

261 4048 334 4107 ritss
354 4041 484 4118 soeislis,
512 4038 708 4101 essentialiter
729 4036 876 4099 destinate
900 4034 937 4097 ed
957 4050 1063 4096 omues
1081 4035 1177 4097 soeios
1196 4036 1235 4099 ed
1251 4050 1336 4101 eom·

262 4160 391 4207 munem
422 4142 516 4203 tinem
543 4156 595 4220 per
621 4138 792 4201 ordinatum
817 4136 987 4197 mediorum
1012 4136 1223 4199 communium
1245 4152 1337 4199 usum

259 4242 446 4324 dirigendos,
471 4242 563 4305 hebet
584 4244 637 4321 jue
659 4246 689 4301 et
717 4238 850 4303 offleirnn
879 4253 930 4301 eos
955 4251 1059 4298 omnes
1086 4241 1116 4298 et
1141 4236 1277 4315 singulos
1298 4238 1336 4300 sd

260 4348 399 4411 eniioem
415 4344 525 4407 effloret
531 4350 573 4405 ter
584 4340 752 4419 resonandi,
767 4338 884 4418 quoties
897 4336 936 4401 ab
948 4336 1053 4398 ordios
1067 4334 1231 4399 detleetuot
1242 4338 1337 4417 (947).

260 4452 353 4531 Atqui
368 4446 444 4511 ordo
458 4448 489 4505 in
499 4460 585 4522 equa
599 4460 701 4504 reruni
716 4440 907 4521 proportione
920 4438 1074 4500 consistit:
1090 4454 1179 4517 eque
1190 4454 1261 4504 rere
1271 4456 1340 4519 pru-

261 4556 359 4637 portio
383 4552 462 4613 inter
476 4554 577 4610 sotum
591 4546 759 4607 humanum
779 4549 809 4603 et
822 4540 908 4601 itlius
924 4538 1048 4607 edentes
1059 4554 1094 4601 ee
1108 4541 1338 4619 murmuretur

259 4656 406 4741 mendae,
418 4662 453 4717 ut
466 4653 536 4719 noui
548 4655 577 4712 et
585 4649 734 4711 felicitatis
745 4643 895 4727 possessio
902 4641 941 4703 eb
949 4644 1017 4705 estu
1030 4639 1161 4705 trouesto·
1174 4641 1338 4721 proveniet.

262 4768 341 4833 tirno
353 4754 593 4823 stetisti-teteritas
607 4758 649 4813 est
663 4766 717 4829 per
729 4764 761 4809 se
776 4748 841 4825 ipse
860 4746 960 4818 gretie
973 4740 1156 4807 inordinrtto
1168 4738 1337 4818 (mm).

388 4882 418 4927 Η,
1166 4838 1203 4899 tt
