3559 5675
453 723 513 789 tto
852 746 932 790 tttsts
954 745 1113 790 trutannus

494 841 544 904 13ο
558 845 635 906 ilinc
649 846 827 922 inultigtnn
847 863 908 922 quo
929 855 1013 924 paeto
1027 845 1171 906 itinerum
1185 847 1320 908 celeritas
1341 847 1462 907 divitias
1471 863 1514 906 so·

452 941 544 1005 etates
555 950 673 1020 augeat,
686 947 815 1021 Etenim,
829 946 855 1005 si
872 946 957 1006 naris
971 947 1008 1004 ab
1021 943 1159 1006 dinarios
1178 963 1291 1007 meroes
1307 946 1447 1006 vehentis
1460 947 1514 1012 iter.

452 1057 514 1122 nou
533 1042 651 1104 duobus
664 1045 831 1120 mensibus,
844 1044 896 1104 sed
911 1061 972 1104 uno
991 1061 1095 1104 menso
1109 1045 1288 1121 perficiatur,
1302 1061 1401 1104 rnsrce
1416 1061 1468 1104 sna
1480 1045 1517 1102 di-

453 1142 585 1216 vendita,
599 1143 743 1206 dominus
758 1145 844 1204 naris
855 1151 886 1204 et
899 1161 985 1204 suam
999 1145 1156 1222 capitelam
1173 1159 1324 1204 summam
1340 1145 1518 1220 recuperabit

451 1248 616 1306 etsuornnr
631 1242 768 1304 laborum
782 1243 997 1320 industriosque
1016 1245 1148 1305 fructum
1163 1245 1261 1303 statim
1274 1245 1430 1321 percipiet,
1443 1251 1518 1318 atqrtc

452 1341 606 1404 aliuditsr
616 1343 766 1422 suscipere
781 1344 890 1405 iterum
902 1344 1019 1421 poterit.
1032 1345 1131 1416 Quare
1143 1343 1385 1403 multobroviore
1401 1349 1519 1420 temporo

454 1459 583 1508 marnam
605 1443 642 1505 ad
671 1442 810 1506 ultimam
836 1443 974 1503 ntttimtts
1000 1443 1210 1520 perlectionem
1231 1443 1369 1516 adducet,
1399 1442 1519 1518 adeoque

453 1542 557 1606 omnia
572 1542 691 1604 utilitati
719 1543 869 1621 productas
891 1541 1099 1619 respondentia
1121 1542 1324 1602 emolumenta
1344 1542 1435 1601 citius
1466 1557 1520 1617 per·

453 1642 553 1720 cipiet,
566 1649 596 1702 et
606 1643 697 1706 eitius
707 1645 816 1722 pomrit
838 1643 914 1704 alias
932 1642 1139 1719 productiones
1154 1659 1221 1718 qun
1233 1659 1312 1702 nora
1333 1641 1433 1701 eidem
1448 1641 1518 1700 lucra

454 1742 584 1804 allatura
594 1744 666 1818 sint,
679 1744 842 1820 suscipere,
857 1746 962 1820 ltaque
986 1744 1127 1802 itinerum
1140 1743 1275 1803 celeritas
1289 1749 1380 1818 auget
1398 1741 1518 1809 divitias,

454 1841 493 1902 ad
516 1842 659 1902 minintos
691 1844 836 1903 terminos
860 1841 1027 1903 rediscendo
1051 1848 1168 1919 tempus
1191 1843 1267 1900 intra
1292 1841 1374 1917 qnod
1398 1841 1521 1916 capitatis

454 1954 577 2002 summa
588 1947 618 2001 ot
632 1942 748 2005 labores
769 1943 806 2004 ad
827 1942 1050 2020 productionem
1067 1942 1199 2018 aliquam
1222 1942 1438 2018 anticipantur,
1452 1941 1522 2000 scili·

455 2045 501 2102 tat
514 2039 641 2102 solorius
655 2043 784 2118 primam
798 2044 955 2106 materiam
968 2041 1155 2118 perducendo
1168 2041 1204 2100 ed
1230 2039 1375 2101 ultimum
1393 2039 1523 2099 utilitatis

456 2137 595 2219 gradum.
917 2191 921 2196 .

494 2239 550 2327 44⁰
569 2241 718 2312 Quoniam
743 2241 854 2302 diuitias
874 2241 953 2302 nibil
976 2249 1047 2302 sunt
1066 2242 1148 2302 eliud
1171 2258 1265 2319 quem
1279 2240 1395 2300 utilitas
1416 2237 1524 2313 (lost).

456 2333 572 2408 'aulius
582 2346 685 2398 autem
706 2345 752 2398 ost
765 2344 869 2419 suapte
882 2345 991 2400 natura
1005 2340 1151 2411 medium,
1173 2355 1232 2399 non
1248 2339 1329 2412 linis,
1345 2337 1468 2398 evidens
1490 2341 1529 2395 est

449 2421 553 2499 ‘finam
565 2439 772 2514 necationem
785 2439 925 2515 adquam
940 2439 1050 2500 divitior
1073 2426 1249 2500 naturaliter
1260 2437 1459 2514 ordinantur3
1479 2439 1528 2512 qni

458 2533 540 2608 linis,
553 2542 588 2596 ut
601 2538 740 2616 superius
762 2542 932 2600 notavimus
958 2540 1060 2613 (1084,
1083 2546 1142 2600 not.
1159 2539 1197 2612 lt,
1214 2545 1259 2600 ost
1281 2555 1330 2600 sas
1346 2553 1530 2598 consumere.

461 2633 608 2696 nimirum
622 2653 673 2696 eas
686 2637 830 2700 adbibere
841 2646 876 2700 ut
897 2640 1005 2700 nostris
1019 2639 1243 2700 necessitatibus
1257 2637 1487 2698 satisfaciamus.
1501 2637 1531 2694 dt

463 2748 546 2808 reto,
559 2735 585 2796 sl
598 2750 705 2798 omnes
717 2753 788 2798 suas
801 2739 919 2800 diritius
932 2739 963 2798 in
980 2755 1049 2800 suos
1062 2756 1137 2798 usus
1150 2739 1279 2815 quisque
1292 2737 1413 2815 penitus
1430 2751 1532 2795 oonsu-

463 2839 566 2903 moret,
580 2835 680 2897 omnis
692 2836 817 2900 ulterior
827 2837 985 2916 productio
998 2840 1163 2899 necessario
1177 2844 1322 2903 cesserutr
1350 2832 1533 2913 impossibile
1590 2820 1591 2826 '

461 2946 592 3009 samque
603 2942 648 2995 est
661 2952 754 3005 novas
766 2938 883 3001 divitias
898 2938 1058 3018 producere
1078 2938 1143 2999 sine
1164 2938 1341 3015 capitalibus
1361 2935 1494 2995 summis
1507 2934 1534 2991 in

462 3048 533 3093 eum
545 3032 636 3095 marn
646 3037 771 3100 collado.
788 3041 876 3114 Ergo,
893 3046 926 3099 ut
937 3038 1109 3099 dinitiarum
1122 3038 1308 3115 roproduotio
1317 3042 1346 3097 et
1354 3034 1537 3097 conservatio

463 3131 495 3191 in
509 3136 573 3193 tuto
586 3142 725 3212 penetret,
736 3154 812 3215 opus
825 3146 870 3204 ost
884 3142 918 3197 ut
931 3138 1042 3213 singuli
1057 3140 1138 3198 nives
1152 3152 1222 3198 sitas
1244 3136 1381 3195 fortunas
1403 3134 1436 3193 in
1451 3133 1537 3193 binas

465 3240 562 3313 partas
576 3235 719 3310 dividant,
738 3255 868 3314 quarum
888 3238 1010 3299 alteram
1031 3240 1062 3297 in
1079 3254 1149 3299 suos
1166 3246 1239 3297 usus
1255 3238 1448 3307 nuperimunt,
1462 3232 1538 3291 alts-

465 3348 531 3394 rsm
548 3332 585 3395 ad
605 3334 725 3396 divitias
748 3338 986 3415 reproducondas
999 3345 1128 3397 serrant.
1153 3337 1247 3411 igitur
1269 3336 1445 3395 divitiarum
1466 3348 1540 3393 citn-

469 3432 601 3509 sumptio
613 3433 701 3495 teon
720 3450 774 3513 pro
787 3452 850 3497 uno
869 3454 990 3514 quoque
1006 3436 1128 3497 homine
1141 3436 1234 3495 dividi
1247 3436 1277 3495 in
1293 3430 1540 3509 improduetr'snm

465 3536 496 3594 at
512 3530 727 3611 productivum.

504 3629 551 3691 nb
560 3630 616 3693 hac
628 3632 693 3709 logo
705 3634 995 3712 excipiantorabqut
1009 3635 1107 3696 solum
1118 3634 1267 3708 houtinss,
1280 3634 1400 3693 miseris
1412 3634 1543 3711 quibus

469 3728 540 3792 dam
558 3732 700 3808 operibus
722 3736 784 3796 eive
804 3736 920 3803 artibus
940 3734 1058 3804 addicti,
1073 3750 1203 3811 quorum
1218 3732 1372 3811 productio
1396 3734 1543 3793 aviribus

468 3828 674 3906 personalibus
689 3838 749 3892 tota
763 3832 881 3909 pendet.
908 3833 995 3910 Apud
1018 3850 1095 3910 quos
1120 3833 1256 3893 homines
1268 3830 1336 3891 dum
1348 3834 1467 3909 species
1487 3832 1544 3890 illa

467 3932 703 4007 consumptionis
718 3932 750 3991 in
764 3932 884 3996 unicarn
899 3932 1066 4011 plerunque
1081 3930 1225 3993 conlundi
1247 3930 1355 4003 solent,
1370 3934 1444 4008 quin
1455 3948 1545 3991 surn-

469 4044 533 4089 mas
555 4046 625 4091 suas
647 4031 800 4109 nautales,
818 4048 886 4109 (ptum
907 4032 938 4091 in
962 4032 1076 4093 viribus
1095 4030 1301 4107 personalibus
1317 4032 1502 4095 consistunt.
1526 4030 1545 4089 ii

468 4132 627 4194 usualiter
640 4132 820 4206 instaurem,
834 4148 927 4209 quem
940 4133 1004 4193 suis
1022 4131 1243 4191 tracessitatibns
1255 4132 1482 4193 satistaaisndo.
1500 4134 1544 4190 s'ic

468 4230 591 4307 baiadus
599 4250 664 4293 sose
676 4234 835 4296 nutriendo
844 4250 914 4293 suas
926 4232 1019 4293 reficit
1032 4232 1120 4305 virae,
1143 4248 1210 4308 quat
1224 4230 1269 4291 illi
1291 4232 1387 4293 unios
1400 4232 1546 4311 ospitales

468 4330 594 4395 tnrttrnn
606 4340 687 4397 sunt.
710 4336 909 4407 Quamobrem
925 4336 980 4395 lroo
1001 4334 1122 4393 evidens
1137 4340 1191 4405 est,
1209 4337 1289 4393 tanto
1301 4330 1435 4410 amplius
1449 4334 1546 4393 socie-

468 4440 535 4499 tatis
546 4443 695 4519 cujusque
706 4441 824 4502 diritius
837 4456 979 4511 mascaro,
998 4445 1111 4514 quanto
1133 4437 1191 4497 itte
1207 4438 1308 4497 minus
1326 4434 1549 4514 improducure

468 4548 699 4614 oonsumuntur,
713 4542 909 4620 quantoplus
921 4558 1024 4601 sanun
1037 4538 1241 4617 reprodnotivo
1257 4536 1450 4596 adhibentur.

507 4644 581 4715 Qun
595 4648 653 4702 toto
662 4642 718 4703 hoc
732 4644 858 4703 ortionlo
868 4640 1095 4720 explicavimus,
1118 4640 1269 4698 continent
1291 4654 1410 4697 summa
1424 4634 1545 4713 priuci-

468 4743 515 4821 pia
526 4742 611 4803 illius
621 4743 751 4806 scientia
764 4760 831 4821 quas
846 4740 1027 4803 OEconomin
1053 4737 1182 4799 Politian
1198 4743 1329 4798 sonatur.
