3559 5675
415 746 476 809 att
824 760 904 808 roais
924 758 1082 807 sammaa

415 870 538 931 societas
558 872 677 929 tenetur
696 873 739 927 tot
754 872 966 944 mansumque
978 866 1144 927 utilitatum
1154 866 1320 943 jacturam,
1343 868 1492 941 quantum

414 968 539 1048 quidem
560 968 625 1029 tleri
646 968 752 1045 possit,
779 967 927 1027 militibus
951 981 1154 1045 compensare.
1168 967 1317 1026 llasevaro
1331 968 1494 1041 causaest,

415 1087 470 1133 cur
483 1070 631 1129 exercitus
642 1067 877 1145 sitparticnlaris
887 1066 1025 1143 quartam
1037 1067 1174 1139 societas,
1195 1064 1401 1141 undequaque
1416 1076 1496 1123 eom·

1586 528 1588 627 t

1587 741 1588 809 t

414 1166 659 1255 pleta,pbapriis
681 1168 747 1231 suis
760 1168 917 1246 prateriis,
943 1168 1074 1243 tegibus,
1094 1166 1236 1227 domibus
1250 1166 1420 1235 instructa;
1445 1178 1496 1241 per
1587 1186 1588 1227 t

415 1285 483 1346 qua
497 1269 671 1331 omnia-erre
689 1266 839 1344 quoddam
854 1267 1002 1344 aretiqua
1022 1266 1159 1327 socictate
1179 1264 1358 1327 distinctum
1373 1261 1478 1323 habet.

454 1368 585 1429 cotors.
604 1369 634 1428 5.
650 1398 691 1413 -
704 1365 748 1427 ttd
763 1365 892 1426 validius
910 1366 972 1427 rim
988 1366 1129 1427 socialem
1143 1363 1405 1435 constituendam,
1423 1377 1497 1438 prae·
1587 1408 1588 1425 2

417 1478 462 1525 ter
472 1466 605 1527 militnm
616 1471 646 1525 et
667 1481 831 1527 numerum
849 1470 879 1524 et
896 1464 1056 1531 delectum,
1071 1464 1130 1525 alia
1143 1468 1216 1523 sunt
1228 1462 1385 1541 permulta
1396 1478 1467 1536 quas
1480 1476 1498 1519 a

416 1566 517 1627 sociati
535 1566 708 1627 auctoritato
719 1570 792 1625 aunt
802 1564 1000 1642 procuranda,
1014 1571 1054 1635 et,
1071 1564 1146 1639 arei
1170 1563 1310 1623 militaris
1323 1560 1499 1621 doctoribus
1587 1596 1588 1647 ss

415 1666 483 1727 tuse
496 1666 652 1746 explicata,
667 1663 786 1725 anobis
797 1664 846 1725 tric
856 1666 1050 1737 omittuntur,
1064 1670 1097 1723 nt
1106 1662 1305 1739 quarellam
1318 1660 1500 1721 moralitatis

356 1803 361 1812 ·
416 1765 546 1844 speeiem
567 1764 750 1843 peculiarem
777 1764 960 1825 contineant.
982 1762 1100 1823 Etenim
1114 1761 1355 1825 -mititumacies
1375 1766 1501 1821 strenue

416 1882 563 1941 exercere,
583 1880 670 1924 arma
683 1869 712 1925 et
728 1864 842 1924 cibaria
862 1870 1028 1943 opportune
1041 1876 1225 1940 comparare,
1239 1860 1348 1923 morali
1362 1860 1501 1921 militum

417 1966 585 2028 educationi
598 1963 767 2036 constitere,
778 1970 808 2025 et
820 1963 995 2040 hujusmodi
1012 1963 1195 2023 auctoritatis
1208 1960 1304 2023 otllcia
1317 1960 1401 2021 nibil
1418 1959 1500 2021 aliud

418 2070 490 2125 scint
510 2082 604 2142 qnam
630 2063 819 2143 particularis
831 2062 992 2142 applicatio
1008 2060 1191 2135 officiorum,
1204 2061 1317 2138 quibus
1331 2076 1444 2119 omnes
1459 2060 1501 2119 rei

416 2163 542 2251 publica
562 2162 730 2225 administri
750 2160 939 2239 hypetaotiei,
952 2159 1138 2239 eeprastdes
1161 2160 1350 2236 obligantur,
1368 2176 1502 2235 quasque

413 2265 481 2338 jam
502 2264 653 2342 superius,
667 2266 817 2339 quantum
828 2261 901 2321 satis
911 2266 967 2337 est,
981 2277 1000 2319 a
1014 2258 1100 2321 nobis
1113 2264 1184 2320 sent
1195 2264 1384 2338 pertractata.
1398 2260 1504 2335 ltaque

419 2364 474 2423 tria
489 2367 605 2423 tantum
620 2362 748 2421 breviter
762 2359 918 2426 innuenda
932 2364 1114 2438 supersunt:

358 2520 361 2524 ,
459 2465 520 2523 1⁰¹³
534 2463 725 2529 ltanitastum
739 2466 801 2536 est,
820 2476 969 2538 suprema
983 2459 1084 2521 sociali
1096 2458 1264 2529 auctoritati
1273 2460 1326 2535 jus
1338 2474 1409 2519 esso
1420 2474 1504 2519 arom
1587 2462 1588 2523 ζ

418 2568 449 2621 et
464 2561 585 2642 castella
598 2560 802 2629 consuuendn
827 2576 958 2636 quornm
980 2576 1035 2639 ope
1057 2575 1118 2620 non
1137 2559 1237 2620 sotum
1268 2558 1386 2617 externi
1407 2557 1504 2618 bostis

420 2661 550 2739 impetus
573 2658 782 2729 retundantur,
806 2660 857 2719 scd
881 2659 993 2719 civium
1012 2674 1134 2737 quoque
1148 2658 1399 2719 turbulentorum
1422 2656 1506 2717 sedi·

420 2758 514 2819 tiones
527 2756 624 2817 mutto
636 2748 754 2818 facilius
762 2758 1009 2835 comprimantur.
1025 2758 1078 2819 llis
1089 2755 1213 2833 quidem
1223 2755 1386 2835 presidiis,
1401 2762 1506 2833 utpote

420 2857 455 2918 ad
472 2857 596 2938 populos
606 2857 783 2920 coercendos
788 2857 994 2931 validissimis,
1002 2859 1093 2918 stiam
1104 2856 1205 2933 malus
1212 2859 1354 2936 princeps
1362 2856 1403 2918 ad
1414 2873 1504 2918 suam

351 3037 354 3042 Ι
419 2956 635 3028 defendendam
648 2957 837 3034 tyrannidem
846 2973 919 3018 sanc
936 2945 1046 3018 uretur.
1060 2958 1165 3034 Atqui,
1179 2957 1233 3016 ubi
1244 2973 1392 3034 suprema
1403 2963 1508 3018 aucto·

421 3059 494 3118 ritas
514 3058 633 3136 politica
646 3074 739 3136 penes
749 3057 898 3136 populum
905 3059 976 3132 jure
996 3057 1045 3133 sit,
1058 3063 1137 3120 recta
1151 3059 1256 3136 utiquo
1270 3058 1345 3118 ratio
1355 3057 1506 3136 postulat,

421 3164 455 3218 nt
468 3158 555 3218 nntta
567 3157 717 3236 ejusmodi
739 3158 929 3222 munimenta
942 3162 972 3218 et
989 3157 1110 3218 matella
1121 3163 1346 3234 construantur,
1362 3164 1507 3220 auteon-
1546 3169 1549 3174 ’
1587 3169 1588 3222 3

420 3262 587 3329 serventur,
606 3271 674 3331 qua
683 3255 801 3330 jurium
816 3254 1010 3334 popularium
1022 3256 1197 3318 exercitium
1211 3254 1359 3332 impedire
1373 3259 1508 3334 possint.

421 3354 458 3413 itt
470 3369 553 3431 rere,
567 3352 593 3412 si
611 3353 799 3414 monarchica
819 3369 912 3432 penes
926 3353 1190 3414 unumhominem
1211 3371 1352 3433 suprema
1372 3361 1511 3431 potestas

421 3451 472 3528 sit,
492 3449 532 3511 ob
551 3451 689 3511 eamdam
706 3452 790 3512 illam
816 3467 937 3514 causam
960 3453 988 3513 ei
1009 3467 1081 3514 sans
1109 3451 1211 3513 licebit
1238 3469 1322 3522 arces
1335 3460 1365 3512 et
1378 3455 1511 3514 castella

420 3553 606 3623 construere,
628 3566 758 3626 qnorum
774 3567 832 3630 ope
859 3549 1053 3630 tranquillam
1068 3552 1252 3612 auctoritatis
1265 3567 1327 3612 suar
1340 3554 1511 3629 possessio-

421 3663 493 3708 nem
506 3663 657 3725 usumque
670 3649 798 3710 liberum
811 3657 941 3714 tueatur.
958 3649 1053 3728 lgitnr
1067 3667 1150 3714 arces
1164 3652 1236 3730 ipsis
1251 3651 1382 3714 urbibus
1398 3653 1511 3713 immi-

421 3753 526 3810 nentes
536 3748 573 3810 ad
586 3749 766 3810 seditionum
778 3750 935 3812 audaciam
948 3749 1193 3830 compescendam
1206 3757 1362 3812 exstnrens
1377 3769 1511 3814 menar-
1587 3811 1588 3832 ,

421 3845 490 3924 cha,
502 3865 563 3910 non
575 3850 675 3910 solum
689 3849 735 3910 nil
749 3851 813 3928 agit¹
823 3850 927 3930 populi
938 3850 1059 3926 juribus
1073 3867 1259 3930 repugnans,
1272 3851 1324 3912 sed
1338 3850 1443 3914 efficio
1452 3870 1511 3914 suo
1587 3843 1588 3850 '

420 3948 569 4026 tangitur,
589 3966 650 4027 quo
671 3955 787 4011 tenetur
811 3950 962 4028 publicam
983 3950 1231 4028 tranquillitatem
1256 3953 1396 4012 minimis
1410 3971 1509 4030 quam

421 4047 591 4128 tieripossit
609 4050 778 4134 sumptibus
790 4051 892 4112 tutari.

460 4153 522 4210 2⁰¹⁰
535 4149 620 4226 Quod
635 4149 672 4211 ad
686 4153 829 4212 minimos
842 4157 985 4231 sumptus
996 4153 1030 4212 in
1042 4153 1084 4212 rei
1098 4152 1238 4212 militaris
1251 4153 1390 4232 practicae
1406 4155 1508 4235 dispo
1587 4137 1588 4166 ¹

422 4252 528 4311 sitione
541 4250 822 4330 iaciendosspeetat,
838 4251 983 4311 multaab
999 4253 1182 4314 OEconornia
1195 4253 1332 4327 Politice,
1347 4270 1367 4314 a
1383 4255 1508 4316 l‘olitira

421 4350 569 4428 applicata
590 4357 714 4427 atqnsa
735 4351 850 4411 Tactica
871 4351 992 4412 ltititari
1011 4351 1214 4429 disputantur.
1229 4354 1346 4412 Harum
1370 4369 1507 4433 namque

420 4448 593 4510 facultatum
605 4457 649 4508 est
664 4449 861 4510 determinare
886 4451 981 4510 varias
995 4451 1106 4512 termas
1119 4453 1232 4529 quibus
1252 4457 1443 4514 armatorum
1459 4472 1507 4514 cc·

420 4548 476 4624 pias
489 4553 614 4626 possuut
628 4550 767 4624 organice
786 4549 925 4628 disponi;
941 4551 1052 4629 quibus
1072 4551 1202 4628 denique
1224 4552 1323 4614 modis
1333 4554 1506 4615 artificeset

421 4646 558 4721 agricolae
579 4648 704 4707 minimo
730 4653 861 4726 tempore
880 4649 1007 4710 utilibus
1027 4667 1061 4711 ac
1081 4652 1259 4714 necessariis
1281 4652 1415 4730 opificiis
1434 4653 1504 4714 sub

423 4743 600 4819 trahantur3
628 4747 790 4808 minimum
804 4747 927 4808 libertas
952 4748 1148 4812 individualis
1158 4749 1303 4825 ledetur-5
1333 4753 1501 4814 minimum
