<?xml version="1.0" encoding="UTF-8"?>
<!DOCTYPE html PUBLIC "-//W3C//DTD XHTML 1.0 Transitional//EN"
    "http://www.w3.org/TR/xhtml1/DTD/xhtml1-transitional.dtd">
<html xmlns="http://www.w3.org/1999/xhtml" xml:lang="en" lang="en">
 <head>
  <title>
</title>
<meta http-equiv="Content-Type" content="text/html;charset=utf-8" />
  <meta name='ocr-system' content='tesseract 3.04.00' />
  <meta name='ocr-capabilities' content='ocr_page ocr_carea ocr_par ocr_line ocrx_word'/>
</head>
<body>
  <div class='ocr_page' id='page_1' title='image "./jurisnaturalisu00bensgoog_0525.png"; bbox 0 0 3559 5675; ppageno 0'>
   <div class='ocr_carea' id='block_1_1' title="bbox 546 770 1320 834">
    <p class='ocr_par' dir='ltr' id='par_1_1' title="bbox 546 770 1320 834">
     <span class='ocr_line' id='line_1_1' title="bbox 546 770 1320 834; baseline 0.003 -5"><span class='ocrx_word' id='word_1_1' title='bbox 546 782 653 829; x_wconf 76' lang='lat' dir='ltr'><strong>suurn.</strong></span> <span class='ocrx_word' id='word_1_2' title='bbox 676 802 716 816; x_wconf 91' lang='lat'><em>-</em></span> <span class='ocrx_word' id='word_1_3' title='bbox 737 784 821 830; x_wconf 85' lang='lat' dir='ltr'><strong>ttssn</strong></span> <span class='ocrx_word' id='word_1_4' title='bbox 841 786 1032 834; x_wconf 74' lang='lat' dir='ltr'><strong>oeconomus.</strong></span> <span class='ocrx_word' id='word_1_5' title='bbox 1264 770 1320 831; x_wconf 76' lang='lat' dir='ltr'><strong>dll</strong></span> 
     </span>
    </p>
   </div>
   <div class='ocr_carea' id='block_1_2' title="bbox 237 882 1416 3677">
    <p class='ocr_par' dir='ltr' id='par_1_2' title="bbox 252 882 1416 1647">
     <span class='ocr_line' id='line_1_2' title="bbox 253 882 1323 972; baseline 0.008 -25"><span class='ocrx_word' id='word_1_6' title='bbox 253 882 359 949; x_wconf 84' lang='lat' dir='ltr'><strong>codices</strong></span> <span class='ocrx_word' id='word_1_7' title='bbox 373 888 453 960; x_wconf 87' lang='lat' dir='ltr'><strong>illos,</strong></span> <span class='ocrx_word' id='word_1_8' title='bbox 472 888 509 950; x_wconf 90' lang='lat' dir='ltr'><strong>dc</strong></span> <span class='ocrx_word' id='word_1_9' title='bbox 532 892 643 968; x_wconf 90' lang='lat' dir='ltr'><strong>quibus</strong></span> <span class='ocrx_word' id='word_1_10' title='bbox 657 897 774 970; x_wconf 78' lang='lat' dir='ltr'>agatur,</span> <span class='ocrx_word' id='word_1_11' title='bbox 788 909 891 953; x_wconf 84' lang='lat' dir='ltr'><strong>revera</strong></span> <span class='ocrx_word' id='word_1_12' title='bbox 904 892 998 954; x_wconf 88' lang='lat' dir='ltr'><strong>tuisse</strong></span> <span class='ocrx_word' id='word_1_13' title='bbox 1018 893 1150 972; x_wconf 88' lang='lat' dir='ltr'><strong>primum</strong></span> <span class='ocrx_word' id='word_1_14' title='bbox 1162 896 1222 956; x_wconf 87' lang='lat' dir='ltr'><strong>beo</strong></span> <span class='ocrx_word' id='word_1_15' title='bbox 1236 911 1323 956; x_wconf 85' lang='lat' dir='ltr'><strong>reve-</strong></span> 
     </span>
     <span class='ocr_line' id='line_1_3' title="bbox 253 986 1323 1074; baseline 0.01 -29"><span class='ocrx_word' id='word_1_16' title='bbox 253 986 326 1049; x_wconf 81' lang='lat' dir='ltr'><strong>lante</strong></span> <span class='ocrx_word' id='word_1_17' title='bbox 345 1005 380 1049; x_wconf 87' lang='lat' dir='ltr'><strong>ac</strong></span> <span class='ocrx_word' id='word_1_18' title='bbox 398 990 524 1052; x_wconf 73' lang='lat' dir='ltr'>dictante</span> <span class='ocrx_word' id='word_1_19' title='bbox 539 993 733 1073; x_wconf 86' lang='lat' dir='ltr'><strong>conscriptos,</strong></span> <span class='ocrx_word' id='word_1_20' title='bbox 748 1010 858 1071; x_wconf 82' lang='lat' dir='ltr'><strong>eosque</strong></span> <span class='ocrx_word' id='word_1_21' title='bbox 874 1008 958 1053; x_wconf 87' lang='lat' dir='ltr'><strong>nunc</strong></span> <span class='ocrx_word' id='word_1_22' title='bbox 980 994 1132 1074; x_wconf 91' lang='lat' dir='ltr'><strong>temporis,</strong></span> <span class='ocrx_word' id='word_1_23' title='bbox 1146 994 1252 1072; x_wconf 87' lang='lat' dir='ltr'><strong>quales</strong></span> <span class='ocrx_word' id='word_1_24' title='bbox 1271 995 1323 1056; x_wconf 90' lang='lat' dir='ltr'><strong>ad·</strong></span> 
     </span>
     <span class='ocr_line' id='line_1_4' title="bbox 255 1090 1324 1172; baseline 0.007 -27"><span class='ocrx_word' id='word_1_25' title='bbox 255 1092 332 1161; x_wconf 89' lang='lat' dir='ltr'><strong>sunt,</strong></span> <span class='ocrx_word' id='word_1_26' title='bbox 345 1104 412 1149; x_wconf 90' lang='lat' dir='ltr'><strong>esse</strong></span> <span class='ocrx_word' id='word_1_27' title='bbox 433 1090 539 1168; x_wconf 88' lang='lat' dir='ltr'><strong>primis</strong></span> <span class='ocrx_word' id='word_1_28' title='bbox 555 1092 776 1171; x_wconf 80' lang='lat' dir='ltr'><strong>exemplaribus</strong></span> <span class='ocrx_word' id='word_1_29' title='bbox 793 1091 882 1172; x_wconf 87' lang='lat' dir='ltr'><strong>plane</strong></span> <span class='ocrx_word' id='word_1_30' title='bbox 900 1092 1076 1154; x_wconf 79' lang='lat' dir='ltr'><strong>conformes.</strong></span> <span class='ocrx_word' id='word_1_31' title='bbox 1092 1092 1185 1170; x_wconf 76' lang='lat' dir='ltr'><strong>Atqui</strong></span> <span class='ocrx_word' id='word_1_32' title='bbox 1207 1100 1324 1172; x_wconf 87' lang='lat' dir='ltr'><strong>protos-</strong></span> 
     </span>
     <span class='ocr_line' id='line_1_5' title="bbox 254 1187 1324 1271; baseline 0.007 -25"><span class='ocrx_word' id='word_1_33' title='bbox 254 1187 381 1248; x_wconf 82' lang='lat' dir='ltr'><strong>tantibus</strong></span> <span class='ocrx_word' id='word_1_34' title='bbox 394 1188 480 1249; x_wconf 88' lang='lat' dir='ltr'><strong>nulle</strong></span> <span class='ocrx_word' id='word_1_35' title='bbox 494 1190 569 1251; x_wconf 90' lang='lat' dir='ltr'><strong>ratio</strong></span> <span class='ocrx_word' id='word_1_36' title='bbox 582 1196 662 1251; x_wconf 82' lang='lat' dir='ltr'><strong>certe</strong></span> <span class='ocrx_word' id='word_1_37' title='bbox 675 1192 714 1253; x_wconf 89' lang='lat' dir='ltr'><strong>ad</strong></span> <span class='ocrx_word' id='word_1_38' title='bbox 727 1192 792 1255; x_wconf 78' lang='lat' dir='ltr'><strong>hae</strong></span> <span class='ocrx_word' id='word_1_39' title='bbox 802 1192 863 1253; x_wconf 90' lang='lat' dir='ltr'><strong>duo</strong></span> <span class='ocrx_word' id='word_1_40' title='bbox 874 1192 1084 1271; x_wconf 87' lang='lat' dir='ltr'><strong>comperienda</strong></span> <span class='ocrx_word' id='word_1_41' title='bbox 1098 1198 1127 1254; x_wconf 86' lang='lat' dir='ltr'><strong>ot</strong></span> <span class='ocrx_word' id='word_1_42' title='bbox 1143 1190 1324 1271; x_wconf 86' lang='lat' dir='ltr'><strong>exploranda</strong></span> 
     </span>
     <span class='ocr_line' id='line_1_6' title="bbox 254 1290 1322 1372; baseline 0.005 -26"><span class='ocrx_word' id='word_1_43' title='bbox 254 1291 343 1365; x_wconf 86' lang='lat' dir='ltr'><strong>potest</strong></span> <span class='ocrx_word' id='word_1_44' title='bbox 363 1300 530 1367; x_wconf 77' lang='lat' dir='ltr'><strong>suppetere.</strong></span> <span class='ocrx_word' id='word_1_45' title='bbox 556 1293 687 1366; x_wconf 78' lang='lat' dir='ltr'><strong>Etenim,</strong></span> <span class='ocrx_word' id='word_1_46' title='bbox 707 1293 794 1370; x_wconf 85' lang='lat' dir='ltr'><strong>siqua</strong></span> <span class='ocrx_word' id='word_1_47' title='bbox 814 1292 1026 1372; x_wconf 77' lang='lat' dir='ltr'><strong>suppeditaret,</strong></span> <span class='ocrx_word' id='word_1_48' title='bbox 1041 1297 1118 1353; x_wconf 89' lang='lat' dir='ltr'><strong>esset</strong></span> <span class='ocrx_word' id='word_1_49' title='bbox 1140 1291 1187 1352; x_wconf 83' lang='lat' dir='ltr'><strong>tel</strong></span> <span class='ocrx_word' id='word_1_50' title='bbox 1205 1290 1322 1352; x_wconf 74' lang='lat' dir='ltr'><strong>interme</strong></span> 
     </span>
     <span class='ocr_line' id='line_1_7' title="bbox 253 1385 1416 1470; baseline 0.003 -27"><span class='ocrx_word' id='word_1_51' title='bbox 253 1385 297 1445; x_wconf 81' lang='lat' dir='ltr'><strong>tel</strong></span> <span class='ocrx_word' id='word_1_52' title='bbox 309 1392 443 1447; x_wconf 75' lang='lat' dir='ltr'><strong>catema-</strong></span> <span class='ocrx_word' id='word_1_53' title='bbox 464 1390 607 1450; x_wconf 81' lang='lat' dir='ltr'><strong>Neutrius</strong></span> <span class='ocrx_word' id='word_1_54' title='bbox 628 1398 729 1451; x_wconf 87' lang='lat' dir='ltr'><strong>autem</strong></span> <span class='ocrx_word' id='word_1_55' title='bbox 743 1391 861 1468; x_wconf 80' lang='lat' dir='ltr'><strong>generis</strong></span> <span class='ocrx_word' id='word_1_56' title='bbox 873 1392 1019 1453; x_wconf 86' lang='lat' dir='ltr'><strong>rationem</strong></span> <span class='ocrx_word' id='word_1_57' title='bbox 1035 1391 1130 1452; x_wconf 88' lang='lat' dir='ltr'><strong>ullam</strong></span> <span class='ocrx_word' id='word_1_58' title='bbox 1152 1406 1241 1470; x_wconf 90' lang='lat' dir='ltr'><strong>posse</strong></span> <span class='ocrx_word' id='word_1_59' title='bbox 1255 1389 1324 1451; x_wconf 93' lang='lat' dir='ltr'><strong>illos</strong></span> <span class='ocrx_word' id='word_1_60' title='bbox 1406 1426 1416 1447; x_wconf 86' lang='lat'><strong>.</strong></span> 
     </span>
     <span class='ocr_line' id='line_1_8' title="bbox 252 1485 1324 1571; baseline 0.006 -26"><span class='ocrx_word' id='word_1_61' title='bbox 252 1485 283 1545; x_wconf 93' lang='lat' dir='ltr'><strong>in</strong></span> <span class='ocrx_word' id='word_1_62' title='bbox 296 1504 365 1547; x_wconf 88' lang='lat' dir='ltr'><strong>eum</strong></span> <span class='ocrx_word' id='word_1_63' title='bbox 389 1488 479 1549; x_wconf 88' lang='lat' dir='ltr'><strong>tinem</strong></span> <span class='ocrx_word' id='word_1_64' title='bbox 497 1490 633 1552; x_wconf 77' lang='lat' dir='ltr'><strong>invenire</strong></span> <span class='ocrx_word' id='word_1_65' title='bbox 658 1492 692 1552; x_wconf 90' lang='lat' dir='ltr'><strong>lit</strong></span> <span class='ocrx_word' id='word_1_66' title='bbox 712 1493 840 1571; x_wconf 82' lang='lat' dir='ltr'><strong>simplici</strong></span> <span class='ocrx_word' id='word_1_67' title='bbox 864 1494 1091 1555; x_wconf 78' lang='lat' dir='ltr'><strong>enumeratione</strong></span> <span class='ocrx_word' id='word_1_68' title='bbox 1113 1491 1324 1553; x_wconf 84' lang='lat' dir='ltr'><strong>manifestissi-</strong></span> 
     </span>
     <span class='ocr_line' id='line_1_9' title="bbox 253 1602 345 1647; baseline 0.022 -2"><span class='ocrx_word' id='word_1_69' title='bbox 253 1602 345 1647; x_wconf 91' lang='lat' dir='ltr'><strong>mum.</strong></span> 
     </span>
    </p>

    <p class='ocr_par' dir='ltr' id='par_1_3' title="bbox 237 1689 1329 3677">
     <span class='ocr_line' id='line_1_10' title="bbox 288 1689 1324 1773; baseline 0.005 -26"><span class='ocrx_word' id='word_1_70' title='bbox 288 1689 374 1760; x_wconf 86' lang='lat' dir='ltr'><strong>Nam,</strong></span> <span class='ocrx_word' id='word_1_71' title='bbox 386 1692 465 1768; x_wconf 88' lang='lat' dir='ltr'><strong>quod</strong></span> <span class='ocrx_word' id='word_1_72' title='bbox 481 1692 517 1754; x_wconf 86' lang='lat' dir='ltr'><strong>ad</strong></span> <span class='ocrx_word' id='word_1_73' title='bbox 532 1695 665 1773; x_wconf 70' lang='lat' dir='ltr'><strong>pomum</strong></span> <span class='ocrx_word' id='word_1_74' title='bbox 678 1710 774 1771; x_wconf 77' lang='lat' dir='ltr'><strong>genus</strong></span> <span class='ocrx_word' id='word_1_75' title='bbox 784 1697 900 1772; x_wconf 87' lang='lat' dir='ltr'><strong>attinet,</strong></span> <span class='ocrx_word' id='word_1_76' title='bbox 911 1698 1029 1759; x_wconf 82' lang='lat' dir='ltr'><strong>interna</strong></span> <span class='ocrx_word' id='word_1_77' title='bbox 1040 1696 1115 1757; x_wconf 88' lang='lat' dir='ltr'><strong>ratio</strong></span> <span class='ocrx_word' id='word_1_78' title='bbox 1131 1698 1209 1759; x_wconf 88' lang='lat' dir='ltr'><strong>esset</strong></span> <span class='ocrx_word' id='word_1_79' title='bbox 1223 1707 1324 1753; x_wconf 88' lang='lat' dir='ltr'><strong>rerum</strong></span> 
     </span>
     <span class='ocr_line' id='line_1_11' title="bbox 250 1788 1326 1876; baseline 0.007 -30"><span class='ocrx_word' id='word_1_80' title='bbox 250 1788 286 1847; x_wconf 90' lang='lat' dir='ltr'><strong>iis</strong></span> <span class='ocrx_word' id='word_1_81' title='bbox 309 1788 394 1850; x_wconf 89' lang='lat' dir='ltr'><strong>libris</strong></span> <span class='ocrx_word' id='word_1_82' title='bbox 413 1799 620 1855; x_wconf 88' lang='lat' dir='ltr'><strong>contentarum</strong></span> <span class='ocrx_word' id='word_1_83' title='bbox 646 1797 832 1874; x_wconf 75' lang='lat' dir='ltr'><strong>excelientia,</strong></span> <span class='ocrx_word' id='word_1_84' title='bbox 859 1798 999 1876; x_wconf 80' lang='lat' dir='ltr'><strong>dignitas,</strong></span> <span class='ocrx_word' id='word_1_85' title='bbox 1021 1798 1173 1858; x_wconf 88' lang='lat' dir='ltr'><strong>sanctitas.</strong></span> <span class='ocrx_word' id='word_1_86' title='bbox 1188 1794 1326 1873; x_wconf 76' lang='lat' dir='ltr'><strong>Atquin·</strong></span> 
     </span>
     <span class='ocr_line' id='line_1_12' title="bbox 250 1888 1325 1976; baseline 0.005 -29"><span class='ocrx_word' id='word_1_87' title='bbox 250 1888 344 1950; x_wconf 94' lang='lat' dir='ltr'><strong>multo</strong></span> <span class='ocrx_word' id='word_1_88' title='bbox 355 1892 487 1953; x_wconf 87' lang='lat' dir='ltr'><strong>maxima</strong></span> <span class='ocrx_word' id='word_1_89' title='bbox 495 1894 718 1974; x_wconf 76' lang='lat' dir='ltr'><strong>Scripturarum</strong></span> <span class='ocrx_word' id='word_1_90' title='bbox 731 1914 801 1976; x_wconf 89' lang='lat' dir='ltr'><strong>pars</strong></span> <span class='ocrx_word' id='word_1_91' title='bbox 813 1897 931 1959; x_wconf 91' lang='lat' dir='ltr'><strong>nullam</strong></span> <span class='ocrx_word' id='word_1_92' title='bbox 945 1897 1036 1959; x_wconf 85' lang='lat' dir='ltr'><strong>habet</strong></span> <span class='ocrx_word' id='word_1_93' title='bbox 1047 1902 1159 1957; x_wconf 88' lang='lat' dir='ltr'><strong>tantam</strong></span> <span class='ocrx_word' id='word_1_94' title='bbox 1173 1893 1325 1955; x_wconf 84' lang='lat' dir='ltr'><strong>excellen-</strong></span> 
     </span>
     <span class='ocr_line' id='line_1_13' title="bbox 249 1989 1324 2077; baseline 0.008 -31"><span class='ocrx_word' id='word_1_95' title='bbox 249 1989 321 2048; x_wconf 90' lang='lat' dir='ltr'><strong>tiam</strong></span> <span class='ocrx_word' id='word_1_96' title='bbox 329 1994 359 2050; x_wconf 86' lang='lat' dir='ltr'><strong>et</strong></span> <span class='ocrx_word' id='word_1_97' title='bbox 369 1993 565 2067; x_wconf 87' lang='lat' dir='ltr'><strong>sanctitatem,</strong></span> <span class='ocrx_word' id='word_1_98' title='bbox 578 2001 612 2055; x_wconf 92' lang='lat' dir='ltr'><strong>ut</strong></span> <span class='ocrx_word' id='word_1_99' title='bbox 625 2012 686 2057; x_wconf 90' lang='lat' dir='ltr'><strong>non</strong></span> <span class='ocrx_word' id='word_1_100' title='bbox 698 1996 850 2077; x_wconf 87' lang='lat' dir='ltr'><strong>potuerint</strong></span> <span class='ocrx_word' id='word_1_101' title='bbox 862 1999 901 2060; x_wconf 90' lang='lat' dir='ltr'><strong>ab</strong></span> <span class='ocrx_word' id='word_1_102' title='bbox 915 1998 1037 2059; x_wconf 90' lang='lat' dir='ltr'><strong>bomine</strong></span> <span class='ocrx_word' id='word_1_103' title='bbox 1050 1996 1134 2057; x_wconf 90' lang='lat' dir='ltr'><strong>docto</strong></span> <span class='ocrx_word' id='word_1_104' title='bbox 1148 2002 1178 2056; x_wconf 91' lang='lat' dir='ltr'><strong>et</strong></span> <span class='ocrx_word' id='word_1_105' title='bbox 1189 1995 1239 2075; x_wconf 94' lang='lat' dir='ltr'><strong>pio</strong></span> <span class='ocrx_word' id='word_1_106' title='bbox 1252 1992 1324 2055; x_wconf 88' lang='lat' dir='ltr'><strong>solis</strong></span> 
     </span>
     <span class='ocr_line' id='line_1_14' title="bbox 247 2088 1324 2176; baseline 0.008 -30"><span class='ocrx_word' id='word_1_107' title='bbox 247 2088 558 2156; x_wconf 79' lang='lat' dir='ltr'><strong>uiribusnaturalibus</strong></span> <span class='ocrx_word' id='word_1_108' title='bbox 568 2098 727 2175; x_wconf 81' lang='lat' dir='ltr'><strong>excogitari</strong></span> <span class='ocrx_word' id='word_1_109' title='bbox 739 2104 768 2158; x_wconf 92' lang='lat' dir='ltr'><strong>et</strong></span> <span class='ocrx_word' id='word_1_110' title='bbox 778 2098 943 2176; x_wconf 82' lang='lat' dir='ltr'><strong>conseribi3</strong></span> <span class='ocrx_word' id='word_1_111' title='bbox 960 2098 1129 2176; x_wconf 89' lang='lat' dir='ltr'><strong>cujusmodi</strong></span> <span class='ocrx_word' id='word_1_112' title='bbox 1144 2102 1216 2157; x_wconf 89' lang='lat' dir='ltr'><strong>sunt</strong></span> <span class='ocrx_word' id='word_1_113' title='bbox 1229 2110 1324 2172; x_wconf 81' lang='lat' dir='ltr'><strong>gene·</strong></span> 
     </span>
     <span class='ocr_line' id='line_1_15' title="bbox 246 2188 1324 2279; baseline 0.006 -31"><span class='ocrx_word' id='word_1_114' title='bbox 246 2188 360 2266; x_wconf 75' lang='lat' dir='ltr'><strong>alogiae,</strong></span> <span class='ocrx_word' id='word_1_115' title='bbox 372 2194 556 2256; x_wconf 85' lang='lat' dir='ltr'><strong>narrationes</strong></span> <span class='ocrx_word' id='word_1_116' title='bbox 569 2213 649 2259; x_wconf 88' lang='lat' dir='ltr'><strong>mere</strong></span> <span class='ocrx_word' id='word_1_117' title='bbox 659 2198 822 2273; x_wconf 83' lang='lat' dir='ltr'><strong>historicae,</strong></span> <span class='ocrx_word' id='word_1_118' title='bbox 834 2205 979 2279; x_wconf 73' lang='lat' dir='ltr'><strong>precepta</strong></span> <span class='ocrx_word' id='word_1_119' title='bbox 994 2199 1128 2261; x_wconf 90' lang='lat' dir='ltr'><strong>moralia.</strong></span> <span class='ocrx_word' id='word_1_120' title='bbox 1146 2200 1234 2273; x_wconf 79' lang='lat' dir='ltr'><strong>Ergo,</strong></span> <span class='ocrx_word' id='word_1_121' title='bbox 1249 2197 1274 2255; x_wconf 89' lang='lat' dir='ltr'><strong>si</strong></span> <span class='ocrx_word' id='word_1_122' title='bbox 1289 2210 1324 2255; x_wconf 89' lang='lat' dir='ltr'><strong>eo</strong></span> 
     </span>
     <span class='ocr_line' id='line_1_16' title="bbox 248 2288 1325 2367; baseline 0.006 -18"><span class='ocrx_word' id='word_1_123' title='bbox 248 2288 366 2351; x_wconf 86' lang='lat' dir='ltr'><strong>criterio</strong></span> <span class='ocrx_word' id='word_1_124' title='bbox 383 2294 529 2356; x_wconf 88' lang='lat' dir='ltr'><strong>utendum</strong></span> <span class='ocrx_word' id='word_1_125' title='bbox 549 2302 627 2359; x_wconf 92' lang='lat' dir='ltr'><strong>esset</strong></span> <span class='ocrx_word' id='word_1_126' title='bbox 645 2298 683 2359; x_wconf 89' lang='lat' dir='ltr'><strong>ad</strong></span> <span class='ocrx_word' id='word_1_127' title='bbox 703 2298 840 2359; x_wconf 81' lang='lat' dir='ltr'><strong>divinum</strong></span> <span class='ocrx_word' id='word_1_128' title='bbox 854 2298 981 2359; x_wconf 84' lang='lat' dir='ltr'><strong>verbum</strong></span> <span class='ocrx_word' id='word_1_129' title='bbox 996 2296 1248 2367; x_wconf 88' lang='lat' dir='ltr'><strong>discernendum,</strong></span> <span class='ocrx_word' id='word_1_130' title='bbox 1269 2294 1325 2355; x_wconf 91' lang='lat' dir='ltr'><strong>de·</strong></span> 
     </span>
     <span class='ocr_line' id='line_1_17' title="bbox 248 2390 1328 2477; baseline 0.002 -28"><span class='ocrx_word' id='word_1_131' title='bbox 248 2390 358 2452; x_wconf 86' lang='lat' dir='ltr'><strong>lectum</strong></span> <span class='ocrx_word' id='word_1_132' title='bbox 372 2395 535 2471; x_wconf 88' lang='lat' dir='ltr'><strong>quomdam</strong></span> <span class='ocrx_word' id='word_1_133' title='bbox 549 2398 645 2459; x_wconf 87' lang='lat' dir='ltr'><strong>tacere</strong></span> <span class='ocrx_word' id='word_1_134' title='bbox 658 2399 789 2476; x_wconf 87' lang='lat' dir='ltr'><strong>quisque</strong></span> <span class='ocrx_word' id='word_1_135' title='bbox 810 2399 843 2457; x_wconf 92' lang='lat' dir='ltr'><strong>in</strong></span> <span class='ocrx_word' id='word_1_136' title='bbox 861 2397 1022 2477; x_wconf 83' lang='lat' dir='ltr'><strong>scripturis</strong></span> <span class='ocrx_word' id='word_1_137' title='bbox 1043 2395 1253 2469; x_wconf 65' lang='lat' dir='ltr'><strong>deberetque</strong></span> <span class='ocrx_word' id='word_1_138' title='bbox 1272 2390 1328 2451; x_wconf 91' lang='lat' dir='ltr'><strong>de·</strong></span> 
     </span>
     <span class='ocr_line' id='line_1_18' title="bbox 246 2492 1325 2578; baseline 0.001 -28"><span class='ocrx_word' id='word_1_139' title='bbox 246 2492 325 2552; x_wconf 89' lang='lat' dir='ltr'><strong>lectu</strong></span> <span class='ocrx_word' id='word_1_140' title='bbox 346 2494 505 2572; x_wconf 88' lang='lat' dir='ltr'><strong>nonnulla,</strong></span> <span class='ocrx_word' id='word_1_141' title='bbox 523 2514 591 2577; x_wconf 80' lang='lat' dir='ltr'><strong>quae</strong></span> <span class='ocrx_word' id='word_1_142' title='bbox 606 2497 738 2559; x_wconf 82' lang='lat' dir='ltr'><strong>divinam</strong></span> <span class='ocrx_word' id='word_1_143' title='bbox 751 2514 854 2578; x_wconf 89' lang='lat' dir='ltr'><strong>sapere</strong></span> <span class='ocrx_word' id='word_1_144' title='bbox 871 2497 1077 2560; x_wconf 84' lang='lat' dir='ltr'><strong>excellentiam</strong></span> <span class='ocrx_word' id='word_1_145' title='bbox 1095 2500 1124 2557; x_wconf 89' lang='lat' dir='ltr'><strong>et</strong></span> <span class='ocrx_word' id='word_1_146' title='bbox 1137 2494 1325 2555; x_wconf 76' lang='lat' dir='ltr'><strong>sanctitatem</strong></span> 
     </span>
     <span class='ocr_line' id='line_1_19' title="bbox 244 2591 1327 2676; baseline 0.008 -25"><span class='ocrx_word' id='word_1_147' title='bbox 244 2591 430 2670; x_wconf 79' lang='lat' dir='ltr'><strong>viderentur,</strong></span> <span class='ocrx_word' id='word_1_148' title='bbox 442 2597 524 2658; x_wconf 83' lang='lat' dir='ltr'><strong>verbi</strong></span> <span class='ocrx_word' id='word_1_149' title='bbox 544 2598 637 2659; x_wconf 82' lang='lat' dir='ltr'><strong>divini</strong></span> <span class='ocrx_word' id='word_1_150' title='bbox 652 2598 717 2661; x_wconf 94' lang='lat' dir='ltr'><strong>looo</strong></span> <span class='ocrx_word' id='word_1_151' title='bbox 738 2599 872 2671; x_wconf 85' lang='lat' dir='ltr'><strong>heberet,</strong></span> <span class='ocrx_word' id='word_1_152' title='bbox 889 2606 994 2661; x_wconf 79' lang='lat' dir='ltr'><strong>caetera</strong></span> <span class='ocrx_word' id='word_1_153' title='bbox 1013 2606 1167 2676; x_wconf 86' lang='lat' dir='ltr'><strong>tamquam</strong></span> <span class='ocrx_word' id='word_1_154' title='bbox 1190 2596 1327 2660; x_wconf 83' lang='lat' dir='ltr'><strong>bumana</strong></span> 
     </span>
     <span class='ocr_line' id='line_1_20' title="bbox 244 2696 1329 2782; baseline 0.004 -27"><span class='ocrx_word' id='word_1_155' title='bbox 244 2696 337 2757; x_wconf 85' lang='lat' dir='ltr'><strong>verba</strong></span> <span class='ocrx_word' id='word_1_156' title='bbox 360 2698 505 2775; x_wconf 87' lang='lat' dir='ltr'><strong>rejiceret.</strong></span> <span class='ocrx_word' id='word_1_157' title='bbox 529 2701 620 2778; x_wconf 76' lang='lat' dir='ltr'><strong>Atpui</strong></span> <span class='ocrx_word' id='word_1_158' title='bbox 640 2702 730 2762; x_wconf 90' lang='lat' dir='ltr'><strong>etiam</strong></span> <span class='ocrx_word' id='word_1_159' title='bbox 745 2701 826 2782; x_wconf 90' lang='lat' dir='ltr'><strong>apud</strong></span> <span class='ocrx_word' id='word_1_160' title='bbox 839 2700 954 2775; x_wconf 86' lang='lat' dir='ltr'><strong>doctos,</strong></span> <span class='ocrx_word' id='word_1_161' title='bbox 968 2698 1129 2779; x_wconf 86' lang='lat' dir='ltr'><strong>prudentes</strong></span> <span class='ocrx_word' id='word_1_162' title='bbox 1146 2705 1176 2759; x_wconf 91' lang='lat' dir='ltr'><strong>et</strong></span> <span class='ocrx_word' id='word_1_163' title='bbox 1189 2698 1254 2778; x_wconf 88' lang='lat' dir='ltr'><strong>pios</strong></span> <span class='ocrx_word' id='word_1_164' title='bbox 1268 2698 1329 2759; x_wconf 89' lang='lat' dir='ltr'><strong>ho-</strong></span> 
     </span>
     <span class='ocr_line' id='line_1_21' title="bbox 244 2796 1326 2881; baseline 0.006 -26"><span class='ocrx_word' id='word_1_165' title='bbox 244 2796 345 2857; x_wconf 90' lang='lat' dir='ltr'><strong>mines</strong></span> <span class='ocrx_word' id='word_1_166' title='bbox 361 2796 494 2859; x_wconf 82' lang='lat' dir='ltr'><strong>maxima</strong></span> <span class='ocrx_word' id='word_1_167' title='bbox 506 2814 625 2879; x_wconf 91' lang='lat' dir='ltr'><strong>semper</strong></span> <span class='ocrx_word' id='word_1_168' title='bbox 645 2807 689 2862; x_wconf 91' lang='lat' dir='ltr'><strong>est</strong></span> <span class='ocrx_word' id='word_1_169' title='bbox 702 2800 888 2881; x_wconf 86' lang='lat' dir='ltr'><strong>judiciorum</strong></span> <span class='ocrx_word' id='word_1_170' title='bbox 904 2798 1058 2860; x_wconf 89' lang='lat' dir='ltr'><strong>diversitas</strong></span> <span class='ocrx_word' id='word_1_171' title='bbox 1072 2804 1101 2858; x_wconf 89' lang='lat' dir='ltr'><strong>et</strong></span> <span class='ocrx_word' id='word_1_172' title='bbox 1114 2796 1326 2877; x_wconf 82' lang='lat' dir='ltr'><strong>discrepantia,</strong></span> 
     </span>
     <span class='ocr_line' id='line_1_22' title="bbox 242 2896 1328 2978; baseline 0.005 -23"><span class='ocrx_word' id='word_1_173' title='bbox 242 2896 297 2956; x_wconf 91' lang='lat' dir='ltr'><strong>ubi</strong></span> <span class='ocrx_word' id='word_1_174' title='bbox 310 2896 351 2957; x_wconf 90' lang='lat' dir='ltr'><strong>de</strong></span> <span class='ocrx_word' id='word_1_175' title='bbox 364 2915 467 2960; x_wconf 90' lang='lat' dir='ltr'><strong>rerum</strong></span> <span class='ocrx_word' id='word_1_176' title='bbox 480 2915 715 2978; x_wconf 81' lang='lat' dir='ltr'><strong>sermonumque</strong></span> <span class='ocrx_word' id='word_1_177' title='bbox 730 2900 904 2962; x_wconf 83' lang='lat' dir='ltr'><strong>excellentie</strong></span> <span class='ocrx_word' id='word_1_178' title='bbox 920 2906 948 2961; x_wconf 90' lang='lat' dir='ltr'><strong>et</strong></span> <span class='ocrx_word' id='word_1_179' title='bbox 963 2899 1120 2961; x_wconf 87' lang='lat' dir='ltr'><strong>sanctitate</strong></span> <span class='ocrx_word' id='word_1_180' title='bbox 1134 2899 1173 2959; x_wconf 91' lang='lat' dir='ltr'><strong>sit</strong></span> <span class='ocrx_word' id='word_1_181' title='bbox 1182 2898 1328 2977; x_wconf 77' lang='lat' dir='ltr'><strong>judican-</strong></span> 
     </span>
     <span class='ocr_line' id='line_1_23' title="bbox 241 2995 1328 3079; baseline 0.003 -24"><span class='ocrx_word' id='word_1_182' title='bbox 241 2995 331 3056; x_wconf 89' lang='lat' dir='ltr'><strong>dum.</strong></span> <span class='ocrx_word' id='word_1_183' title='bbox 346 2996 405 3072; x_wconf 87' lang='lat' dir='ltr'><strong>Sic,</strong></span> <span class='ocrx_word' id='word_1_184' title='bbox 416 3015 443 3058; x_wconf 89' lang='lat' dir='ltr'><strong>o.</strong></span> <span class='ocrx_word' id='word_1_185' title='bbox 453 3017 501 3078; x_wconf 68' lang='grc'><strong>9.,</strong></span> <span class='ocrx_word' id='word_1_186' title='bbox 512 3001 704 3060; x_wconf 71' lang='lat' dir='ltr'><strong>clarititatem</strong></span> <span class='ocrx_word' id='word_1_187' title='bbox 713 3015 882 3079; x_wconf 80' lang='lat' dir='ltr'><strong>poenarum,</strong></span> <span class='ocrx_word' id='word_1_188' title='bbox 897 3017 990 3078; x_wconf 89' lang='lat' dir='ltr'><strong>quam</strong></span> <span class='ocrx_word' id='word_1_189' title='bbox 1002 3015 1057 3058; x_wconf 87' lang='lat' dir='ltr'><strong>nos</strong></span> <span class='ocrx_word' id='word_1_190' title='bbox 1067 2997 1170 3058; x_wconf 85' lang='lat' dir='ltr'><strong>divina</strong></span> <span class='ocrx_word' id='word_1_191' title='bbox 1180 2998 1328 3076; x_wconf 89' lang='lat' dir='ltr'><strong>sapientia</strong></span> 
     </span>
     <span class='ocr_line' id='line_1_24' title="bbox 237 3095 1328 3176; baseline 0 -20"><span class='ocrx_word' id='word_1_192' title='bbox 237 3097 420 3175; x_wconf 84' lang='lat' dir='ltr'><strong>justitiaque</strong></span> <span class='ocrx_word' id='word_1_193' title='bbox 443 3097 565 3176; x_wconf 81' lang='lat' dir='ltr'><strong>dignam</strong></span> <span class='ocrx_word' id='word_1_194' title='bbox 587 3099 779 3170; x_wconf 88' lang='lat' dir='ltr'><strong>arbitramur,</strong></span> <span class='ocrx_word' id='word_1_195' title='bbox 807 3098 986 3160; x_wconf 74' lang='lat' dir='ltr'><strong>lldmundus</strong></span> <span class='ocrx_word' id='word_1_196' title='bbox 1009 3095 1145 3172; x_wconf 84' lang='lat' dir='ltr'><strong>Scherer,</strong></span> <span class='ocrx_word' id='word_1_197' title='bbox 1169 3096 1328 3172; x_wconf 78' lang='lat' dir='ltr'><strong>theologus</strong></span> 
     </span>
     <span class='ocr_line' id='line_1_25' title="bbox 240 3197 1328 3277; baseline 0 -20"><span class='ocrx_word' id='word_1_198' title='bbox 240 3203 425 3274; x_wconf 82' lang='lat' dir='ltr'><strong>protestans,</strong></span> <span class='ocrx_word' id='word_1_199' title='bbox 436 3198 588 3260; x_wconf 87' lang='lat' dir='ltr'><strong>crudelem</strong></span> <span class='ocrx_word' id='word_1_200' title='bbox 603 3200 808 3277; x_wconf 85' lang='lat' dir='ltr'><strong>injustamque</strong></span> <span class='ocrx_word' id='word_1_201' title='bbox 819 3203 932 3275; x_wconf 89' lang='lat' dir='ltr'><strong>censet,</strong></span> <span class='ocrx_word' id='word_1_202' title='bbox 942 3204 971 3258; x_wconf 90' lang='lat' dir='ltr'><strong>et</strong></span> <span class='ocrx_word' id='word_1_203' title='bbox 983 3197 1136 3258; x_wconf 86' lang='lat' dir='ltr'><strong>Christum</strong></span> <span class='ocrx_word' id='word_1_204' title='bbox 1148 3197 1328 3273; x_wconf 90' lang='lat' dir='ltr'><strong>Dominum,</strong></span> 
     </span>
     <span class='ocr_line' id='line_1_26' title="bbox 239 3296 1325 3377; baseline 0.002 -21"><span class='ocrx_word' id='word_1_205' title='bbox 239 3298 296 3374; x_wconf 85' lang='lat' dir='ltr'><strong>qui</strong></span> <span class='ocrx_word' id='word_1_206' title='bbox 323 3305 426 3376; x_wconf 88' lang='lat' dir='ltr'><strong>aperte</strong></span> <span class='ocrx_word' id='word_1_207' title='bbox 443 3299 528 3360; x_wconf 84' lang='lat' dir='ltr'><strong>ittam</strong></span> <span class='ocrx_word' id='word_1_208' title='bbox 548 3299 660 3377; x_wconf 90' lang='lat' dir='ltr'><strong>docuit,</strong></span> <span class='ocrx_word' id='word_1_209' title='bbox 683 3299 766 3376; x_wconf 80' lang='lat' dir='ltr'><strong>gravi</strong></span> <span class='ocrx_word' id='word_1_210' title='bbox 786 3315 886 3360; x_wconf 85' lang='lat' dir='ltr'><strong>errore</strong></span> <span class='ocrx_word' id='word_1_211' title='bbox 913 3298 1068 3377; x_wconf 88' lang='lat' dir='ltr'><strong>deceptum</strong></span> <span class='ocrx_word' id='word_1_212' title='bbox 1092 3296 1185 3358; x_wconf 87' lang='lat' dir='ltr'><strong>luisse</strong></span> <span class='ocrx_word' id='word_1_213' title='bbox 1209 3298 1325 3358; x_wconf 87' lang='lat' dir='ltr'><strong>statuit.</strong></span> 
     </span>
     <span class='ocr_line' id='line_1_27' title="bbox 241 3396 1326 3477; baseline 0 -19"><span class='ocrx_word' id='word_1_214' title='bbox 241 3399 335 3474; x_wconf 78' lang='lat' dir='ltr'><strong>Ergo,</strong></span> <span class='ocrx_word' id='word_1_215' title='bbox 356 3399 383 3458; x_wconf 92' lang='lat' dir='ltr'><strong>si</strong></span> <span class='ocrx_word' id='word_1_216' title='bbox 407 3414 443 3458; x_wconf 90' lang='lat' dir='ltr'><strong>ea</strong></span> <span class='ocrx_word' id='word_1_217' title='bbox 457 3399 523 3475; x_wconf 80' lang='lat' dir='ltr'><strong>lege</strong></span> <span class='ocrx_word' id='word_1_218' title='bbox 545 3399 606 3459; x_wconf 90' lang='lat' dir='ltr'><strong>sint</strong></span> <span class='ocrx_word' id='word_1_219' title='bbox 622 3399 780 3477; x_wconf 82' lang='lat' dir='ltr'><strong>Scriptura</strong></span> <span class='ocrx_word' id='word_1_220' title='bbox 799 3397 1013 3474; x_wconf 81' lang='lat' dir='ltr'><strong>dijudicandae,</strong></span> <span class='ocrx_word' id='word_1_221' title='bbox 1027 3396 1113 3457; x_wconf 91' lang='lat' dir='ltr'><strong>nulla</strong></span> <span class='ocrx_word' id='word_1_222' title='bbox 1128 3413 1234 3457; x_wconf 89' lang='lat' dir='ltr'><strong>earum</strong></span> <span class='ocrx_word' id='word_1_223' title='bbox 1258 3415 1326 3477; x_wconf 89' lang='lat' dir='ltr'><strong>pars</strong></span> 
     </span>
     <span class='ocr_line' id='line_1_28' title="bbox 239 3493 1327 3575; baseline 0.001 -17"><span class='ocrx_word' id='word_1_224' title='bbox 239 3505 287 3558; x_wconf 82' lang='lat' dir='ltr'><strong>ost</strong></span> <span class='ocrx_word' id='word_1_225' title='bbox 308 3513 378 3575; x_wconf 74' lang='lat' dir='ltr'><strong>qnae</strong></span> <span class='ocrx_word' id='word_1_226' title='bbox 398 3506 508 3558; x_wconf 80' lang='lat' dir='ltr'><strong>certam</strong></span> <span class='ocrx_word' id='word_1_227' title='bbox 529 3498 623 3558; x_wconf 84' lang='lat' dir='ltr'><strong>tlltini</strong></span> <span class='ocrx_word' id='word_1_228' title='bbox 648 3498 731 3559; x_wconf 81' lang='lat' dir='ltr'><strong>serbi</strong></span> <span class='ocrx_word' id='word_1_229' title='bbox 758 3499 964 3560; x_wconf 90' lang='lat' dir='ltr'><strong>auctoritatem</strong></span> <span class='ocrx_word' id='word_1_230' title='bbox 990 3493 1106 3557; x_wconf 86' lang='lat' dir='ltr'><strong>lrabeat.</strong></span> <span class='ocrx_word' id='word_1_231' title='bbox 1133 3497 1271 3574; x_wconf 83' lang='lat' dir='ltr'><strong>Etenim,</strong></span> <span class='ocrx_word' id='word_1_232' title='bbox 1291 3505 1327 3559; x_wconf 91' lang='lat' dir='ltr'><strong>ut</strong></span> 
     </span>
     <span class='ocr_line' id='line_1_29' title="bbox 238 3596 1327 3677; baseline 0.002 -19"><span class='ocrx_word' id='word_1_233' title='bbox 238 3600 357 3676; x_wconf 89' lang='lat' dir='ltr'><strong>optime</strong></span> <span class='ocrx_word' id='word_1_234' title='bbox 378 3599 579 3676; x_wconf 84' lang='lat' dir='ltr'><strong>lalagoerius,</strong></span> <span class='ocrx_word' id='word_1_235' title='bbox 605 3599 707 3660; x_wconf 90' lang='lat' dir='ltr'><strong>doctor</strong></span> <span class='ocrx_word' id='word_1_236' title='bbox 735 3605 911 3677; x_wconf 88' lang='lat' dir='ltr'><strong>protestans,</strong></span> <span class='ocrx_word' id='word_1_237' title='bbox 940 3596 1150 3660; x_wconf 85' lang='lat' dir='ltr'><strong>animadvertit</strong></span> <span class='ocrx_word' id='word_1_238' title='bbox 1169 3597 1226 3676; x_wconf 73' lang='grc' dir='ltr'><strong>’,(α),</strong></span> <span class='ocrx_word' id='word_1_239' title='bbox 1258 3599 1327 3660; x_wconf 80' lang='lat' dir='ltr'><strong>ein</strong></span> 
     </span>
    </p>
   </div>
   <div class='ocr_carea' id='block_1_3' title="bbox 238 3696 1429 3778">
    <p class='ocr_par' dir='ltr' id='par_1_4' title="bbox 238 3696 1429 3778">
     <span class='ocr_line' id='line_1_30' title="bbox 238 3696 1429 3778; baseline 0.001 -21"><span class='ocrx_word' id='word_1_240' title='bbox 238 3697 352 3758; x_wconf 86' lang='lat' dir='ltr'><strong>mundi</strong></span> <span class='ocrx_word' id='word_1_241' title='bbox 364 3696 460 3777; x_wconf 85' lang='lat' dir='ltr'><strong>hujus</strong></span> <span class='ocrx_word' id='word_1_242' title='bbox 471 3699 727 3778; x_wconf 78' lang='lat' dir='ltr'><strong>pervestigatione.</strong></span> <span class='ocrx_word' id='word_1_243' title='bbox 741 3715 808 3776; x_wconf 80' lang='lat' dir='ltr'><strong>qun</strong></span> <span class='ocrx_word' id='word_1_244' title='bbox 816 3697 1038 3776; x_wconf 89' lang='lat' dir='ltr'><strong>improbabilia,</strong></span> <span class='ocrx_word' id='word_1_245' title='bbox 1048 3713 1115 3774; x_wconf 82' lang='lat' dir='ltr'><strong>quaa</strong></span> <span class='ocrx_word' id='word_1_246' title='bbox 1125 3697 1324 3774; x_wconf 86' lang='lat' dir='ltr'><strong>incredibilia,</strong></span> <span class='ocrx_word' id='word_1_247' title='bbox 1425 3718 1429 3726; x_wconf 92' lang='lat'><em>·</em></span> 
     </span>
    </p>
   </div>
   <div class='ocr_carea' id='block_1_4' title="bbox 229 3795 1328 4581">
    <p class='ocr_par' dir='ltr' id='par_1_5' title="bbox 235 3795 1324 3978">
     <span class='ocr_line' id='line_1_31' title="bbox 237 3795 1324 3876; baseline -0.002 -18"><span class='ocrx_word' id='word_1_248' title='bbox 237 3798 420 3876; x_wconf 82' lang='lat' dir='ltr'><strong>quaespecie</strong></span> <span class='ocrx_word' id='word_1_249' title='bbox 432 3797 628 3876; x_wconf 86' lang='lat' dir='ltr'><strong>impossibilia</strong></span> <span class='ocrx_word' id='word_1_250' title='bbox 639 3802 721 3869; x_wconf 80' lang='lat' dir='ltr'><strong>sunt,</strong></span> <span class='ocrx_word' id='word_1_251' title='bbox 737 3813 772 3858; x_wconf 89' lang='lat' dir='ltr'><strong>ea</strong></span> <span class='ocrx_word' id='word_1_252' title='bbox 781 3797 944 3876; x_wconf 77' lang='lat' dir='ltr'><strong>saepissime</strong></span> <span class='ocrx_word' id='word_1_253' title='bbox 958 3796 1115 3858; x_wconf 73' lang='lat' dir='ltr'><strong>nectutem</strong></span> <span class='ocrx_word' id='word_1_254' title='bbox 1126 3795 1324 3856; x_wconf 88' lang='lat' dir='ltr'><strong>certissimam</strong></span> 
     </span>
     <span class='ocr_line' id='line_1_32' title="bbox 235 3898 652 3978; baseline -0.01 -20"><span class='ocrx_word' id='word_1_255' title='bbox 235 3898 357 3959; x_wconf 87' lang='lat' dir='ltr'><strong>babere</strong></span> <span class='ocrx_word' id='word_1_256' title='bbox 369 3905 556 3978; x_wconf 89' lang='lat' dir='ltr'><strong>compertum</strong></span> <span class='ocrx_word' id='word_1_257' title='bbox 566 3907 620 3960; x_wconf 89' lang='lat' dir='ltr'><strong>est.</strong></span> <span class='ocrx_word' id='word_1_258' title='bbox 637 3921 652 3954; x_wconf 72' lang='lat' dir='ltr'><strong>a</strong></span> 
     </span>
    </p>

    <p class='ocr_par' dir='ltr' id='par_1_6' title="bbox 229 3999 1328 4581">
     <span class='ocr_line' id='line_1_33' title="bbox 278 3999 1321 4082; baseline -0.001 -23"><span class='ocrx_word' id='word_1_259' title='bbox 278 4004 317 4059; x_wconf 80' lang='lat'><strong>2⁰</strong></span> <span class='ocrx_word' id='word_1_260' title='bbox 331 3999 446 4062; x_wconf 88' lang='lat' dir='ltr'><strong>Omnes</strong></span> <span class='ocrx_word' id='word_1_261' title='bbox 458 3999 601 4078; x_wconf 78' lang='lat' dir='ltr'><strong>haeretici,</strong></span> <span class='ocrx_word' id='word_1_262' title='bbox 616 4003 707 4063; x_wconf 89' lang='lat' dir='ltr'><strong>etiam</strong></span> <span class='ocrx_word' id='word_1_263' title='bbox 720 4002 765 4063; x_wconf 90' lang='lat' dir='ltr'><strong>illi</strong></span> <span class='ocrx_word' id='word_1_264' title='bbox 777 4003 831 4080; x_wconf 91' lang='lat' dir='ltr'><strong>qui</strong></span> <span class='ocrx_word' id='word_1_265' title='bbox 845 4019 863 4061; x_wconf 92' lang='lat' dir='ltr'><strong>a</strong></span> <span class='ocrx_word' id='word_1_266' title='bbox 876 4000 1107 4082; x_wconf 87' lang='lat' dir='ltr'><strong>protestantibus</strong></span> <span class='ocrx_word' id='word_1_267' title='bbox 1126 3999 1321 4076; x_wconf 88' lang='lat' dir='ltr'><strong>damnantur,</strong></span> 
     </span>
     <span class='ocr_line' id='line_1_34' title="bbox 232 4097 1325 4180; baseline -0.004 -20"><span class='ocrx_word' id='word_1_268' title='bbox 232 4117 361 4160; x_wconf 87' lang='lat' dir='ltr'><strong>errores</strong></span> <span class='ocrx_word' id='word_1_269' title='bbox 385 4105 415 4160; x_wconf 88' lang='lat' dir='ltr'><strong>et</strong></span> <span class='ocrx_word' id='word_1_270' title='bbox 442 4106 609 4162; x_wconf 87' lang='lat' dir='ltr'><strong>commenta</strong></span> <span class='ocrx_word' id='word_1_271' title='bbox 640 4119 697 4163; x_wconf 90' lang='lat' dir='ltr'><strong>sua</strong></span> <span class='ocrx_word' id='word_1_272' title='bbox 724 4103 757 4162; x_wconf 90' lang='lat' dir='ltr'><strong>in</strong></span> <span class='ocrx_word' id='word_1_273' title='bbox 786 4102 948 4180; x_wconf 81' lang='lat' dir='ltr'><strong>seripturis</strong></span> <span class='ocrx_word' id='word_1_274' title='bbox 980 4100 1127 4161; x_wconf 92' lang='lat' dir='ltr'><strong>contineri</strong></span> <span class='ocrx_word' id='word_1_275' title='bbox 1161 4097 1325 4175; x_wconf 82' lang='lat' dir='ltr'><strong>affirmant,</strong></span> 
     </span>
     <span class='ocr_line' id='line_1_35' title="bbox 232 4198 1323 4278; baseline -0.003 -18"><span class='ocrx_word' id='word_1_276' title='bbox 232 4200 472 4278; x_wconf 75' lang='lat' dir='ltr'><strong>bibliorumquc</strong></span> <span class='ocrx_word' id='word_1_277' title='bbox 487 4201 648 4262; x_wconf 89' lang='lat' dir='ltr'><strong>sententias</strong></span> <span class='ocrx_word' id='word_1_278' title='bbox 673 4203 709 4262; x_wconf 91' lang='lat' dir='ltr'><strong>iis</strong></span> <span class='ocrx_word' id='word_1_279' title='bbox 730 4203 894 4278; x_wconf 88' lang='lat' dir='ltr'><strong>erroribus,</strong></span> <span class='ocrx_word' id='word_1_280' title='bbox 916 4217 1022 4262; x_wconf 91' lang='lat' dir='ltr'><strong>eorum</strong></span> <span class='ocrx_word' id='word_1_281' title='bbox 1037 4198 1164 4278; x_wconf 76' lang='lat' dir='ltr'><strong>judicio,</strong></span> <span class='ocrx_word' id='word_1_282' title='bbox 1180 4199 1323 4268; x_wconf 79' lang='lat' dir='ltr'><strong>latentes,</strong></span> 
     </span>
     <span class='ocr_line' id='line_1_36' title="bbox 231 4298 1328 4382; baseline -0.002 -22"><span class='ocrx_word' id='word_1_283' title='bbox 231 4301 530 4378; x_wconf 85' lang='lat' dir='ltr'><strong>excellentissimas,</strong></span> <span class='ocrx_word' id='word_1_284' title='bbox 558 4303 780 4378; x_wconf 88' lang='lat' dir='ltr'><strong>sanctissimas,</strong></span> <span class='ocrx_word' id='word_1_285' title='bbox 802 4303 893 4382; x_wconf 86' lang='lat' dir='ltr'><strong>plane</strong></span> <span class='ocrx_word' id='word_1_286' title='bbox 925 4299 1042 4364; x_wconf 89' lang='lat' dir='ltr'><strong>divinas</strong></span> <span class='ocrx_word' id='word_1_287' title='bbox 1071 4299 1252 4362; x_wconf 82' lang='lat' dir='ltr'><strong>existimant.</strong></span> <span class='ocrx_word' id='word_1_288' title='bbox 1282 4298 1328 4358; x_wconf 89' lang='lat' dir='ltr'><strong>lta</strong></span> 
     </span>
     <span class='ocr_line' id='line_1_37' title="bbox 229 4397 1328 4481; baseline -0.006 -17"><span class='ocrx_word' id='word_1_289' title='bbox 229 4415 381 4478; x_wconf 85' lang='lat' dir='ltr'><strong>namque</strong></span> <span class='ocrx_word' id='word_1_290' title='bbox 393 4407 439 4462; x_wconf 89' lang='lat' dir='ltr'><strong>cst</strong></span> <span class='ocrx_word' id='word_1_291' title='bbox 457 4401 548 4461; x_wconf 89' lang='lat' dir='ltr'><strong>homo</strong></span> <span class='ocrx_word' id='word_1_292' title='bbox 561 4410 668 4481; x_wconf 87' lang='lat' dir='ltr'><strong>suapte</strong></span> <span class='ocrx_word' id='word_1_293' title='bbox 679 4407 787 4461; x_wconf 88' lang='lat' dir='ltr'><strong>natura</strong></span> <span class='ocrx_word' id='word_1_294' title='bbox 799 4409 1001 4481; x_wconf 86' lang='lat' dir='ltr'><strong>comparatus,</strong></span> <span class='ocrx_word' id='word_1_295' title='bbox 1020 4405 1065 4472; x_wconf 86' lang='lat' dir='ltr'><strong>ut,</strong></span> <span class='ocrx_word' id='word_1_296' title='bbox 1081 4399 1198 4477; x_wconf 85' lang='lat' dir='ltr'><strong>quoties</strong></span> <span class='ocrx_word' id='word_1_297' title='bbox 1211 4397 1328 4476; x_wconf 82' lang='lat' dir='ltr'><strong>privato</strong></span> 
     </span>
     <span class='ocr_line' id='line_1_38' title="bbox 230 4497 1326 4581; baseline -0.005 -17"><span class='ocrx_word' id='word_1_298' title='bbox 230 4506 311 4581; x_wconf 90' lang='lat' dir='ltr'><strong>ejus</strong></span> <span class='ocrx_word' id='word_1_299' title='bbox 326 4504 367 4562; x_wconf 89' lang='lat' dir='ltr'><strong>sit</strong></span> <span class='ocrx_word' id='word_1_300' title='bbox 387 4517 435 4562; x_wconf 92' lang='lat' dir='ltr'><strong>res</strong></span> <span class='ocrx_word' id='word_1_301' title='bbox 456 4500 571 4580; x_wconf 86' lang='lat' dir='ltr'><strong>judicio</strong></span> <span class='ocrx_word' id='word_1_302' title='bbox 596 4499 800 4577; x_wconf 77' lang='lat' dir='ltr'><strong>transigenda,</strong></span> <span class='ocrx_word' id='word_1_303' title='bbox 826 4499 900 4560; x_wconf 91' lang='lat' dir='ltr'><strong>illud</strong></span> <span class='ocrx_word' id='word_1_304' title='bbox 920 4503 1067 4579; x_wconf 88' lang='lat' dir='ltr'><strong>optimum</strong></span> <span class='ocrx_word' id='word_1_305' title='bbox 1087 4516 1152 4561; x_wconf 85' lang='lat' dir='ltr'><strong>esse</strong></span> <span class='ocrx_word' id='word_1_306' title='bbox 1177 4497 1326 4576; x_wconf 88' lang='lat' dir='ltr'><strong>decernat,</strong></span> 
     </span>
    </p>
   </div>
   <div class='ocr_carea' id='block_1_5' title="bbox 227 4598 1327 4683">
    <p class='ocr_par' dir='ltr' id='par_1_7' title="bbox 227 4598 1327 4683">
     <span class='ocr_line' id='line_1_39' title="bbox 227 4598 1327 4683; baseline -0.008 -18"><span class='ocrx_word' id='word_1_307' title='bbox 227 4602 323 4683; x_wconf 85' lang='lat' dir='ltr'><strong>quod</strong></span> <span class='ocrx_word' id='word_1_308' title='bbox 341 4601 425 4663; x_wconf 89' lang='lat' dir='ltr'><strong>illios</strong></span> <span class='ocrx_word' id='word_1_309' title='bbox 440 4604 570 4664; x_wconf 79' lang='lat' dir='ltr'><strong>maxime</strong></span> <span class='ocrx_word' id='word_1_310' title='bbox 583 4601 775 4681; x_wconf 90' lang='lat' dir='ltr'><strong>cupidinibus</strong></span> <span class='ocrx_word' id='word_1_311' title='bbox 796 4607 948 4663; x_wconf 90' lang='lat' dir='ltr'><strong>consonet.</strong></span> <span class='ocrx_word' id='word_1_312' title='bbox 974 4603 1061 4678; x_wconf 80' lang='lat' dir='ltr'><strong>Ergo,</strong></span> <span class='ocrx_word' id='word_1_313' title='bbox 1074 4601 1099 4662; x_wconf 92' lang='lat' dir='ltr'><strong>si</strong></span> <span class='ocrx_word' id='word_1_314' title='bbox 1114 4599 1151 4660; x_wconf 92' lang='lat' dir='ltr'><strong>de</strong></span> <span class='ocrx_word' id='word_1_315' title='bbox 1166 4598 1327 4677; x_wconf 81' lang='lat' dir='ltr'><strong>scriptoris</strong></span> 
     </span>
    </p>
   </div>
   <div class='ocr_carea' id='block_1_6' title="bbox 272 4797 1148 4863">
    <p class='ocr_par' dir='ltr' id='par_1_8' title="bbox 272 4797 1148 4863">
     <span class='ocr_line' id='line_1_40' title="bbox 272 4797 1148 4863; baseline -0.002 -16"><span class='ocrx_word' id='word_1_316' title='bbox 272 4801 316 4863; x_wconf 79' lang='lat' dir='ltr'><strong>(a)</strong></span> <span class='ocrx_word' id='word_1_317' title='bbox 330 4801 363 4849; x_wconf 77' lang='lat' dir='ltr'><strong>1ae</strong></span> <span class='ocrx_word' id='word_1_318' title='bbox 379 4798 539 4863; x_wconf 68' lang='lat' dir='ltr'><strong>tenoiaocpe</strong></span> <span class='ocrx_word' id='word_1_319' title='bbox 549 4801 578 4848; x_wconf 81' lang='lat' dir='ltr'><strong>de</strong></span> <span class='ocrx_word' id='word_1_320' title='bbox 591 4801 666 4863; x_wconf 78' lang='lat' dir='ltr'><strong>Dicte,</strong></span> <span class='ocrx_word' id='word_1_321' title='bbox 678 4799 737 4851; x_wconf 72' lang='lat' dir='ltr'><strong>ltere</strong></span> <span class='ocrx_word' id='word_1_322' title='bbox 747 4801 776 4850; x_wconf 82' lang='lat' dir='ltr'><strong>de</strong></span> <span class='ocrx_word' id='word_1_323' title='bbox 790 4799 817 4850; x_wconf 81' lang='lat' dir='ltr'><strong>le</strong></span> <span class='ocrx_word' id='word_1_324' title='bbox 828 4799 865 4862; x_wconf 74' lang='lat' dir='ltr'><strong>{oi</strong></span> <span class='ocrx_word' id='word_1_325' title='bbox 875 4797 1026 4859; x_wconf 62' lang='lat' dir='ltr'><strong>(brittones,</strong></span> <span class='ocrx_word' id='word_1_326' title='bbox 1041 4811 1087 4862; x_wconf 76' lang='lat' dir='ltr'><strong>pag</strong></span> <span class='ocrx_word' id='word_1_327' title='bbox 1106 4799 1148 4846; x_wconf 85' lang='lat' dir='ltr'><strong>oe.</strong></span> 
     </span>
    </p>
   </div>
   <div class='ocr_carea' id='block_1_7' title="bbox 0 0 1784 5675">
    <p class='ocr_par' dir='ltr' id='par_1_9' title="bbox 0 0 1784 5675">
     <span class='ocr_line' id='line_1_41' title="bbox 0 0 1784 5675; baseline 0 5"><span class='ocrx_word' id='word_1_328' title='bbox 0 0 1784 5675; x_wconf 95' lang='lat' dir='ltr'><strong> </strong></span> 
     </span>
    </p>
   </div>
  </div>
 </body>
</html>
