3559 5675
582 770 754 819 susum,-
776 768 1019 817 timescimus.
1191 702 1209 741 ο
1277 752 1336 820 tdb

254 880 450 943 continentur
467 892 477 939 t
492 874 583 939 Solus
601 877 707 959 populi
725 895 860 959 supreme
881 879 939 939 tex.
957 881 994 939 ot
1017 895 1085 939 roro
1107 876 1250 956 quonium
1271 876 1335 939 hee

253 977 413 1059 privilegia
433 977 546 1039 limites
562 962 692 1039 libertati
711 994 832 1059 semper
853 984 981 1058 ponunt,
1005 978 1091 1039 debet
1108 977 1161 1039 ills
1176 991 1334 1057 exposcere

250 1082 301 1158 jus
314 1078 445 1159 aliquod
459 1078 580 1153 lortius,
593 1094 655 1156 quo
668 1081 722 1157 jos
734 1079 882 1141 libertatis
903 1077 1042 1143 elidetur.

291 1182 358 1241 lluc
371 1180 608 1259 pertinentium
617 1177 738 1241 illorum
748 1181 801 1258 qui
814 1196 907 1243 noves
919 1185 995 1241 arms
1010 1178 1048 1243 ed
1061 1178 1212 1261 publicem
1223 1176 1334 1243 utilite·

253 1288 311 1345 tem
324 1281 515 1344 invenerint.
531 1282 569 1342 lli
585 1297 728 1364 nemque,
743 1287 900 1362 postquam
914 1281 1010 1345 multo
1024 1286 1167 1361 tempore,
1183 1281 1279 1345 multo
1292 1280 1335 1345 le-

253 1380 322 1443 bore
334 1397 374 1443 ne
385 1379 495 1441 multis
507 1396 584 1459 sepe
601 1380 770 1461 sumptibus
782 1397 831 1443 ese
842 1381 964 1444 tandem
986 1385 1176 1453 invenerunt,
1194 1396 1257 1445 non
1269 1395 1333 1461 pos·

253 1486 321 1543 sunt
335 1481 473 1561 proiecto
487 1482 553 1541 sine
567 1481 724 1542 manifeste
736 1481 886 1560 injustitia
899 1482 1081 1545 inventionis
1090 1480 1174 1543 illius
1190 1480 1335 1544 sumtibus

251 1582 376 1660 privari.
393 1580 530 1643 Societas
550 1581 641 1642 etiem
660 1582 799 1643 universe
821 1598 883 1643 non
903 1582 960 1643 levi
979 1580 1091 1643 damno
1112 1580 1288 1657 afficeretur,
1310 1584 1335 1643 si

252 1679 313 1743 bec
325 1681 491 1761 privilegis
507 1687 642 1759 negaret.
665 1683 812 1745 Stimulos
824 1699 956 1763 nemque
972 1682 1008 1747 ed
1022 1698 1113 1745 noros
1128 1680 1336 1761 excogitandos

252 1790 281 1841 et
290 1782 526 1863 comperientes
535 1786 614 1847 artes
623 1783 747 1851 omnino
756 1781 906 1849 deficeret.

664 2025 871 2091 roriconis
890 2028 929 2088 ll.

258 2200 297 2265 lle
320 2201 412 2267 er‘oili
438 2200 535 2267 tutelo
558 2202 749 2269 tirdim'deolr's
765 2206 930 2271 eoeotmrioe
953 2215 1055 2269 rostro
1076 2225 1176 2273 corsos
1197 2206 1335 2291 physicos

719 2305 871 2389 somnitus.

301 2487 367 2553 856.
382 2492 565 2553 Norsrourr.
580 2520 620 2537 -
634 2488 701 2553 Sire
721 2505 818 2552 ceusae
835 2489 999 2552 humanam
1019 2490 1113 2553 vitum
1128 2494 1336 2571 oppugnantes

259 2588 317 2649 siut
329 2592 484 2652 consueto
497 2591 560 2651 sive
570 2589 813 2665 fortuitsemivilis
827 2590 928 2653 tutele
941 2590 1074 2654 officium
1086 2591 1124 2651 ab
1139 2590 1243 2652 eodem
1254 2590 1337 2671 prin-

255 2690 330 2769 cipio
343 2690 484 2751 nescitur
496 2695 527 2750 et
540 2690 577 2751 sd
601 2688 741 2752 eumdem
767 2690 859 2753 linem
880 2682 999 2771 spectet.
1017 2689 1195 2766 insistitur
1216 2708 1284 2771 qum
1299 2690 1336 2755 de

252 2792 352 2854 musis
374 2790 587 2854 substantibus
603 2791 635 2852 in
659 2796 809 2872 postremo
824 2791 950 2853 articulo
964 2789 1337 2867 disseruimus,adcausss

250 2894 343 2954 etism
354 2893 495 2955 fortuitos
507 2893 639 2954 maxime
649 2910 687 2955 ex
701 2899 785 2971 perte
795 2891 975 2972 applicando
989 2893 1061 2953 sint.
1077 2893 1142 2952 Duo
1155 2897 1272 2958 tantum
1287 2893 1337 2958 bio

250 2991 421 3073 peculiaris
434 2992 473 3055 de
483 2991 646 3073 posteriore
658 2993 716 3054 boc
722 3009 883 3057 causarum
898 3009 1005 3068 genere
1014 2991 1151 3054 addenda
1164 2999 1245 3069 sont,
1259 2991 1337 3054 slte-

249 3111 322 3157 rum
342 3093 385 3155 sd
405 3093 503 3155 civilis
517 3093 700 3158 auctoritatis
720 3091 829 3168 officie,
847 3089 976 3154 alterum
999 3089 1035 3152 sd
1055 3091 1153 3150 media
1167 3089 1336 3158 adhibenda

249 3195 423 3274 pertinens.
814 3195 817 3200 ’

291 3297 367 3359 sot.
387 3295 614 3357 Pos.415·.-
639 3291 859 3357 individualem
881 3295 1033 3371 cujusque
1047 3291 1121 3353 civis
1148 3291 1335 3359 existentiam

246 3403 359 3459 contre
369 3412 479 3458 censes
492 3395 631 3476 pbysiess
642 3394 779 3457 fortuitas
790 3394 868 3455 tueri
879 3393 975 3469 magis
988 3391 1024 3454 ed
1035 3391 1156 3454 civilem
1166 3393 1336 3464 societatem

246 3513 346 3576 quam
360 3495 399 3556 sd
412 3512 662 3574 unumquemque
677 3496 793 3558 socium
810 3511 863 3574 per
877 3510 909 3554 se
927 3494 1064 3573 pertinet.

291 3598 396 3660 Paos.
406 3629 447 3640 ·-
464 3600 493 3656 1⁰
507 3595 560 3658 llle
569 3597 717 3677 precipue
730 3594 817 3656 debet
830 3593 967 3674 praesidin
990 3599 1092 3655 contre
1105 3611 1192 3656 cesus
1200 3593 1337 3659 fortuitos

248 3713 373 3778 perere,
387 3697 444 3774 qui
458 3696 555 3773 magis
571 3702 615 3757 est
624 3695 672 3757 bis
685 3695 808 3766 casibus
819 3693 996 3774 periculosis
1010 3695 1170 3773 expositus.
1184 3695 1274 3772 Atqui
1286 3712 1336 3757 so·

248 3794 455 3860 ciehscivilis
473 3796 667 3857 nniversaest
678 3794 761 3856 haud
776 3793 867 3856 dubie
877 3794 914 3854 iis
924 3793 1042 3854 ossibus
1053 3794 1186 3871 exposita
1202 3812 1211 3857 τ
1225 3800 1255 3856 at
1268 3793 1337 3855 nui·

248 3897 319 3958 lom
333 3895 532 3958 determinate
554 3894 743 3957 individuum
760 3894 868 3955 iisdem
890 3900 969 3955 certe
983 3893 1147 3956 obnoxium
1170 3899 1224 3955 est.
1244 3895 1335 3956 Nimi·

248 4014 322 4060 rum
337 4013 437 4058 ceusu
457 3997 586 4057 fortuite
607 3997 720 4057 civium
741 3995 830 4056 vitem
850 3996 882 4056 in
901 3995 1059 4056 discrimen
1073 3993 1253 4056 adducentes
1267 4000 1338 4057 suot

248 4115 327 4177 pene
348 4099 490 4174 omnino,
508 4102 543 4157 ut
561 4096 601 4157 its
620 4095 730 4171 dicam,
749 4095 879 4156 socr'oles.
899 4095 1019 4158 Etenim
1033 4091 1133 4154 solum
1150 4091 1187 4154 de
1201 4094 1337 4156 societate

248 4197 332 4259 cicili
348 4198 494 4258 universe
507 4201 622 4257 certum
643 4201 687 4256 est
700 4212 767 4257 sem
781 4195 889 4257 debere
906 4191 1067 4273 aliquando
1080 4187 1180 4256 contre
1193 4193 1249 4253 bes
1262 4210 1337 4254 cau-

251 4315 298 4360 ses
308 4297 432 4360 luctari.
450 4294 577 4374 Singula
589 4311 659 4356 roro
673 4291 831 4357 individue
843 4294 1062 4356 rationabiliter
1076 4310 1195 4374 sperare
1210 4302 1336 4372 possunt

251 4415 414 4478 nunquam
426 4396 560 4458 seinbos
567 4411 655 4458 oneris
667 4395 852 4474 periculosos
864 4412 929 4456 esse
942 4393 1131 4456 deventuros.
1150 4395 1188 4456 lli
1200 4412 1335 4475 namque

249 4505 380 4560 recuset
393 4497 455 4558 rari
467 4495 745 4574 suntetioopioati,
758 4493 889 4557 etmulti
904 4500 976 4556 srrnt
987 4495 1066 4556 cives
1085 4494 1138 4572 qui
1152 4501 1247 4557 toturn
1268 4495 1335 4558 vite

249 4616 312 4660 sose
330 4597 525 4660 curriculum
545 4595 728 4657 emetiuotor
753 4595 829 4671 qrrin
855 4610 990 4672 unquam
1014 4592 1063 4655 rel
1087 4593 1262 4656 incendium
1288 4595 1336 4656 vel

249 4699 447 4777 nsubsgium
461 4695 508 4760 vel
522 4694 659 4776 prelium
671 4692 794 4772 aliquod
807 4693 854 4756 vel
868 4693 1055 4756 obsidionem
1067 4693 1219 4774 patientur
1229 4698 1281 4756 sot
1292 4694 1336 4756 vi·

250 4797 349 4883 deant.
362 4802 401 4862 st
412 4796 534 4882 publice
546 4796 682 4875 societas,
696 4795 785 4871 cuius
801 4796 862 4859 rite
875 4801 1020 4877 perpetue
1032 4799 1089 4870 est,
1100 4799 1128 4854 et
1139 4811 1217 4872 qun,
1231 4794 1333 4874 ampla
