3559 5675
461 725 520 785 :tlt
867 747 947 791 retiis
966 743 1125 791 assensus

463 849 578 910 villulis
597 852 725 932 alicujus
745 858 1005 935 supererogatores
1017 852 1149 915 studium
1165 846 1367 927 suseipieudo,
1385 844 1475 901 latetis
1489 845 1512 895 ti

460 964 631 1031 cooperans,
648 974 711 1016 rem
722 958 807 1019 saciet
821 958 899 1019 bono
912 958 1056 1019 societatis
1067 954 1217 1035 praecipuo
1230 948 1361 1011 manime
1372 948 1511 1051 cousenta-
1582 1029 1583 1058 p

462 1064 560 1112 neam.
576 1054 609 1112 ln
632 1054 682 1115 tali
705 1062 805 1118 autem
820 1075 890 1119 essu
903 1058 980 1119 nulli
996 1056 1119 1132 milites,
1132 1052 1191 1112 nisi
1205 1046 1379 1119 volontarii,
1396 1058 1512 1105 eooseu·
1582 1071 1583 1134 3

461 1150 549 1212 bendi
571 1160 641 1215 seint
656 1170 664 1213 τ
680 1158 732 1232 qui
758 1156 901 1235 quidem,
923 1157 1012 1217 modo
1031 1174 1069 1216 ne
1090 1154 1146 1213 ulli
1168 1150 1317 1211 soeiomm
1337 1162 1423 1223 grase
1437 1140 1514 1219 quod·
1582 1157 1583 1178 ¹

466 1252 543 1329 piam
558 1254 770 1315 detrimentum
786 1256 926 1333 afferant,
951 1261 1091 1335 poterunt
1105 1254 1211 1329 utique
1230 1266 1301 1309 eum
1318 1260 1427 1321 magna
1444 1238 1516 1301 laude

463 1367 642 1425 geueromm
667 1352 780 1414 lacinus
808 1354 949 1433 aggredi,
974 1354 1054 1433 quod
1077 1354 1128 1415 alii
1151 1352 1255 1413 minus
1280 1347 1384 1407 animo
1407 1340 1518 1402 talenti

462 1452 611 1530 suscipere
636 1470 695 1514 noo
711 1454 852 1515 audeant.

503 1549 534 1609 ld
550 1569 619 1613 vero
640 1554 702 1613 lieri
718 1572 803 1633 posse
817 1555 960 1627 diximus,
977 1554 1065 1615 modo
1082 1549 1204 1613 nullum
1224 1550 1371 1625 cuiquam
1389 1542 1516 1605 sociorum

461 1665 552 1727 graie
565 1652 777 1715 detrimentum
793 1654 934 1715 alteratur
950 1670 959 1713 ε
976 1672 1047 1715 nam
1061 1652 1190 1731 quilibet
1209 1650 1311 1711 socius
1331 1644 1462 1723 negativo
1478 1640 1517 1700 ele

463 1750 620 1829 stringitur
640 1752 748 1828 officio,
765 1772 802 1815 ne
823 1772 1006 1833 quemquam
1024 1754 1174 1815 sociorum
1188 1750 1300 1811 damno
1319 1745 1444 1821 afficiam
1462 1741 1518 1801 huie

463 1856 563 1909 autem
577 1850 674 1912 officio
687 1855 845 1933 respondet
859 1856 889 1915 iu
910 1856 993 1915 omni
1005 1854 1085 1915 socio
1094 1855 1146 1930 jos
1160 1852 1260 1911 stricte
1275 1853 1443 1927 sumptum,
1456 1838 1519 1920 quod

464 1948 548 2009 nulla
564 1966 655 2011 eausa
669 1952 787 2013 virtutis
803 1954 1066 2033 supererogatoriae
1079 1948 1181 2013 eollidi
1201 1954 1309 2029 potest.
1328 1950 1368 2007 st
1386 1946 1475 2006 solum
1491 1939 1520 1999 de

463 2049 543 2125 gravi
565 2048 677 2111 danrno
691 2052 718 2113 id
734 2052 965 2131 intelligendum
979 2060 1036 2127 est,
1055 2052 1129 2131 quia
1142 2050 1207 2111 lere
1221 2048 1360 2109 alienum
1379 2046 1520 2147 incolome

462 2144 535 2207 dum
548 2164 739 2229 nequaquam
754 2152 864 2214 suffieit
877 2154 914 2215 ad
930 2150 1208 2227 reddendumque,
1222 2146 1305 2225 quod
1324 2144 1410 2207 omni
1424 2140 1520 2202 homin
1583 2227 1584 2238 p

464 2252 519 2321 eet,
538 2247 632 2309 ardua
646 2257 674 2311 et
683 2268 826 2328 generosa
840 2252 970 2313 facinora
982 2249 1173 2330 suscipiendi.

504 2349 569 2407 lam
589 2366 623 2408 ex
645 2350 681 2409 iis
696 2368 764 2429 qnae
779 2352 921 2412 haetenus
937 2350 1218 2424 animadvertimus,
1233 2347 1406 2425 inlelligere
1418 2344 1523 2420 quisqul

465 2455 559 2525 potest
580 2466 672 2525 quam
694 2458 778 2511 caute
795 2452 1016 2531 prudenterque
1033 2432 1182 2529 supremae
1204 2444 1374 2507 auctoritati
1395 2438 1522 2517 agendum

466 2548 514 2619 sit,
540 2564 600 2607 non
618 2549 717 2611 solum
740 2550 770 2611 in
795 2550 866 2611 belli
882 2549 1080 2612 denuntiandi
1094 2548 1211 2628 justitia
1229 2541 1464 2615 consideranda,
1484 2535 1521 2597 sol
1583 2537 1584 2574 ³

465 2648 556 2707 etiam
579 2648 610 2707 io
625 2648 745 2709 damnis
763 2650 978 2729 praevidendis,
998 2666 1067 2729 qua
1081 2650 1205 2711 societas
1219 2663 1255 2705 ex
1268 2644 1354 2706 bello
1365 2660 1425 2705 non
1438 2654 1523 2701 neees-

467 2746 545 2806 sario
558 2762 661 2825 capere
677 2754 784 2827 posset.
1333 2829 1335 2832 Ι

506 2845 634 2908 Genuum
652 2853 680 2908 2.
691 2881 731 2894 -
742 2849 860 2928 Duplici
873 2849 962 2927 igitur
975 2850 1086 2911 ratione
1097 2847 1213 2908 bellum
1225 2845 1395 2932 quodpiam
1405 2835 1527 2924 appellati

470 2945 624 3026 publicum
638 2954 750 3026 potest:
766 2947 848 3013 aliud
870 2947 1092 3026 scilieet‚quod
1101 2947 1174 3008 eooii
1188 2944 1366 3006 immediate
1381 2960 1434 3024 per
1445 2957 1473 3000 se
1485 2937 1527 3018 ipsi

469 3045 585 3116 volunt,
597 3046 680 3107 aliud
694 3047 774 3126 quod
791 3049 863 3110 soeii
878 3049 984 3109 volunt
997 3048 1096 3108 solum
1113 3047 1241 3110 mediate
1250 3063 1304 3124 per
1319 3043 1458 3106 socialem
1470 3053 1527 3098 auc·

469 3145 616 3205 toritatem
635 3164 652 3206 a
665 3164 727 3225 qua
741 3146 816 3208 illud
830 3147 1010 3228 precipitur.
1027 3145 1063 3206 m
1074 3147 1192 3208 bellum
1205 3145 1283 3206 illud
1293 3145 1405 3223 prioris
1418 3137 1526 3218 generis,
1584 3136 1585 3179 t

468 3251 561 3322 potest
577 3247 696 3326 proprie
717 3245 866 3308 notimmle
887 3248 1003 3326 voeari3
1021 3246 1106 3307 aliud
1128 3263 1198 3307 rere
1222 3245 1400 3324 posterioris
1418 3239 1526 3318 generis

466 3341 618 3420 pollicem
629 3345 747 3424 proprie
756 3345 882 3408 dicetur.
896 3347 969 3420 Quae
982 3345 1106 3424 quidem
1121 3345 1272 3406 distinctio
1286 3345 1393 3420 magni
1406 3334 1529 3404 momenti

470 3441 562 3502 estad
578 3445 630 3520 jus
645 3445 848 3505 aemulationis
872 3445 928 3506 rite
944 3444 1159 3524 applicandum
1181 3433 1314 3505 societati
1326 3443 1484 3521 ssriolentae.
1502 3435 1530 3494 dt

471 3557 533 3618 qua
548 3540 601 3601 lib.
616 3542 661 3618 6⁰,
675 3558 739 3622 cap.
754 3543 786 3617 4,
799 3545 863 3622 jam
883 3544 1093 3620 disseruimus.
1109 3545 1242 3617 Etenim,
1254 3545 1279 3604 si
1294 3545 1326 3603 in
1341 3534 1531 3620 bellopodio

471 3639 590 3720 proprie
603 3639 681 3701 dieto
693 3643 823 3720 gerendo
837 3643 925 3722 eulpa
937 3659 1000 3704 sese
1011 3642 1253 3724 aliquapopulus
1271 3644 1449 3720 obstringat,
1460 3638 1529 3716 eulpt

472 3739 527 3799 isto
550 3757 629 3800 mere
653 3741 772 3802 socialis
787 3743 855 3816 erit,
870 3757 925 3803 nee
935 3745 1017 3821 juste
1036 3744 1145 3822 poterit
1162 3744 1222 3804 alia
1234 3761 1323 3823 poena
1338 3762 1432 3822 quam
1447 3737 1529 3803 recidi

472 3839 584 3918 puniri.
595 3841 642 3918 at,
658 3843 682 3901 si
693 3841 841 3920 ejusmodi
853 3841 974 3922 eulpam
988 3843 1020 3902 in
1034 3841 1113 3904 bello
1127 3842 1270 3904 nationali
1282 3845 1416 3924 populus
1427 3839 1529 3904 commi·

475 3941 558 4016 serit,
579 3944 790 4021 unusquisque
811 3944 1014 4023 pugnantium
1026 3944 1064 4005 de
1083 3945 1137 4006 illo
1158 3947 1271 4026 populo
1285 3945 1472 4025 personalem
1487 3960 1530 4022 pt·

474 4041 618 4102 nilionem
644 4049 786 4120 meretur,
801 4043 873 4119 quia
894 4042 1046 4104 voluntate
1069 4043 1248 4106 individuali
1259 4053 1388 4126 pugnat.

515 4141 602 4200 1190.
618 4145 685 4204 Poe.
702 4143 784 4204 588¹.
800 4177 838 4190 —
852 4131 975 4204 Publica
987 4141 1100 4206 utilitas
1117 4151 1163 4208 est
1176 4163 1296 4226 semper
1312 4143 1530 4209 suffieieosnto

473 4241 510 4302 ad
533 4240 648 4302 bellum
667 4242 790 4304 aliunde
804 4245 925 4320 iustum
941 4246 1180 4326 suscipiendum,
1201 4247 1292 4310 modo
1311 4249 1366 4310 illa
1387 4251 1427 4311 sit
1451 4244 1528 4307 mani·

474 4341 546 4404 leste
563 4343 658 4418 major
672 4342 791 4420 puhlieo
803 4343 982 4406 detrimento
994 4345 1074 4424 quod
1093 4363 1131 4408 ex
1151 4348 1231 4410 bello
1244 4349 1378 4410 timetur.

515 4443 609 4504 l‘uos.
625 4473 663 4485 -
682 4443 803 4504 Soeialis
824 4446 982 4506 auctomtas
999 4463 1118 4527 semper
1131 4448 1218 4510 debet
1236 4452 1384 4512 societatis
1397 4443 1529 4514 commodi

475 4545 563 4617 atque
584 4540 745 4620 utilitates,
759 4543 881 4606 adunde
899 4549 997 4623 justas
1014 4553 1105 4624 atque
1119 4547 1274 4621 honestae,
1299 4551 1454 4613 efficaciter
1471 4541 1529 4606 tueri

476 4645 564 4714 etque
580 4655 699 4716 augere.
718 4643 805 4720 Ergo,
821 4644 917 4721 siquis
928 4645 1007 4706 alius
1016 4647 1156 4726 populus,
1169 4649 1197 4716 vi
1207 4657 1261 4710 aut
1271 4643 1529 4720 {metuendumne

475 4735 616 4811 adhibita,
641 4737 852 4817 impedimento
867 4745 916 4822 sit,
929 4760 966 4806 ue
981 4747 1101 4807 socialis
1112 4748 1250 4826 quaedam
1265 4751 1424 4811 auotoritas
1434 4745 1527 4810 utilite-
