3559 5675
468 718 528 781 tlt
875 744 957 791 rents
977 744 1136 791 sarnatus

467 850 570 921 ponat,
595 850 693 911 statim
715 868 749 913 ao
770 858 849 913 nerto
863 859 979 914 constet
991 853 1132 915 inutilem
1154 853 1279 913 omniuo
1300 850 1386 914 talem
1404 864 1510 929 perseu-

464 947 593 1009 rentiam
608 948 681 1012 lore.

508 1048 600 1109 Ριιοιι.
613 1082 651 1093 -
663 1050 818 1115 Essentiali
834 1054 900 1131 ipso
912 1052 984 1114 belli
1008 1052 1078 1121 fine,
1094 1053 1148 1129 qui
1171 1056 1218 1111 est
1232 1051 1303 1111 boni
1323 1050 1433 1111 sociatis
1445 1065 1512 1127 repo·

467 1146 542 1206 ratio
556 1166 609 1225 per
621 1150 735 1211 ordinis
749 1152 848 1212 violati
863 1154 1095 1226 restitutionem,
1109 1156 1227 1211 vetatur
1246 1150 1345 1211 omnis
1368 1150 1513 1224 latioque
1577 1201 1578 1244 ἢ

466 1244 503 1304 ed
532 1246 656 1309 hostiles
684 1258 808 1312 conatus
829 1251 1031 1313 retundendos
1055 1251 1179 1311 nonsit
1202 1250 1370 1310 ueremnia
1388 1247 1437 1308 rel
1450 1246 1514 1307 ullis
1577 1307 1578 1310 ,

467 1343 580 1421 (1·208).
598 1351 674 1424 Ergo
686 1350 790 1411 eodem
807 1348 875 1411 belli
897 1352 958 1413 tiue
972 1356 1100 1425 vetatur,
1119 1351 1227 1427 nequis
1247 1348 1391 1409 obstinate
1407 1346 1515 1407 cautere

465 1460 498 1504 ao
520 1442 804 1527 decertarepergat,
827 1469 923 1528 quum
947 1452 1011 1512 hac
1028 1450 1184 1511 resistendi
1207 1467 1241 1509 ae
1260 1446 1390 1509 certandi
1408 1460 1515 1525 persero

464 1546 558 1605 rancia
578 1552 606 1605 et
622 1547 736 1609 nullam
753 1550 836 1609 bonu
851 1568 948 1613 causae
962 1551 1132 1621 utilitatem,
1148 1556 1179 1611 et
1191 1548 1393 1628 pugnantibus
1411 1544 1516 1625 pericula

464 1650 492 1703 et
504 1644 615 1707 damno
636 1664 724 1727 porro
737 1649 841 1711 afferre
860 1658 965 1729 potest.
989 1654 1067 1728 Ergo
1080 1651 1216 1711 absolute
1233 1650 1338 1709 illicita
1359 1654 1402 1709 est
1413 1662 1446 1707 ea
1460 1662 1515 1723 pug-
1577 1695 1578 1708 ,

465 1745 557 1806 nandi
577 1764 611 1809 ao
631 1750 789 1811 resistendi
815 1752 1048 1829 perseverantia,
1069 1768 1139 1829 que
1159 1753 1226 1829 jam
1244 1749 1324 1811 nibil
1347 1746 1425 1809 aliud
1444 1760 1516 1822 quau

463 1849 627 1923 pugnantis
640 1848 735 1927 ipsius
748 1854 912 1929 perniciem
926 1854 1052 1929 gignere
1062 1857 1170 1931 potest.

507 1944 594 2008 llll.
618 1950 747 2013 tonost.
761 1984 801 1997 -
814 1954 909 2029 lgitur
931 1968 994 2014 non
1015 1952 1153 2013 bumana
1173 1949 1409 2027 magnanimitas
1420 1952 1447 2006 ct
1456 1960 1519 2004 cons

463 2042 568 2123 tantia,
584 2047 636 2107 sed
648 2049 742 2111 lerina
757 2053 870 2113 sevitia
889 2060 934 2114 est
950 2053 1101 2113 illimitata
1115 2051 1168 2112 illa
1186 2050 1359 2111 decertandi
1373 2045 1519 2127 pertinacia,

462 2156 530 2217 qun
545 2146 662 2209 nullam
677 2166 811 2228 unquam
832 2151 992 2215 deditionis
1009 2151 1180 2213 facultatem
1194 2150 1253 2213 sibi
1267 2164 1449 2222 concessam,
1460 2161 1520 2204 mor·
1578 2195 1579 2232 ,

464 2245 585 2319 temque
608 2248 770 2326 eaptivitati
783 2268 902 2330 semper
926 2268 992 2311 esse
1008 2248 1224 2331 preferendam
1245 2253 1371 2322 statuat,
1384 2247 1465 2307 etiam
1483 2243 1519 2303 uli
1578 2265 1579 2304 i

463 2347 682 2419 perseverantia
696 2348 760 2409 hren
772 2364 894 2428 prorsus
908 2350 1025 2411 inutilis
1033 2352 1101 2427 ianr
1111 2350 1215 2411 evasit.

503 2442 641 2505 Attamen
658 2445 715 2507 lion
737 2449 869 2509 maxime
891 2449 1059 2511 notandum
1077 2449 1176 2511 estin
1198 2447 1256 2509 lrac
1269 2464 1302 2507 re
1324 2446 1521 2525 ςιιιιιιιὶιιιλ,ὃ
1578 2507 1579 2514 ,

462 2557 523 2616 qua
544 2558 621 2621 sepe
652 2547 743 2607 totius
764 2549 896 2609 nationis
918 2548 1001 2611 salus
1021 2547 1151 2629 pendere
1178 2554 1286 2627 potest,
1306 2547 1344 2607 in
1371 2563 1431 2623 qua
1451 2544 1519 2603 eu‘cn

462 2638 549 2700 facile
563 2647 658 2721 potest
677 2646 854 2723 ignavorum
869 2648 1003 2709 socordia
1015 2648 1182 2727 prudentie
1195 2664 1231 2709 ac
1247 2646 1459 2709 moderationis
1469 2659 1522 2721 spe·

462 2738 539 2800 niem
554 2746 714 2805 ementiri:
737 2748 852 2809 nemini
871 2748 1049 2809 interiorum
1072 2746 1206 2809 militum
1216 2750 1271 2825 jus
1293 2741 1521 2819 essestatuendi,

462 2841 585 2904 inutiles
603 2847 668 2922 jam
688 2849 833 2910 militares
847 2867 953 2912 omues
971 2859 1097 2912 uenatus
1110 2850 1258 2924 erasisse,
1283 2850 1433 2926 quamdiu
1443 2848 1521 2921 inpe-

461 2947 540 3002 rator
553 2959 606 3005 seu
630 2945 690 3008 dur
704 2948 798 3026 adest,
813 2950 944 3028 quirem
956 2951 1116 3030 perspiciat
1136 2948 1310 3028 adjudicet,
1328 2949 1475 3028 copiisque
1485 2944 1522 3004 det

458 3041 546 3116 jussa
559 3043 704 3122 legitime.
729 3050 887 3128 Ceterum,
903 3056 1017 3110 utrem
1031 3051 1161 3110 maxime
1184 3049 1348 3110 notandam
1364 3055 1523 3133 repetamus,

462 3137 514 3196 ubi
530 3140 633 3204 nullus
644 3147 778 3224 superior
792 3145 876 3208 adest
887 3146 949 3208 dux
960 3163 1015 3208 seu
1024 3147 1194 3226 prnlectus,
1209 3146 1371 3226 pugnandi
1384 3141 1524 3225 pertimuit

462 3231 617 3302 evidenter
630 3243 760 3320 inutilis,
781 3261 844 3306 uon
858 3247 976 3308 virtutis
987 3253 1045 3322 est,
1057 3247 1107 3308 sed
1122 3247 1235 3308 luroris
1244 3252 1275 3306 et
1288 3248 1445 3308 amentiac

505 3343 591 3400 1215.
610 3344 677 3402 Pus.
701 3343 783 3404 θον.
799 3375 838 3390 -
858 3345 940 3406 Nulli
956 3343 1199 3423 belligerantium
1218 3347 1293 3424 parti
1317 3345 1390 3406 lieet
1412 3339 1524 3406 nllisad

460 3437 576 3499 hostem
599 3439 767 3504 ledendum
782 3445 826 3504 uti
839 3445 959 3521 mediis,
971 3461 1103 3524 quorum
1124 3447 1187 3506 vim
1201 3445 1389 3521 maleficam,
1401 3451 1435 3506 ut
1445 3439 1522 3504 semel

461 3537 552 3597 suerit
565 3539 699 3618 mcitatn,¹
714 3551 845 3621 nequeat
859 3545 923 3606 ullo
935 3552 1021 3624 poeto
1031 3545 1170 3622 dirigere.
1579 3596 1580 3643 ι

499 3640 591 3700 Pron.
612 3671 653 3685 -
673 3642 823 3716 Quoniam
842 3645 943 3706 omnis
958 3645 1040 3724 lusio
1056 3645 1094 3706 ad
1107 3645 1202 3705 hostis
1216 3645 1403 3723 pertinacem
1417 3641 1524 3720 injusti·

461 3737 532 3797 tiam
546 3741 788 3804 eorrtundeudam
814 3744 931 3806 inutilis
950 3744 1068 3806 vitanda
1082 3745 1277 3818 omninoest,
1300 3744 1523 3819 illicitumque·

460 3855 519 3916 que
531 3840 682 3904 evidenter
699 3851 755 3921 est,
779 3845 848 3906 talia
869 3845 1090 3907 aduocandum
1109 3845 1209 3906 media
1230 3843 1390 3919 adhibere,
1409 3856 1523 3922 quapr

458 3939 531 4000 riter
557 3948 658 4003 sontes
680 3950 770 4022 ntqcre
785 3946 932 4020 insontes,
947 3952 1079 4006 armatos
1087 3951 1177 4024 atque
1197 3945 1340 4012 inermos.
1356 3944 1522 4005 reluctantes

459 4039 644 4102 scandentes
664 4045 745 4120 gravi
771 4045 881 4107 damno
894 4043 1046 4106 alliciant:
1071 4045 1178 4107 talium
1206 4061 1340 4122 namque
1368 4043 1520 4104 mediorum

459 4153 533 4200 usus
545 4141 720 4205 innumeras
734 4160 806 4207 sarto
824 4147 960 4208 laesiones
978 4145 1136 4208 efficietad
1154 4147 1249 4207 hostis
1263 4146 1457 4226 pertinaciam
1469 4143 1521 4200 rin-

458 4240 583 4301 eendsrn
612 4249 701 4320 etque
726 4247 908 4325 injustitiam
928 4247 1115 4328 puniendam
1136 4263 1259 4326 prorsus
1280 4246 1417 4307 inutiles.
1446 4238 1520 4318 atqui

458 4340 553 4418 hujus
579 4351 691 4406 naturae
714 4355 789 4408 sunt
807 4350 912 4409 omnia
945 4349 1060 4420 media,
1082 4365 1213 4426 quorum
1235 4347 1374 4408 malelica
1396 4347 1459 4420 ris,
1478 4339 1520 4400 ubi

459 4439 550 4502 luerit
566 4447 705 4518 exoluta,
730 4450 836 4526 nequit
854 4450 986 4530 emplius
1002 4456 1033 4510 et
1053 4467 1125 4511 cum
1144 4454 1224 4510 certo
1244 4448 1426 4509 intensitatis
1438 4440 1518 4522 gradu

459 4541 613 4618 applicari,
637 4550 666 4606 et
686 4547 721 4608 ad
736 4556 830 4610 certos
845 4550 990 4612 terminos
1007 4550 1117 4626 dirigi3
1133 4545 1302 4626 cujusmodi
1326 4552 1399 4608 sunt
1420 4557 1519 4605 senens

458 4643 569 4720 puteis,
583 4643 726 4723 lontibus,
740 4649 842 4712 lluriis
854 4652 975 4728 injecta,
992 4653 1127 4731 pestium
1141 4652 1333 4729 contagiones
1343 4645 1517 4710 immissetl

460 4741 582 4804 similia.
606 4747 693 4824 Ergo,
717 4757 772 4810 eto.
