3559 5675
472 761 531 821 188
871 773 951 820 rums
971 763 1131 821 ustuusnts

510 879 580 943 966.
605 883 673 944 Pus.
696 881 779 944 lile
792 913 828 930 -ι-
853 885 1012 944 ioeuarurn
1032 881 1160 961 qualitas
1180 880 1268 946 debet
1291 885 1483 957 congruenter
1497 878 1527 940 ad

468 983 600 1047 diversas
612 986 762 1048 sociorum
775 984 886 1047 classes
900 985 1005 1065 aptari.

508 1087 601 1148 Pnon.
613 1115 655 1132 -
665 1087 761 1147 Poenae
775 1102 793 1146 a
805 1085 975 1163 legislatore
988 1085 1118 1162 singulis
1129 1083 1246 1146 delictis
1257 1085 1425 1146 constitutae
1436 1081 1529 1143 debent

468 1199 574 1244 omnes
588 1185 728 1246 sonioscb
738 1185 775 1245 iis
789 1183 951 1246 sceleribus
964 1184 1141 1257 absterrere,
1152 1184 1215 1244 siro
1224 1182 1382 1248 exmotiro
1396 1181 1529 1256 utilitatis,

468 1283 530 1344 sire
543 1296 578 1345 ex
592 1285 703 1346 motivo
726 1285 862 1346 rationis.
887 1284 919 1344 ld
943 1292 1046 1346 autem
1068 1284 1102 1344 lit
1121 1301 1174 1363 per
1190 1285 1307 1360 iustam
1327 1281 1529 1362 proportionem

469 1393 616 1448 serratam
630 1387 708 1448 inter
728 1387 828 1449 delicti
848 1388 998 1464 cujusque
1016 1387 1189 1464 gravitatem
1205 1391 1235 1446 et
1246 1385 1331 1446 illius
1344 1384 1529 1464 punitionem.

468 1485 570 1563 Atqui,
591 1493 626 1548 ut
644 1503 734 1567 poena
746 1487 784 1547 sit
803 1487 1036 1568 proportionata,
1057 1484 1145 1545 debet
1163 1485 1216 1545 illa
1236 1483 1332 1563 aptari
1351 1487 1532 1560 congruenter

469 1597 530 1644 non
544 1585 644 1646 solum
659 1585 839 1662 generaliter
854 1583 890 1646 ad
905 1583 1047 1645 delictum
1058 1583 1091 1643 in
1105 1600 1138 1644 se
1151 1587 1329 1662 spectatum,
1345 1580 1397 1643 sed
1411 1579 1530 1642 etiamad

468 1700 610 1766 personas
637 1685 890 1762 delinquentium.
910 1685 1013 1759 Quum
1039 1682 1120 1745 enim
1141 1698 1231 1761 poena
1249 1683 1289 1743 sit
1302 1681 1376 1743 boni
1397 1680 1530 1742 sensibilis
1588 1760 1589 1765 ἵ

469 1782 642 1860 diminutio,
657 1790 685 1856 at
706 1783 821 1845 bonum
843 1783 952 1844 babeat
971 1787 1142 1862 respectum
1161 1782 1353 1843 essentialem
1370 1780 1532 1842 adtenden-

468 1883 541 1944 tiam
551 1881 723 1960 voluntatis,
738 1881 860 1944 evidens
875 1888 920 1944 est
932 1881 1070 1944 eamdem
1080 1879 1215 1942 alrsolute
1228 1880 1463 1942 diminutionem
1474 1878 1532 1939 boui
1588 1906 1589 1971 ἐ

469 1998 535 2043 csse
555 1981 702 2043 diversam
723 1981 887 2044 admodum
907 1989 1041 2060 respectu
1061 1980 1096 2041 ad
1112 1979 1245 2042 diversas
1258 1981 1411 2041 sociorum
1427 1979 1531 2041 classes
1588 1976 1589 1999 ³

471 2081 600 2143 llanima
622 2097 754 2160 namque
776 2081 860 2144 adest
882 2083 915 2142 in
933 2081 1022 2143 sociis
1042 2079 1198 2142 diversitas
1221 2081 1349 2158 mentis,
1374 2081 1530 2149 voluntatis.

469 2183 601 2262 corporis
620 2187 651 2244 et
670 2183 872 2244 fortunarum.
896 2183 962 2257 Quo
981 2182 1025 2251 tit,
1049 2187 1083 2241 ut
1104 2198 1171 2259 quaa
1190 2180 1263 2241 boni
1287 2180 1413 2260 privatio
1431 2178 1531 2240 cuidun

469 2281 619 2344 sociorum
638 2283 727 2344 classi
748 2290 825 2344 essct
845 2283 943 2360 gravis
955 2297 1055 2360 poena,
1068 2281 1134 2341 aliis
1156 2279 1243 2355 levis,
1262 2280 1331 2340 aliis
1352 2279 1440 2340 nulla
1459 2282 1531 2347 essct,

468 2381 542 2459 quia
561 2382 609 2444 vel
628 2382 714 2459 boni,
729 2383 811 2462 qnod
825 2383 863 2444 iis
877 2382 1037 2454 minuitur,
1050 2381 1165 2460 copiam
1186 2377 1311 2450 babent.
1327 2380 1378 2441 vel
1395 2379 1478 2440 nullo
1493 2380 1533 2437 aut

469 2497 530 2542 non
540 2498 650 2560 magno
662 2481 744 2546 illius
753 2483 902 2544 desiderio
912 2488 1061 2544 tenentur.
1070 2481 1118 2542 Sic
1128 2481 1300 2560 pecuniaria
1309 2481 1426 2542 mulcta
1435 2477 1533 2539 inutilis

468 2585 547 2641 esset
568 2580 605 2642 ad
626 2581 828 2644 cohibendum
850 2581 1006 2643 bominem
1028 2579 1212 2660 predivitem
1230 2586 1284 2641 aut
1298 2579 1471 2656 delicatum,
1489 2577 1532 2655 qui

469 2681 599 2758 corporis
618 2681 720 2742 dolore
742 2682 790 2742 vel
810 2681 954 2743 dedecore
977 2681 1100 2760 publico
1118 2681 1208 2761 plane
1233 2681 1427 2742 frenabitur:
1448 2685 1533 2741 contra

469 2795 584 2859 pauper
594 2779 713 2843 villicus
726 2780 845 2845 mulcta
858 2781 1039 2863 pecuniarias
1053 2782 1149 2859 magis
1161 2797 1255 2861 quam
1269 2781 1433 2846 turbarum
1445 2781 1534 2841 timore

470 2880 650 2943 movebitur.

509 2980 613 3059 Igitur,
629 2983 773 3061 quoniam
785 2982 914 3061 alicujus
927 2984 970 3044 rei
985 2982 1111 3062 privatio
1125 2998 1186 3043 non
1199 2988 1245 3045 est
1258 2982 1387 3063 privatio
1401 2981 1475 3052 boni.
1486 2980 1533 3039 nisi

468 3099 503 3145 ca
518 3100 565 3145 nes
586 3085 624 3145 sit
643 3084 800 3147 tendentia
820 3084 978 3163 cujusdam
1002 3084 1085 3159 linis,
1100 3090 1229 3163 quatuor
1248 3084 1296 3144 bae
1313 3084 1495 3147 conditiones
1511 3078 1533 3139 iu

468 3200 557 3262 poena
577 3184 706 3260 singulis
725 3185 837 3245 civium
857 3183 1002 3245 classibus
1021 3183 1150 3263 aptanda
1170 3181 1323 3246 servande
1344 3189 1437 3246 sunt:
1458 3180 1534 3243 nenct

470 3280 524 3344 illa
538 3284 649 3344 scilicet
661 3282 922 3361 remdelinquenti
937 3283 1124 3354 subtrahere,
1143 3288 1242 3362 l⁰qua
1259 3284 1311 3345 ille
1327 3300 1388 3345 non
1401 3282 1533 3353 abundet;

468 3386 501 3442 2·
515 3384 604 3459 qu‘us
618 3384 811 3463 privationem
826 3390 983 3461 agnoscam
1000 3385 1031 3445 3·
1042 3384 1129 3459 cujus
1148 3383 1347 3459 indigentiam
1367 3384 1517 3465 persentiat
1523 3393 1531 3455 3

470 3480 502 3543 4⁰
513 3484 601 3559 cujus
612 3481 800 3561 adeptionem
813 3484 1121 3546 autconserrationent
1131 3482 1403 3545 rideatconnexam
1414 3500 1480 3547 cum
1489 3480 1532 3540 de-

470 3580 532 3641 licti
543 3580 714 3642 omissione.
730 3584 818 3659 Ergo,
829 3600 924 3661 quum
934 3582 1049 3643 diversa
1060 3583 1119 3643 siut
1131 3584 1267 3659 ionariis
1276 3573 1392 3645 civium
1403 3580 1532 3645 classibus

469 3680 608 3755 fortuna,
629 3681 821 3757 cognitiones.
839 3682 995 3758 desideria,
1015 3682 1101 3744 debet
1115 3698 1201 3762 poena
1216 3682 1334 3746 diuersa
1347 3701 1403 3764 pro
1420 3678 1532 3759 singulis

469 3778 506 3841 iis
517 3778 663 3843 elassibus
675 3784 824 3844 constitui.

510 3883 580 3945 967.
595 3883 723 3947 Cononn
736 3917 775 3930 -
790 3885 880 3947 totus
895 3884 1004 3949 liberos
1020 3892 1124 3949 natura
1143 3895 1284 3967 operatur
1300 3905 1374 3951 curu
1386 3884 1532 3951 consuntu

471 3981 600 4060 quadam
620 3982 708 4063 longe
727 3988 839 4063 majore
861 3986 894 4047 in
914 3986 1068 4066 speciebus
1087 4004 1179 4065 quum
1194 3987 1227 4049 in
1246 3988 1421 4050 individuis.
1437 3990 1530 4062 euru,

470 4083 566 4161 poenis
588 4084 623 4145 ad
638 4084 734 4145 varias
756 4084 867 4146 civium
887 4084 1071 4147 conditiones
1091 4088 1334 4166 accommodatis,
1356 4090 1467 4169 optima
1484 4096 1532 4163 qut

471 4180 534 4245 lieri
556 4190 651 4264 potest
670 4186 781 4246 ratione
796 4184 996 4265 impelluntur
1010 4188 1157 4249 sociorum
1172 4189 1344 4253 noluntates
1361 4188 1400 4251 ad
1413 4188 1531 4251 ordinem

471 4279 663 4343 serrandum.
679 4286 873 4362 Econtrario‚
884 4286 910 4346 si
922 4286 970 4347 lex
986 4284 1127 4349 tantidem
1141 4288 1306 4351 materialis
1320 4290 1353 4353 in
1367 4298 1532 4369 quacunque

471 4394 598 4458 pomona
610 4398 662 4461 pro
680 4382 784 4444 eodem
802 4384 910 4447 delicto
924 4385 1127 4463 adhiberetur,
1142 4394 1243 4468 aperta
1255 4391 1484 4451 committeretur
1495 4385 1532 4444 in·

467 4482 587 4559 justitia
604 4489 704 4544 contra
725 4476 821 4563 legem
838 4486 979 4549 torrtidem
992 4488 1237 4569 proportionalis.
1257 4491 1336 4552 Hine
1350 4506 1419 4551 vero
1436 4481 1530 4548 intelli·

471 4580 551 4657 gitur
571 4590 684 4660 quanta
700 4584 738 4644 sit
760 4601 865 4646 eorum
887 4585 1168 4666 imprudentia'qui,
1183 4589 1325 4670 perlecta
1347 4590 1423 4651 inter
1440 4596 1530 4647 omnes

471 4680 549 4742 nives
566 4684 744 4763 equalitatis
756 4684 856 4747 studio
876 4685 968 4761 ducti,
981 4688 1111 4767 pmnales
1130 4706 1236 4752 omnes
1251 4690 1452 4753 distinctiones
1463 4687 1530 4762 eius

471 4780 551 4841 tnodi
566 4782 652 4861 plane
663 4785 874 4846 condemnant.
888 4788 946 4859 Qui
956 4787 1091 4865 quidem,
1108 4797 1142 4850 ut
1153 4790 1318 4867 singularis
1332 4806 1433 4853 eorum
1446 4786 1527 4866 positi
