3559 5675
1588 336 1594 495 l

469 742 529 805 142
875 742 954 791 tonis
974 736 1135 789 barbulus

468 853 731 949 primanavutgos
745 857 844 935 ipsum
864 850 913 913 vel
933 848 1130 913 nudissimum
1150 844 1256 907 iisdem
1274 859 1392 923 quoque
1402 842 1522 905 sensibus

468 967 633 1029 imbuetur.
1405 1026 1407 1029 Ι

510 1068 580 1127 liae
596 1061 681 1123 varia
693 1052 792 1119 media
803 1052 946 1119 indirecta
959 1056 1104 1129 quautam
1117 1050 1180 1111 vim
1193 1046 1325 1109 habeant
1338 1046 1375 1109 ad
1390 1046 1477 1108 bonas
1485 1044 1524 1106 rel

471 1165 568 1228 malas
579 1160 734 1241 opiniones
744 1156 797 1218 toti
811 1153 902 1237 alicui
913 1150 1023 1231 populo
1036 1147 1225 1226 ingerendas,
1235 1144 1405 1209 luculenter
1415 1144 1526 1207 ostendit

472 1262 676 1328 funestissima
689 1244 814 1337 publica
826 1250 968 1313 doctrina
982 1265 1016 1310 ac
1028 1248 1097 1309 lidci
1109 1246 1255 1324 religiosa
1268 1244 1429 1325 corruptio,
1447 1260 1524 1323 quam

473 1379 598 1427 auorum
621 1366 652 1422 et
670 1361 790 1439 patrum
813 1356 986 1413 nostrorum
1009 1346 1163 1423 memoria,
1188 1344 1327 1425 sophista
1352 1362 1386 1407 ac
1411 1342 1526 1405 seditiosi
1593 1356 1594 1425 3

472 1465 619 1539 homines,
640 1458 784 1539 pessimas
803 1451 960 1536 opiniones
980 1447 1184 1526 undequaque
1203 1445 1412 1527 propagando,
1427 1444 1527 1505 inrcrc·
1593 1446 1594 1463 ¹

473 1572 556 1628 runt.
569 1564 618 1637 At,
632 1560 775 1638 quonum
791 1570 874 1615 error
885 1557 1001 1612 natura
1019 1547 1159 1609 humana
1173 1544 1372 1607 essentialiter
1389 1550 1528 1626 repugnat,
1593 1544 1594 1625 t

472 1664 582 1733 idcirco
595 1662 662 1737 ejus
675 1652 839 1717 dominatio
852 1663 971 1729 semper
981 1653 1009 1709 et
1022 1646 1175 1723 tyrannica
1187 1649 1217 1705 ct
1226 1643 1328 1705 labilis
1339 1645 1397 1707 erit
1413 1664 1420 1703 ι
1436 1642 1530 1705 sensim
1593 1634 1594 1729 ζ

475 1765 586 1846 etenim
605 1758 790 1839 sophismata
804 1750 933 1813 revelata
946 1750 1101 1827 patescunt
1114 1749 1144 1805 et
1154 1760 1346 1825 oppressores
1364 1743 1456 1807 eversi
1474 1758 1531 1803 con·

474 1864 589 1927 cidunt.
599 1862 624 1921 Ε
635 1853 794 1931 contrario,
805 1850 860 1913 ubi
871 1850 993 1911 societas
1005 1846 1173 1921 raritatem,
1188 1861 1317 1922 eamque
1330 1843 1371 1904 ab
1382 1840 1533 1905 auctoritate
1593 1866 1594 1871 1

477 1966 650 2047 protectam,
663 1951 840 2033 susceperit,
857 1956 928 2010 tunc
942 1946 994 2008 illa
1005 1951 1034 2009 et
1044 1950 1160 2007 mentes
1174 1942 1408 2005 ineluctabiliter
1419 1942 1532 2021 subjicit,

477 2070 508 2127 at
518 2060 648 2141 suaviter
660 2055 826 2118 voluntates
840 2048 975 2111 inllectit.
988 2049 1077 2125 Ergo,
1092 2052 1147 2107 etc.

518 2163 589 2225 909.
601 2160 771 2221 sosoma·
788 2128 1137 2224 ancoritau'ditigenter
1150 2143 1317 2209 cavendum
1340 2150 1398 2223 cst,
1410 2160 1458 2221 ne,
1477 2140 1535 2205 dun

478 2263 666 2325 decretorum
681 2268 807 2317 suorum
827 2250 1013 2311 honestatem
1027 2253 1114 2323 atque
1127 2245 1284 2306 utilitatem
1303 2242 1435 2307 subditis
1447 2240 1537 2325 patela-

479 2380 545 2427 eere
558 2361 636 2435 vult,
650 2374 755 2420 eorum
767 2366 960 2425 consensum,
975 2348 1062 2427 quasi
1074 2346 1112 2408 ad
1125 2346 1340 2423 obligationem
1356 2344 1537 2408 inducendam

481 2460 683 2525 necessarium
704 2457 756 2529 sit,
780 2451 952 2532 mendicare
974 2448 1121 2509 videatur.
1147 2447 1344 2525 Perspicuum
1367 2452 1431 2521 est,
1457 2442 1540 2505 sitalc

481 2563 598 2625 adesset
609 2554 789 2639 periculum,
799 2552 836 2613 ab
847 2553 930 2611 omni
943 2546 1096 2608 ratiocinio
1105 2546 1137 2606 in
1147 2545 1212 2623 lage
1224 2545 1420 2626 proponenda
1431 2549 1540 2621 autpro·

481 2657 645 2736 mulgendas
661 2649 918 2735 supersedendum
933 2663 1007 2709 csse
1023 2646 1072 2707 lis
1084 2646 1166 2709 enim
1185 2638 1372 2708 auctoritatis
1385 2662 1439 2725 per
1450 2660 1479 2705 se
1493 2639 1542 2702 sola

482 2763 606 2833 constat,
623 2772 677 2835 per
698 2770 730 2814 se
751 2750 815 2812 sota
829 2747 963 2810 sufficit:
980 2746 1078 2823 legem
1099 2750 1200 2805 autem
1222 2746 1388 2805 auctoritas
1410 2740 1543 2804 ratiocinio

376 2853 380 2858 ’
483 2858 612 2923 subditis
620 2851 850 2926 commendans,
868 2845 1039 2910 subsidium
1050 2830 1458 2922 quarerctinccrtissimum.
1469 2844 1544 2918 leges

484 2960 566 3023 enim
577 2954 810 3038 veljustissimae
824 2955 914 3028 atque
928 2945 1198 3027 opportunissima,
1211 2943 1389 3008 rationibus
1401 2960 1475 3024 sape
1490 2941 1543 3002 lar·

483 3061 594 3122 dantur
607 3055 698 3132 vulgo
712 3050 870 3114 inaccessis
880 3049 944 3110 sive
963 3045 1001 3108 ob
1022 3044 1170 3106 mentium
1191 3041 1424 3118 hebetudinem,
1444 3043 1500 3104 sire
1516 3038 1544 3099 ob
1593 3107 1594 3116 ρ

484 3161 672 3223 εοῐειιῐεῑιιω
692 3152 854 3214 malitiam.

526 3257 648 3314 Notatur
663 3243 841 3326 varoillud,
856 3259 911 3303 nos
925 3240 974 3302 bic
994 3239 1031 3302 de
1044 3255 1185 3319 suprema
1196 3255 1317 3320 semper
1328 3241 1500 3301 auctoritate
1515 3233 1546 3294 lo

486 3352 552 3429 qui,
571 3349 718 3410 nimirum
735 3343 773 3404 de
785 3356 911 3419 persona
928 3339 980 3400 illa
997 3356 1051 3400 seu
1065 3337 1188 3418 physica
1201 3354 1256 3400 scu
1273 3339 1398 3418 morali,
1412 3354 1477 3420 qua
1489 3329 1546 3394 suls
1593 3345 1594 3414 l

488 3451 565 3510 ditos
579 3463 684 3508 omncs
708 3439 866 3526 ordinandi
875 3441 929 3516 jus
942 3437 1044 3514 habet,
1053 3435 1090 3498 de
1102 3453 1196 3516 eaque
1210 3435 1357 3515 dicimus,
1373 3456 1440 3499 eam
1452 3440 1480 3498 in
1493 3433 1548 3495 sub

488 3549 558 3610 ditis
571 3563 623 3625 per
639 3544 719 3619 teges
729 3557 765 3602 ac
778 3544 923 3618 praecepta
941 3537 1092 3614 regendis,
1109 3539 1179 3614 jure
1193 3554 1249 3598 suo
1262 3539 1461 3616 potissimum
1479 3531 1549 3596 inniti

489 3647 607 3707 debere.
619 3643 717 3717 lorrgc
728 3637 813 3700 aliter
824 3637 974 3713 agendum
984 3641 1060 3697 esset
1072 3635 1152 3714 apud
1165 3636 1329 3698 concilium
1339 3655 1448 3700 eorum
1457 3635 1504 3713 qui
1510 3634 1550 3709 jus

490 3744 621 3822 suffragii
635 3739 820 3802 deliberativi
834 3738 866 3798 in
881 3736 1042 3816 republica
1058 3735 1189 3813 gerenda
1205 3736 1366 3800 haberent⁴
1387 3739 1425 3800 lli
1440 3745 1550 3810 namque
1593 3725 1594 3798 Ῑ

491 3861 608 3920 omnes,
622 3857 719 3920 quum
739 3839 799 3898 sint
820 3853 967 3917 supremae
986 3836 1168 3898 auctoritatis
1187 3837 1359 3917 participes,
1377 3855 1438 3899 non
1464 3835 1551 3914 guber·
1593 3809 1594 3812 Ἴ

491 3951 613 4021 nentur,
628 3939 678 4002 sed
690 3939 747 4019 ipsi
758 3934 938 4015 gubernant.
953 3937 1051 4008 Quare
1067 3953 1172 3996 eorum
1184 3935 1381 4014 suffragium,
1397 3953 1458 4000 non
1468 3939 1551 3998 aucto

493 4046 577 4105 ritate
595 4044 661 4119 ejus
674 4039 728 4118 qui
749 4037 847 4113 legem
864 4036 931 4114 lert,
947 4034 999 4095 sed
1013 4033 1192 4108 rationibus,
1211 4053 1281 4114 quaa
1304 4038 1383 4116 legis
1399 4031 1553 4118 opportuni·
1593 4105 1594 4114 ἵ

494 4149 582 4222 tatem
599 4140 811 4208 demonstrant,
825 4133 946 4194 fundari
968 4139 1062 4193 totum
1078 4133 1175 4194 debet.

534 4237 703 4318 Optandum
717 4236 808 4312 igitur
822 4239 852 4294 et
871 4221 1058 4294 laudandum
1072 4241 1126 4314 est,
1147 4241 1183 4296 ut
1201 4242 1319 4298 montes
1331 4237 1516 4298 subditorum
1526 4225 1553 4287 ob

495 4341 658 4416 imperante
675 4333 929 4416 persuadeantur:
955 4341 985 4394 at
1004 4333 1130 4393 minime
1152 4311 1192 4394 id*
1203 4337 1414 4409 necessarium
1429 4327 1555 4408 est„th

497 4440 558 4496 imo
576 4431 777 4513 periculosum
799 4439 980 4510 saepemque
1002 4432 1201 4511 impossibile,
1226 4411 1396 4514 praesertim
1416 4447 1509 4512 quoru
1527 4424 1555 4483 dt

496 4534 648 4615 praecptis
660 4549 693 4593 ac
705 4531 828 4594 decretis
847 4531 1077 4611 particularibus
1088 4535 1198 4612 agitur.
1214 4535 1346 4598 Facilius
1361 4535 1394 4596 id
1411 4535 1461 4595 liet
1475 4533 1555 4602 inst·

496 4631 649 4698 neralibus
667 4638 696 4695 et
715 4632 919 4697 mactantibus
937 4633 1069 4708 statutis,
1090 4651 1159 4710 qua
1177 4635 1297 4718 proprie
1319 4633 1404 4712 leges
1420 4633 1554 4694 vocantur.
