<?xml version="1.0" encoding="UTF-8"?>
<!DOCTYPE html PUBLIC "-//W3C//DTD XHTML 1.0 Transitional//EN"
    "http://www.w3.org/TR/xhtml1/DTD/xhtml1-transitional.dtd">
<html xmlns="http://www.w3.org/1999/xhtml" xml:lang="en" lang="en">
 <head>
  <title>
</title>
<meta http-equiv="Content-Type" content="text/html;charset=utf-8" />
  <meta name='ocr-system' content='tesseract 3.04.00' />
  <meta name='ocr-capabilities' content='ocr_page ocr_carea ocr_par ocr_line ocrx_word'/>
</head>
<body>
  <div class='ocr_page' id='page_1' title='image "./jurisnaturalisu00bensgoog_0471.png"; bbox 0 0 3559 5675; ppageno 0'>
   <div class='ocr_carea' id='block_1_1' title="bbox 539 682 1306 785">
    <p class='ocr_par' dir='ltr' id='par_1_1' title="bbox 539 682 1306 785">
     <span class='ocr_line' id='line_1_1' title="bbox 539 682 1306 785; baseline -0.009 -1"><span class='ocrx_word' id='word_1_1' title='bbox 539 736 645 785; x_wconf 75' lang='lat' dir='ltr'>suune.</span> <span class='ocrx_word' id='word_1_2' title='bbox 669 752 711 771; x_wconf 87' lang='lat'>-</span> <span class='ocrx_word' id='word_1_3' title='bbox 730 732 813 783; x_wconf 80' lang='lat' dir='ltr'>arans</span> <span class='ocrx_word' id='word_1_4' title='bbox 834 729 1022 782; x_wconf 83' lang='lat' dir='ltr'>uuooncruus.</span> <span class='ocrx_word' id='word_1_5' title='bbox 1172 748 1177 757; x_wconf 89' lang='lat'><strong>·</strong></span> <span class='ocrx_word' id='word_1_6' title='bbox 1240 682 1306 778; x_wconf 24' lang='lat' dir='ltr'>&#39;tol</span> 
     </span>
    </p>
   </div>
   <div class='ocr_carea' id='block_1_2' title="bbox 242 837 1341 4802">
    <p class='ocr_par' dir='ltr' id='par_1_2' title="bbox 261 837 1320 1616">
     <span class='ocr_line' id='line_1_2' title="bbox 299 837 1313 923; baseline -0.002 -22"><span class='ocrx_word' id='word_1_7' title='bbox 299 844 414 905; x_wconf 84' lang='lat' dir='ltr'><strong>Huncin</strong></span> <span class='ocrx_word' id='word_1_8' title='bbox 425 842 546 906; x_wconf 91' lang='lat' dir='ltr'>modum</span> <span class='ocrx_word' id='word_1_9' title='bbox 556 846 678 907; x_wconf 90' lang='lat' dir='ltr'>societas</span> <span class='ocrx_word' id='word_1_10' title='bbox 691 843 853 923; x_wconf 72' lang='lat' dir='ltr'>quispiam,</span> <span class='ocrx_word' id='word_1_11' title='bbox 864 858 890 900; x_wconf 89' lang='lat' dir='ltr'>u.</span> <span class='ocrx_word' id='word_1_12' title='bbox 902 857 947 920; x_wconf 72' lang='grc'>9.,</span> <span class='ocrx_word' id='word_1_13' title='bbox 960 837 1253 916; x_wconf 87' lang='lat' dir='ltr'>mathematicorum,</span> <span class='ocrx_word' id='word_1_14' title='bbox 1266 846 1313 900; x_wconf 89' lang='lat' dir='ltr'>est</span> 
     </span>
     <span class='ocr_line' id='line_1_3' title="bbox 266 938 1313 1025; baseline -0.003 -24"><span class='ocrx_word' id='word_1_15' title='bbox 266 940 395 1004; x_wconf 85' lang='lat' dir='ltr'>inordina</span> <span class='ocrx_word' id='word_1_16' title='bbox 408 960 461 1006; x_wconf 87' lang='lat' dir='ltr'>auo</span> <span class='ocrx_word' id='word_1_17' title='bbox 477 960 600 1024; x_wconf 85' lang='lat' dir='ltr'>prorsus</span> <span class='ocrx_word' id='word_1_18' title='bbox 615 940 834 1025; x_wconf 76' lang='lat' dir='ltr'>independens,</span> <span class='ocrx_word' id='word_1_19' title='bbox 847 941 922 1018; x_wconf 87' lang='lat' dir='ltr'>quia</span> <span class='ocrx_word' id='word_1_20' title='bbox 932 940 1015 1015; x_wconf 77' lang='lat' dir='ltr'>leges</span> <span class='ocrx_word' id='word_1_21' title='bbox 1024 938 1202 1016; x_wconf 77' lang='lat' dir='ltr'>quantitatis</span> <span class='ocrx_word' id='word_1_22' title='bbox 1212 938 1313 1016; x_wconf 84' lang='lat' dir='ltr'>expli·</span> 
     </span>
     <span class='ocr_line' id='line_1_4' title="bbox 266 1036 1317 1123; baseline -0.004 -20"><span class='ocrx_word' id='word_1_23' title='bbox 266 1042 352 1103; x_wconf 86' lang='lat' dir='ltr'>catita</span> <span class='ocrx_word' id='word_1_24' title='bbox 365 1044 491 1105; x_wconf 90' lang='lat' dir='ltr'>utnulla</span> <span class='ocrx_word' id='word_1_25' title='bbox 505 1045 551 1105; x_wconf 87' lang='lat' dir='ltr'>vis</span> <span class='ocrx_word' id='word_1_26' title='bbox 565 1045 660 1123; x_wconf 85' lang='lat' dir='ltr'>possit</span> <span class='ocrx_word' id='word_1_27' title='bbox 671 1043 725 1105; x_wconf 93' lang='lat' dir='ltr'>has</span> <span class='ocrx_word' id='word_1_28' title='bbox 736 1044 818 1120; x_wconf 81' lang='lat' dir='ltr'>leges</span> <span class='ocrx_word' id='word_1_29' title='bbox 826 1041 1003 1101; x_wconf 85' lang='lat' dir='ltr'>immutare.</span> <span class='ocrx_word' id='word_1_30' title='bbox 1015 1038 1119 1113; x_wconf 84' lang='lat' dir='ltr'>Neque</span> <span class='ocrx_word' id='word_1_31' title='bbox 1126 1036 1258 1114; x_wconf 87' lang='lat' dir='ltr'>putanda</span> <span class='ocrx_word' id='word_1_32' title='bbox 1271 1044 1317 1099; x_wconf 85' lang='lat' dir='ltr'>cst</span> 
     </span>
     <span class='ocr_line' id='line_1_5' title="bbox 265 1136 1319 1222; baseline -0.007 -20"><span class='ocrx_word' id='word_1_33' title='bbox 265 1141 318 1202; x_wconf 88' lang='lat' dir='ltr'>hac</span> <span class='ocrx_word' id='word_1_34' title='bbox 334 1141 556 1222; x_wconf 85' lang='lat' dir='ltr'>independentia</span> <span class='ocrx_word' id='word_1_35' title='bbox 572 1143 604 1203; x_wconf 91' lang='lat' dir='ltr'>iu</span> <span class='ocrx_word' id='word_1_36' title='bbox 625 1141 730 1203; x_wconf 91' lang='lat' dir='ltr'>ordine</span> <span class='ocrx_word' id='word_1_37' title='bbox 750 1141 849 1203; x_wconf 87' lang='lat' dir='ltr'>solum</span> <span class='ocrx_word' id='word_1_38' title='bbox 863 1140 1010 1200; x_wconf 89' lang='lat' dir='ltr'>abstracto</span> <span class='ocrx_word' id='word_1_39' title='bbox 1027 1136 1161 1213; x_wconf 87' lang='lat' dir='ltr'>quodam</span> <span class='ocrx_word' id='word_1_40' title='bbox 1175 1143 1206 1196; x_wconf 85' lang='lat' dir='ltr'>et</span> <span class='ocrx_word' id='word_1_41' title='bbox 1218 1137 1319 1196; x_wconf 85' lang='lat' dir='ltr'>inelli-</span> 
     </span>
     <span class='ocr_line' id='line_1_6' title="bbox 263 1236 1320 1325; baseline -0.004 -24"><span class='ocrx_word' id='word_1_42' title='bbox 263 1241 313 1301; x_wconf 89' lang='lat' dir='ltr'>caoi</span> <span class='ocrx_word' id='word_1_43' title='bbox 326 1248 462 1305; x_wconf 81' lang='lat' dir='ltr'>constare.</span> <span class='ocrx_word' id='word_1_44' title='bbox 487 1243 616 1321; x_wconf 79' lang='lat' dir='ltr'>Etenim,</span> <span class='ocrx_word' id='word_1_45' title='bbox 631 1242 686 1302; x_wconf 91' lang='lat' dir='ltr'>ubi</span> <span class='ocrx_word' id='word_1_46' title='bbox 706 1240 753 1303; x_wconf 84' lang='lat' dir='ltr'>lue</span> <span class='ocrx_word' id='word_1_47' title='bbox 765 1241 847 1325; x_wconf 80' lang='lat' dir='ltr'>leges</span> <span class='ocrx_word' id='word_1_48' title='bbox 861 1236 1012 1318; x_wconf 88' lang='lat' dir='ltr'>corporeis</span> <span class='ocrx_word' id='word_1_49' title='bbox 1032 1236 1148 1296; x_wconf 82' lang='lat' dir='ltr'>viribus</span> <span class='ocrx_word' id='word_1_50' title='bbox 1170 1236 1320 1297; x_wconf 85' lang='lat' dir='ltr'>inordina</span> 
     </span>
     <span class='ocr_line' id='line_1_7' title="bbox 261 1335 1318 1421; baseline -0.006 -19"><span class='ocrx_word' id='word_1_51' title='bbox 261 1340 322 1401; x_wconf 89' lang='lat' dir='ltr'>reali</span> <span class='ocrx_word' id='word_1_52' title='bbox 336 1342 387 1403; x_wconf 89' lang='lat' dir='ltr'>rite</span> <span class='ocrx_word' id='word_1_53' title='bbox 397 1342 594 1421; x_wconf 88' lang='lat' dir='ltr'>applicentur,</span> <span class='ocrx_word' id='word_1_54' title='bbox 609 1341 666 1403; x_wconf 91' lang='lat' dir='ltr'>has</span> <span class='ocrx_word' id='word_1_55' title='bbox 683 1342 762 1402; x_wconf 83' lang='lat' dir='ltr'>vires</span> <span class='ocrx_word' id='word_1_56' title='bbox 776 1340 815 1400; x_wconf 91' lang='lat' dir='ltr'>iis</span> <span class='ocrx_word' id='word_1_57' title='bbox 829 1336 949 1416; x_wconf 81' lang='lat' dir='ltr'>legibus</span> <span class='ocrx_word' id='word_1_58' title='bbox 959 1335 1102 1398; x_wconf 89' lang='lat' dir='ltr'>contiuuo</span> <span class='ocrx_word' id='word_1_59' title='bbox 1111 1339 1141 1394; x_wconf 91' lang='lat' dir='ltr'>et</span> <span class='ocrx_word' id='word_1_60' title='bbox 1151 1336 1318 1396; x_wconf 87' lang='lat' dir='ltr'>necessario</span> 
     </span>
     <span class='ocr_line' id='line_1_8' title="bbox 261 1433 1317 1521; baseline -0.005 -21"><span class='ocrx_word' id='word_1_61' title='bbox 261 1439 382 1501; x_wconf 82' lang='lat' dir='ltr'>videmus</span> <span class='ocrx_word' id='word_1_62' title='bbox 400 1442 617 1521; x_wconf 83' lang='lat' dir='ltr'>obtemperare,</span> <span class='ocrx_word' id='word_1_63' title='bbox 632 1456 730 1519; x_wconf 90' lang='lat' dir='ltr'>neque</span> <span class='ocrx_word' id='word_1_64' title='bbox 745 1439 806 1501; x_wconf 90' lang='lat' dir='ltr'>illis</span> <span class='ocrx_word' id='word_1_65' title='bbox 819 1454 908 1518; x_wconf 86' lang='lat' dir='ltr'>posse</span> <span class='ocrx_word' id='word_1_66' title='bbox 921 1436 1071 1509; x_wconf 86' lang='lat' dir='ltr'>resistere,</span> <span class='ocrx_word' id='word_1_67' title='bbox 1084 1433 1144 1494; x_wconf 91' lang='lat' dir='ltr'>uisi</span> <span class='ocrx_word' id='word_1_68' title='bbox 1157 1434 1317 1513; x_wconf 80' lang='lat' dir='ltr'>applicatio</span> 
     </span>
     <span class='ocr_line' id='line_1_9' title="bbox 262 1533 1256 1616; baseline -0.007 -18"><span class='ocrx_word' id='word_1_69' title='bbox 262 1540 395 1602; x_wconf 83' lang='lat' dir='ltr'>averitate</span> <span class='ocrx_word' id='word_1_70' title='bbox 408 1541 462 1603; x_wconf 92' lang='lat' dir='ltr'>illa</span> <span class='ocrx_word' id='word_1_71' title='bbox 474 1542 516 1601; x_wconf 90' lang='lat' dir='ltr'>rei</span> <span class='ocrx_word' id='word_1_72' title='bbox 531 1540 747 1602; x_wconf 77' lang='lat' dir='ltr'>mathematicae</span> <span class='ocrx_word' id='word_1_73' title='bbox 762 1539 868 1616; x_wconf 86' lang='lat' dir='ltr'>aliqua</span> <span class='ocrx_word' id='word_1_74' title='bbox 882 1553 919 1597; x_wconf 82' lang='lat' dir='ltr'>en</span> <span class='ocrx_word' id='word_1_75' title='bbox 930 1542 1015 1613; x_wconf 89' lang='lat' dir='ltr'>parte</span> <span class='ocrx_word' id='word_1_76' title='bbox 1024 1533 1188 1595; x_wconf 86' lang='lat' dir='ltr'>recesserit.</span> <span class='ocrx_word' id='word_1_77' title='bbox 1253 1566 1256 1571; x_wconf 96' lang='lat'>-</span> 
     </span>
    </p>

    <p class='ocr_par' dir='ltr' id='par_1_3' title="bbox 256 1633 1322 1917">
     <span class='ocr_line' id='line_1_10' title="bbox 293 1633 1321 1717; baseline -0.007 -16"><span class='ocrx_word' id='word_1_78' title='bbox 293 1640 333 1701; x_wconf 89' lang='lat' dir='ltr'>Ob</span> <span class='ocrx_word' id='word_1_79' title='bbox 350 1641 469 1703; x_wconf 85' lang='lat' dir='ltr'>easdem</span> <span class='ocrx_word' id='word_1_80' title='bbox 487 1658 591 1702; x_wconf 85' lang='lat' dir='ltr'>causas</span> <span class='ocrx_word' id='word_1_81' title='bbox 613 1640 736 1703; x_wconf 83' lang='lat' dir='ltr'>societas</span> <span class='ocrx_word' id='word_1_82' title='bbox 756 1638 922 1717; x_wconf 78' lang='lat' dir='ltr'>quapiam,</span> <span class='ocrx_word' id='word_1_83' title='bbox 945 1654 975 1695; x_wconf 83' lang='lat' dir='ltr'>c.</span> <span class='ocrx_word' id='word_1_84' title='bbox 997 1654 1052 1714; x_wconf 72' lang='lat' dir='ltr'>p,</span> <span class='ocrx_word' id='word_1_85' title='bbox 1072 1633 1321 1713; x_wconf 88' lang='lat' dir='ltr'>philosophorum</span> 
     </span>
     <span class='ocr_line' id='line_1_11' title="bbox 258 1732 1322 1817; baseline -0.005 -20"><span class='ocrx_word' id='word_1_86' title='bbox 258 1738 402 1801; x_wconf 88' lang='lat' dir='ltr'>moralium</span> <span class='ocrx_word' id='word_1_87' title='bbox 422 1742 481 1802; x_wconf 89' lang='lat' dir='ltr'>erit</span> <span class='ocrx_word' id='word_1_88' title='bbox 502 1740 699 1801; x_wconf 81' lang='lat' dir='ltr'>essentialiter</span> <span class='ocrx_word' id='word_1_89' title='bbox 719 1736 946 1817; x_wconf 90' lang='lat' dir='ltr'>independens,</span> <span class='ocrx_word' id='word_1_90' title='bbox 968 1732 1115 1812; x_wconf 85' lang='lat' dir='ltr'>quamdiu</span> <span class='ocrx_word' id='word_1_91' title='bbox 1138 1732 1191 1793; x_wconf 93' lang='lat' dir='ltr'>illa</span> <span class='ocrx_word' id='word_1_92' title='bbox 1215 1749 1322 1793; x_wconf 81' lang='lat' dir='ltr'>verum</span> 
     </span>
     <span class='ocr_line' id='line_1_12' title="bbox 256 1836 1001 1917; baseline -0.005 -22"><span class='ocrx_word' id='word_1_93' title='bbox 256 1838 368 1913; x_wconf 90' lang='lat' dir='ltr'>morale,</span> <span class='ocrx_word' id='word_1_94' title='bbox 380 1838 458 1900; x_wconf 91' lang='lat' dir='ltr'>idest</span> <span class='ocrx_word' id='word_1_95' title='bbox 468 1838 628 1901; x_wconf 87' lang='lat' dir='ltr'>honestum</span> <span class='ocrx_word' id='word_1_96' title='bbox 640 1840 833 1917; x_wconf 83' lang='lat' dir='ltr'>justumque,</span> <span class='ocrx_word' id='word_1_97' title='bbox 846 1836 1001 1913; x_wconf 87' lang='lat' dir='ltr'>proponet.</span> 
     </span>
    </p>

    <p class='ocr_par' dir='ltr' id='par_1_4' title="bbox 254 1929 1322 2319">
     <span class='ocr_line' id='line_1_13' title="bbox 289 1929 1322 2017; baseline -0.009 -17"><span class='ocrx_word' id='word_1_98' title='bbox 289 1940 372 2017; x_wconf 76' lang='lat' dir='ltr'>lltqm</span> <span class='ocrx_word' id='word_1_99' title='bbox 383 1940 550 2001; x_wconf 88' lang='lat' dir='ltr'>christiana</span> <span class='ocrx_word' id='word_1_100' title='bbox 561 1939 694 2001; x_wconf 83' lang='lat' dir='ltr'>Ecclesia</span> <span class='ocrx_word' id='word_1_101' title='bbox 706 1944 751 1999; x_wconf 89' lang='lat' dir='ltr'>est</span> <span class='ocrx_word' id='word_1_102' title='bbox 762 1937 885 1997; x_wconf 87' lang='lat' dir='ltr'>societas</span> <span class='ocrx_word' id='word_1_103' title='bbox 895 1932 1031 2011; x_wconf 77' lang='lat' dir='ltr'>quadam</span> <span class='ocrx_word' id='word_1_104' title='bbox 1042 1929 1218 2011; x_wconf 90' lang='lat' dir='ltr'>spiritualis.</span> <span class='ocrx_word' id='word_1_105' title='bbox 1232 1933 1322 2008; x_wconf 81' lang='lat' dir='ltr'>Ergo,</span> 
     </span>
     <span class='ocr_line' id='line_1_14' title="bbox 256 2029 1322 2118; baseline -0.006 -20"><span class='ocrx_word' id='word_1_106' title='bbox 256 2040 328 2101; x_wconf 93' lang='lat' dir='ltr'>iniis</span> <span class='ocrx_word' id='word_1_107' title='bbox 340 2039 484 2102; x_wconf 85' lang='lat' dir='ltr'>omnibus</span> <span class='ocrx_word' id='word_1_108' title='bbox 498 2056 566 2118; x_wconf 82' lang='lat' dir='ltr'>quae</span> <span class='ocrx_word' id='word_1_109' title='bbox 580 2038 617 2100; x_wconf 91' lang='lat' dir='ltr'>ad</span> <span class='ocrx_word' id='word_1_110' title='bbox 639 2042 707 2117; x_wconf 77' lang='lat' dir='ltr'>ejus</span> <span class='ocrx_word' id='word_1_111' title='bbox 725 2035 916 2098; x_wconf 86' lang='lat' dir='ltr'>constitutiva</span> <span class='ocrx_word' id='word_1_112' title='bbox 936 2029 1070 2106; x_wconf 87' lang='lat' dir='ltr'>socialia,</span> <span class='ocrx_word' id='word_1_113' title='bbox 1084 2048 1152 2108; x_wconf 79' lang='lat' dir='ltr'>qua</span> <span class='ocrx_word' id='word_1_114' title='bbox 1168 2037 1240 2092; x_wconf 91' lang='lat' dir='ltr'>sunt</span> <span class='ocrx_word' id='word_1_115' title='bbox 1256 2048 1322 2111; x_wconf 89' lang='lat' dir='ltr'>pro·</span> 
     </span>
     <span class='ocr_line' id='line_1_15' title="bbox 256 2131 1321 2218; baseline -0.007 -20"><span class='ocrx_word' id='word_1_116' title='bbox 256 2140 328 2217; x_wconf 90' lang='lat' dir='ltr'>prius</span> <span class='ocrx_word' id='word_1_117' title='bbox 339 2140 422 2201; x_wconf 92' lang='lat' dir='ltr'>illius</span> <span class='ocrx_word' id='word_1_118' title='bbox 436 2140 510 2200; x_wconf 90' lang='lat' dir='ltr'>finis</span> <span class='ocrx_word' id='word_1_119' title='bbox 522 2144 552 2201; x_wconf 90' lang='lat' dir='ltr'>et</span> <span class='ocrx_word' id='word_1_120' title='bbox 564 2138 684 2218; x_wconf 88' lang='lat' dir='ltr'>propria</span> <span class='ocrx_word' id='word_1_121' title='bbox 696 2135 807 2206; x_wconf 91' lang='lat' dir='ltr'>media,</span> <span class='ocrx_word' id='word_1_122' title='bbox 823 2134 985 2214; x_wconf 86' lang='lat' dir='ltr'>pertinent,</span> <span class='ocrx_word' id='word_1_123' title='bbox 996 2146 1118 2209; x_wconf 88' lang='lat' dir='ltr'>prorsus</span> <span class='ocrx_word' id='word_1_124' title='bbox 1131 2136 1188 2203; x_wconf 90' lang='lat' dir='ltr'>est,</span> <span class='ocrx_word' id='word_1_125' title='bbox 1197 2131 1321 2209; x_wconf 88' lang='lat' dir='ltr'>perinde</span> 
     </span>
     <span class='ocr_line' id='line_1_16' title="bbox 254 2227 1052 2319; baseline -0.016 -19"><span class='ocrx_word' id='word_1_126' title='bbox 254 2256 282 2301; x_wconf 88' lang='lat' dir='ltr'>ac</span> <span class='ocrx_word' id='word_1_127' title='bbox 292 2240 346 2302; x_wconf 90' lang='lat' dir='ltr'>alia</span> <span class='ocrx_word' id='word_1_128' title='bbox 357 2239 634 2319; x_wconf 79' lang='lat' dir='ltr'>qualibetsocietas</span> <span class='ocrx_word' id='word_1_129' title='bbox 645 2234 822 2315; x_wconf 88' lang='lat' dir='ltr'>spiritualis,</span> <span class='ocrx_word' id='word_1_130' title='bbox 837 2227 1052 2308; x_wconf 88' lang='lat' dir='ltr'>independens.</span> 
     </span>
    </p>

    <p class='ocr_par' dir='ltr' id='par_1_5' title="bbox 246 2326 1326 3520">
     <span class='ocr_line' id='line_1_17' title="bbox 288 2326 1319 2406; baseline -0.012 -7"><span class='ocrx_word' id='word_1_131' title='bbox 288 2341 317 2399; x_wconf 75' lang='lat'>2⁰</span> <span class='ocrx_word' id='word_1_132' title='bbox 334 2340 446 2403; x_wconf 83' lang='lat' dir='ltr'>Eadem</span> <span class='ocrx_word' id='word_1_133' title='bbox 461 2344 505 2399; x_wconf 91' lang='lat' dir='ltr'>est</span> <span class='ocrx_word' id='word_1_134' title='bbox 518 2337 636 2399; x_wconf 88' lang='lat' dir='ltr'>socialis</span> <span class='ocrx_word' id='word_1_135' title='bbox 649 2332 779 2397; x_wconf 89' lang='lat' dir='ltr'>conditio</span> <span class='ocrx_word' id='word_1_136' title='bbox 793 2331 958 2406; x_wconf 84' lang='lat' dir='ltr'>unicuique</span> <span class='ocrx_word' id='word_1_137' title='bbox 970 2326 1103 2387; x_wconf 86' lang='lat' dir='ltr'>societati</span> <span class='ocrx_word' id='word_1_138' title='bbox 1113 2331 1143 2385; x_wconf 89' lang='lat' dir='ltr'>et</span> <span class='ocrx_word' id='word_1_139' title='bbox 1158 2327 1286 2405; x_wconf 87' lang='lat' dir='ltr'>principi</span> <span class='ocrx_word' id='word_1_140' title='bbox 1301 2346 1319 2387; x_wconf 89' lang='lat' dir='ltr'>a</span> 
     </span>
     <span class='ocr_line' id='line_1_18' title="bbox 252 2425 1322 2518; baseline -0.013 -19"><span class='ocrx_word' id='word_1_141' title='bbox 252 2456 304 2517; x_wconf 87' lang='lat' dir='ltr'>quo</span> <span class='ocrx_word' id='word_1_142' title='bbox 319 2441 370 2502; x_wconf 91' lang='lat' dir='ltr'>iila</span> <span class='ocrx_word' id='word_1_143' title='bbox 382 2442 584 2518; x_wconf 81' lang='lat' dir='ltr'>gubernatur.</span> <span class='ocrx_word' id='word_1_144' title='bbox 600 2435 690 2513; x_wconf 79' lang='lat' dir='ltr'>Atqui</span> <span class='ocrx_word' id='word_1_145' title='bbox 704 2433 841 2514; x_wconf 88' lang='lat' dir='ltr'>princeps</span> <span class='ocrx_word' id='word_1_146' title='bbox 854 2428 891 2490; x_wconf 89' lang='lat' dir='ltr'>ad</span> <span class='ocrx_word' id='word_1_147' title='bbox 906 2426 1068 2488; x_wconf 81' lang='lat' dir='ltr'>Ecclesiam</span> <span class='ocrx_word' id='word_1_148' title='bbox 1081 2425 1252 2485; x_wconf 84' lang='lat' dir='ltr'>uniuersam</span> <span class='ocrx_word' id='word_1_149' title='bbox 1266 2443 1322 2502; x_wconf 78' lang='lat' dir='ltr'>gu-</span> 
     </span>
     <span class='ocr_line' id='line_1_19' title="bbox 253 2525 1320 2611; baseline -0.014 -10"><span class='ocrx_word' id='word_1_150' title='bbox 253 2540 459 2603; x_wconf 81' lang='lat' dir='ltr'>ireinandama</span> <span class='ocrx_word' id='word_1_151' title='bbox 480 2538 598 2601; x_wconf 84' lang='lat' dir='ltr'>Christo</span> <span class='ocrx_word' id='word_1_152' title='bbox 609 2534 735 2596; x_wconf 85' lang='lat' dir='ltr'>Domino</span> <span class='ocrx_word' id='word_1_153' title='bbox 750 2531 916 2611; x_wconf 79' lang='lat' dir='ltr'>praelectus,</span> <span class='ocrx_word' id='word_1_154' title='bbox 934 2528 1005 2606; x_wconf 85' lang='lat' dir='ltr'>jure</span> <span class='ocrx_word' id='word_1_155' title='bbox 1018 2525 1121 2587; x_wconf 84' lang='lat' dir='ltr'>divino</span> <span class='ocrx_word' id='word_1_156' title='bbox 1131 2530 1177 2585; x_wconf 88' lang='lat' dir='ltr'>est</span> <span class='ocrx_word' id='word_1_157' title='bbox 1195 2526 1320 2587; x_wconf 90' lang='lat' dir='ltr'>omniuo</span> 
     </span>
     <span class='ocr_line' id='line_1_20' title="bbox 253 2624 1321 2719; baseline -0.011 -22"><span class='ocrx_word' id='word_1_158' title='bbox 253 2640 461 2719; x_wconf 87' lang='lat' dir='ltr'>independens.</span> <span class='ocrx_word' id='word_1_159' title='bbox 478 2640 553 2699; x_wconf 83' lang='lat' dir='ltr'>llam</span> <span class='ocrx_word' id='word_1_160' title='bbox 574 2639 658 2697; x_wconf 87' lang='lat' dir='ltr'>Petro</span> <span class='ocrx_word' id='word_1_161' title='bbox 672 2636 797 2711; x_wconf 89' lang='lat' dir='ltr'>ejusque</span> <span class='ocrx_word' id='word_1_162' title='bbox 811 2627 1044 2700; x_wconf 85' lang='lat' dir='ltr'>successoribus,</span> <span class='ocrx_word' id='word_1_163' title='bbox 1065 2624 1207 2685; x_wconf 81' lang='lat' dir='ltr'>Romanis</span> <span class='ocrx_word' id='word_1_164' title='bbox 1221 2627 1321 2686; x_wconf 87' lang='lat' dir='ltr'>Ponti-</span> 
     </span>
     <span class='ocr_line' id='line_1_21' title="bbox 253 2724 1320 2821; baseline -0.013 -22"><span class='ocrx_word' id='word_1_165' title='bbox 253 2738 358 2819; x_wconf 86' lang='lat' dir='ltr'>licibus,</span> <span class='ocrx_word' id='word_1_166' title='bbox 367 2739 491 2821; x_wconf 81' lang='lat' dir='ltr'>pienum</span> <span class='ocrx_word' id='word_1_167' title='bbox 513 2741 685 2815; x_wconf 90' lang='lat' dir='ltr'>potestatem</span> <span class='ocrx_word' id='word_1_168' title='bbox 703 2730 880 2793; x_wconf 86' lang='lat' dir='ltr'>universalis</span> <span class='ocrx_word' id='word_1_169' title='bbox 900 2726 1039 2788; x_wconf 79' lang='lat' dir='ltr'>Ecclesia</span> <span class='ocrx_word' id='word_1_170' title='bbox 1052 2724 1205 2802; x_wconf 77' lang='lat' dir='ltr'>pascenda</span> <span class='ocrx_word' id='word_1_171' title='bbox 1217 2728 1249 2784; x_wconf 89' lang='lat' dir='ltr'>et</span> <span class='ocrx_word' id='word_1_172' title='bbox 1264 2742 1320 2801; x_wconf 78' lang='lat' dir='ltr'>gu-</span> 
     </span>
     <span class='ocr_line' id='line_1_22' title="bbox 250 2823 1322 2906; baseline -0.014 -6"><span class='ocrx_word' id='word_1_173' title='bbox 250 2840 399 2903; x_wconf 75' lang='lat' dir='ltr'>bernanda</span> <span class='ocrx_word' id='word_1_174' title='bbox 411 2840 555 2904; x_wconf 85' lang='lat' dir='ltr'>Christus</span> <span class='ocrx_word' id='word_1_175' title='bbox 569 2835 714 2898; x_wconf 85' lang='lat' dir='ltr'>[lominus</span> <span class='ocrx_word' id='word_1_176' title='bbox 727 2829 847 2892; x_wconf 84' lang='lat' dir='ltr'>tradidit</span> <span class='ocrx_word' id='word_1_177' title='bbox 865 2826 968 2906; x_wconf 75' lang='lat'><strong>(1260)</strong></span> <span class='ocrx_word' id='word_1_178' title='bbox 983 2849 990 2899; x_wconf 92' lang='lat'>;</span> <span class='ocrx_word' id='word_1_179' title='bbox 1003 2823 1101 2886; x_wconf 88' lang='lat' dir='ltr'>eidem</span> <span class='ocrx_word' id='word_1_180' title='bbox 1111 2839 1217 2885; x_wconf 87' lang='lat' dir='ltr'>omnes</span> <span class='ocrx_word' id='word_1_181' title='bbox 1229 2839 1322 2900; x_wconf 79' lang='lat' dir='ltr'>agnos</span> 
     </span>
     <span class='ocr_line' id='line_1_23' title="bbox 249 2923 1323 3020; baseline -0.02 -18"><span class='ocrx_word' id='word_1_182' title='bbox 249 2957 368 3020; x_wconf 80' lang='lat' dir='ltr'>ovesque</span> <span class='ocrx_word' id='word_1_183' title='bbox 379 2957 456 3002; x_wconf 88' lang='lat' dir='ltr'>suas</span> <span class='ocrx_word' id='word_1_184' title='bbox 477 2935 638 3020; x_wconf 88' lang='lat' dir='ltr'>pascendas</span> <span class='ocrx_word' id='word_1_185' title='bbox 652 2932 718 2994; x_wconf 91' lang='lat' dir='ltr'>sine</span> <span class='ocrx_word' id='word_1_186' title='bbox 732 2931 799 3002; x_wconf 85' lang='lat' dir='ltr'>ulla</span> <span class='ocrx_word' id='word_1_187' title='bbox 813 2927 991 2988; x_wconf 88' lang='lat' dir='ltr'>limitatione</span> <span class='ocrx_word' id='word_1_188' title='bbox 1004 2923 1163 2995; x_wconf 83' lang='lat' dir='ltr'>commisit,</span> <span class='ocrx_word' id='word_1_189' title='bbox 1176 2928 1207 2982; x_wconf 94' lang='lat' dir='ltr'>et</span> <span class='ocrx_word' id='word_1_190' title='bbox 1224 2929 1323 3000; x_wconf 88' lang='lat' dir='ltr'>potes-</span> 
     </span>
     <span class='ocr_line' id='line_1_24' title="bbox 249 3021 1324 3121; baseline -0.017 -22"><span class='ocrx_word' id='word_1_191' title='bbox 249 3046 330 3104; x_wconf 86' lang='lat' dir='ltr'>tatem</span> <span class='ocrx_word' id='word_1_192' title='bbox 353 3053 557 3121; x_wconf 80' lang='lat' dir='ltr'>quaecumqne</span> <span class='ocrx_word' id='word_1_193' title='bbox 582 3033 696 3111; x_wconf 83' lang='lat' dir='ltr'>ligandi</span> <span class='ocrx_word' id='word_1_194' title='bbox 719 3036 749 3092; x_wconf 91' lang='lat' dir='ltr'>et</span> <span class='ocrx_word' id='word_1_195' title='bbox 769 3025 927 3100; x_wconf 85' lang='lat' dir='ltr'>solvendi,</span> <span class='ocrx_word' id='word_1_196' title='bbox 950 3023 1027 3084; x_wconf 89' lang='lat' dir='ltr'>datis</span> <span class='ocrx_word' id='word_1_197' title='bbox 1048 3022 1094 3081; x_wconf 90' lang='lat' dir='ltr'>illi</span> <span class='ocrx_word' id='word_1_198' title='bbox 1114 3021 1169 3079; x_wconf 92' lang='lat' dir='ltr'>uni</span> <span class='ocrx_word' id='word_1_199' title='bbox 1189 3021 1324 3082; x_wconf 83' lang='lat' dir='ltr'>claribus</span> 
     </span>
     <span class='ocr_line' id='line_1_25' title="bbox 248 3118 1325 3218; baseline -0.02 -19"><span class='ocrx_word' id='word_1_200' title='bbox 248 3142 326 3218; x_wconf 74' lang='lat' dir='ltr'>regni</span> <span class='ocrx_word' id='word_1_201' title='bbox 341 3142 506 3210; x_wconf 74' lang='lat' dir='ltr'>ciclorum,</span> <span class='ocrx_word' id='word_1_202' title='bbox 521 3133 644 3198; x_wconf 88' lang='lat' dir='ltr'>eredidit</span> <span class='ocrx_word' id='word_1_203' title='bbox 668 3127 754 3208; x_wconf 83' lang='lat' dir='ltr'>(ibid.</span> <span class='ocrx_word' id='word_1_204' title='bbox 776 3134 804 3188; x_wconf 89' lang='lat' dir='ltr'>et</span> <span class='ocrx_word' id='word_1_205' title='bbox 826 3125 927 3203; x_wconf 75' lang='lat'>1267).</span> <span class='ocrx_word' id='word_1_206' title='bbox 944 3125 1022 3199; x_wconf 80' lang='lat' dir='ltr'>Ergo</span> <span class='ocrx_word' id='word_1_207' title='bbox 1035 3135 1176 3198; x_wconf 86' lang='lat' dir='ltr'>suprema</span> <span class='ocrx_word' id='word_1_208' title='bbox 1190 3118 1325 3179; x_wconf 80' lang='lat' dir='ltr'>Ecclesia</span> 
     </span>
     <span class='ocr_line' id='line_1_26' title="bbox 248 3217 1326 3313; baseline -0.019 -15"><span class='ocrx_word' id='word_1_209' title='bbox 248 3233 402 3302; x_wconf 82' lang='lat' dir='ltr'>aimlor&#39;itas</span> <span class='ocrx_word' id='word_1_210' title='bbox 416 3244 466 3300; x_wconf 88' lang='lat' dir='ltr'>est</span> <span class='ocrx_word' id='word_1_211' title='bbox 476 3239 546 3313; x_wconf 89' lang='lat' dir='ltr'>jnre</span> <span class='ocrx_word' id='word_1_212' title='bbox 566 3233 668 3294; x_wconf 81' lang='lat' dir='ltr'>diuino</span> <span class='ocrx_word' id='word_1_213' title='bbox 682 3243 804 3309; x_wconf 82' lang='lat' dir='ltr'>prorsus</span> <span class='ocrx_word' id='word_1_214' title='bbox 825 3221 1032 3302; x_wconf 88' lang='lat' dir='ltr'>independens</span> <span class='ocrx_word' id='word_1_215' title='bbox 1049 3222 1082 3279; x_wconf 93' lang='lat' dir='ltr'>in</span> <span class='ocrx_word' id='word_1_216' title='bbox 1096 3217 1238 3279; x_wconf 88' lang='lat' dir='ltr'>omuibus</span> <span class='ocrx_word' id='word_1_217' title='bbox 1257 3235 1326 3296; x_wconf 79' lang='lat' dir='ltr'>quae</span> 
     </span>
     <span class='ocr_line' id='line_1_27' title="bbox 246 3319 1324 3422; baseline -0.023 -17"><span class='ocrx_word' id='word_1_218' title='bbox 246 3341 278 3402; x_wconf 90' lang='lat' dir='ltr'>ad</span> <span class='ocrx_word' id='word_1_219' title='bbox 294 3343 455 3422; x_wconf 89' lang='lat' dir='ltr'>proprium</span> <span class='ocrx_word' id='word_1_220' title='bbox 467 3336 606 3398; x_wconf 74' lang='lat' dir='ltr'>Ecclesia</span> <span class='ocrx_word' id='word_1_221' title='bbox 617 3333 710 3393; x_wconf 91' lang='lat' dir='ltr'>linem</span> <span class='ocrx_word' id='word_1_222' title='bbox 722 3334 752 3390; x_wconf 89' lang='lat' dir='ltr'>ct</span> <span class='ocrx_word' id='word_1_223' title='bbox 764 3327 883 3406; x_wconf 90' lang='lat' dir='ltr'>propria</span> <span class='ocrx_word' id='word_1_224' title='bbox 901 3322 1038 3402; x_wconf 85' lang='lat' dir='ltr'>ejusdem</span> <span class='ocrx_word' id='word_1_225' title='bbox 1053 3319 1153 3380; x_wconf 91' lang='lat' dir='ltr'>media</span> <span class='ocrx_word' id='word_1_226' title='bbox 1163 3320 1324 3397; x_wconf 89' lang='lat' dir='ltr'>pertinent.</span> 
     </span>
     <span class='ocr_line' id='line_1_28' title="bbox 247 3417 1146 3520; baseline -0.023 -22"><span class='ocrx_word' id='word_1_227' title='bbox 247 3441 318 3517; x_wconf 78' lang='lat' dir='ltr'>Ergo</span> <span class='ocrx_word' id='word_1_228' title='bbox 328 3441 396 3520; x_wconf 90' lang='lat' dir='ltr'>pari</span> <span class='ocrx_word' id='word_1_229' title='bbox 411 3435 505 3499; x_wconf 90' lang='lat' dir='ltr'>modo</span> <span class='ocrx_word' id='word_1_230' title='bbox 518 3431 649 3494; x_wconf 88' lang='lat' dir='ltr'>Ecclesia</span> <span class='ocrx_word' id='word_1_231' title='bbox 659 3431 723 3510; x_wconf 91' lang='lat' dir='ltr'>ipsa</span> <span class='ocrx_word' id='word_1_232' title='bbox 735 3432 780 3486; x_wconf 89' lang='lat' dir='ltr'>est</span> <span class='ocrx_word' id='word_1_233' title='bbox 791 3425 917 3486; x_wconf 91' lang='lat' dir='ltr'>omnino</span> <span class='ocrx_word' id='word_1_234' title='bbox 930 3417 1146 3498; x_wconf 88' lang='lat' dir='ltr'>independens.</span> 
     </span>
    </p>

    <p class='ocr_par' dir='ltr' id='par_1_6' title="bbox 244 3519 1328 3815">
     <span class='ocr_line' id='line_1_29' title="bbox 281 3519 1327 3603; baseline -0.02 -3"><span class='ocrx_word' id='word_1_235' title='bbox 281 3539 371 3603; x_wconf 80' lang='lat'>1277.</span> <span class='ocrx_word' id='word_1_236' title='bbox 387 3541 462 3600; x_wconf 86' lang='lat' dir='ltr'>Pos.</span> <span class='ocrx_word' id='word_1_237' title='bbox 483 3529 796 3596; x_wconf 60' lang='lat' dir='ltr'>once-Christiana</span> <span class='ocrx_word' id='word_1_238' title='bbox 807 3523 950 3599; x_wconf 87' lang='lat' dir='ltr'>Ecclesia,</span> <span class='ocrx_word' id='word_1_239' title='bbox 961 3520 1104 3582; x_wconf 88' lang='lat' dir='ltr'>doctrinis</span> <span class='ocrx_word' id='word_1_240' title='bbox 1113 3519 1327 3598; x_wconf 76' lang='lat' dir='ltr'>preceptisque</span> 
     </span>
     <span class='ocr_line' id='line_1_30' title="bbox 246 3615 1328 3701; baseline -0.027 0"><span class='ocrx_word' id='word_1_241' title='bbox 246 3639 352 3700; x_wconf 82' lang='lat' dir='ltr'>Christi</span> <span class='ocrx_word' id='word_1_242' title='bbox 370 3635 496 3700; x_wconf 82' lang='lat' dir='ltr'>normal</span> <span class='ocrx_word' id='word_1_243' title='bbox 509 3633 566 3694; x_wconf 81' lang='lat' dir='ltr'>sul)</span> <span class='ocrx_word' id='word_1_244' title='bbox 578 3628 705 3691; x_wconf 81' lang='lat' dir='ltr'>Romani</span> <span class='ocrx_word' id='word_1_245' title='bbox 719 3623 871 3701; x_wconf 73' lang='lat' dir='ltr'>pontilicis</span> <span class='ocrx_word' id='word_1_246' title='bbox 893 3635 1039 3696; x_wconf 86' lang='lat' dir='ltr'>supremo</span> <span class='ocrx_word' id='word_1_247' title='bbox 1047 3616 1219 3691; x_wconf 81' lang='lat' dir='ltr'>magisterio</span> <span class='ocrx_word' id='word_1_248' title='bbox 1230 3615 1328 3677; x_wconf 74' lang='lat' dir='ltr'>aina.</span> 
     </span>
     <span class='ocr_line' id='line_1_31' title="bbox 244 3712 1258 3815; baseline -0.024 -17"><span class='ocrx_word' id='word_1_249' title='bbox 244 3755 323 3815; x_wconf 91' lang='lat' dir='ltr'>rens,</span> <span class='ocrx_word' id='word_1_250' title='bbox 338 3745 387 3800; x_wconf 90' lang='lat' dir='ltr'>est</span> <span class='ocrx_word' id='word_1_251' title='bbox 407 3731 606 3798; x_wconf 87' lang='lat' dir='ltr'>essentialiter</span> <span class='ocrx_word' id='word_1_252' title='bbox 617 3726 759 3790; x_wconf 83' lang='lat' dir='ltr'>omnibus</span> <span class='ocrx_word' id='word_1_253' title='bbox 772 3721 861 3802; x_wconf 90' lang='lat' dir='ltr'>plane</span> <span class='ocrx_word' id='word_1_254' title='bbox 880 3716 1058 3780; x_wconf 85' lang='lat' dir='ltr'>homiuibus</span> <span class='ocrx_word' id='word_1_255' title='bbox 1069 3712 1258 3792; x_wconf 80' lang='lat' dir='ltr'>ooliputoria.</span> 
     </span>
    </p>

    <p class='ocr_par' dir='ltr' id='par_1_7' title="bbox 242 3813 1341 4802">
     <span class='ocr_line' id='line_1_32' title="bbox 281 3813 1330 3908; baseline -0.026 -10"><span class='ocrx_word' id='word_1_256' title='bbox 281 3842 378 3902; x_wconf 80' lang='lat' dir='ltr'>Peon.</span> <span class='ocrx_word' id='word_1_257' title='bbox 390 3829 661 3908; x_wconf 76' lang='lat' dir='ltr'>-obltgatortum</span> <span class='ocrx_word' id='word_1_258' title='bbox 673 3833 719 3888; x_wconf 87' lang='lat' dir='ltr'>eat</span> <span class='ocrx_word' id='word_1_259' title='bbox 730 3823 807 3885; x_wconf 88' lang='lat' dir='ltr'>iilud</span> <span class='ocrx_word' id='word_1_260' title='bbox 822 3822 961 3896; x_wconf 87' lang='lat' dir='ltr'>sine-qno</span> <span class='ocrx_word' id='word_1_261' title='bbox 973 3816 1042 3876; x_wconf 89' lang='lat' dir='ltr'>linis</span> <span class='ocrx_word' id='word_1_262' title='bbox 1056 3813 1182 3873; x_wconf 89' lang='lat' dir='ltr'>ultimus</span> <span class='ocrx_word' id='word_1_263' title='bbox 1193 3813 1330 3874; x_wconf 88' lang='lat' dir='ltr'>absolute</span> 
     </span>
     <span class='ocr_line' id='line_1_33' title="bbox 243 3900 1331 4002; baseline -0.026 -4"><span class='ocrx_word' id='word_1_264' title='bbox 243 3937 438 4002; x_wconf 88' lang='lat' dir='ltr'>necessarius</span> <span class='ocrx_word' id='word_1_265' title='bbox 460 3930 589 3995; x_wconf 85' lang='lat' dir='ltr'>obtineri</span> <span class='ocrx_word' id='word_1_266' title='bbox 616 3927 701 3988; x_wconf 90' lang='lat' dir='ltr'>nullo</span> <span class='ocrx_word' id='word_1_267' title='bbox 724 3921 814 3984; x_wconf 86' lang='lat' dir='ltr'>mado</span> <span class='ocrx_word' id='word_1_268' title='bbox 835 3923 931 3999; x_wconf 89' lang='lat' dir='ltr'>polest</span> <span class='ocrx_word' id='word_1_269' title='bbox 959 3913 1046 3993; x_wconf 87' lang='lat'>(76).</span> <span class='ocrx_word' id='word_1_270' title='bbox 1074 3900 1164 3987; x_wconf 79' lang='lat' dir='ltr'>n‘tqm</span> <span class='ocrx_word' id='word_1_271' title='bbox 1186 3911 1331 3970; x_wconf 88' lang='lat' dir='ltr'>ultimum</span> 
     </span>
     <span class='ocr_line' id='line_1_34' title="bbox 243 4009 1334 4098; baseline -0.029 2"><span class='ocrx_word' id='word_1_272' title='bbox 243 4053 334 4098; x_wconf 86' lang='lat' dir='ltr'>suum</span> <span class='ocrx_word' id='word_1_273' title='bbox 361 4035 457 4098; x_wconf 60' lang='lat' dir='ltr'>hem</span> <span class='ocrx_word' id='word_1_274' title='bbox 478 4030 613 4093; x_wconf 83' lang='lat' dir='ltr'>absolute</span> <span class='ocrx_word' id='word_1_275' title='bbox 633 4023 849 4096; x_wconf 89' lang='lat' dir='ltr'>necessarium,</span> <span class='ocrx_word' id='word_1_276' title='bbox 874 4018 973 4093; x_wconf 88' lang='lat' dir='ltr'>idest,</span> <span class='ocrx_word' id='word_1_277' title='bbox 992 4013 1165 4074; x_wconf 83' lang='lat' dir='ltr'>felicitatem</span> <span class='ocrx_word' id='word_1_278' title='bbox 1181 4009 1334 4070; x_wconf 87' lang='lat' dir='ltr'>immorta-</span> 
     </span>
     <span class='ocr_line' id='line_1_35' title="bbox 243 4106 1334 4213; baseline -0.027 -16"><span class='ocrx_word' id='word_1_279' title='bbox 243 4138 315 4212; x_wconf 85' lang='lat' dir='ltr'>lem,</span> <span class='ocrx_word' id='word_1_280' title='bbox 333 4137 376 4198; x_wconf 90' lang='lat' dir='ltr'>ad</span> <span class='ocrx_word' id='word_1_281' title='bbox 402 4149 496 4213; x_wconf 87' lang='lat' dir='ltr'>quam</span> <span class='ocrx_word' id='word_1_282' title='bbox 513 4147 550 4192; x_wconf 82' lang='lat' dir='ltr'>ex</span> <span class='ocrx_word' id='word_1_283' title='bbox 562 4134 686 4188; x_wconf 79' lang='lat' dir='ltr'>natura</span> <span class='ocrx_word' id='word_1_284' title='bbox 700 4123 873 4186; x_wconf 67' lang='lat' dir='ltr'>necesmate</span> <span class='ocrx_word' id='word_1_285' title='bbox 894 4132 1000 4179; x_wconf 88' lang='lat' dir='ltr'>omnes</span> <span class='ocrx_word' id='word_1_286' title='bbox 1013 4110 1208 4184; x_wconf 86' lang='lat' dir='ltr'>connitimur,</span> <span class='ocrx_word' id='word_1_287' title='bbox 1230 4106 1334 4167; x_wconf 90' lang='lat' dir='ltr'>nullus</span> 
     </span>
     <span class='ocr_line' id='line_1_36' title="bbox 244 4207 1334 4313; baseline -0.033 -11"><span class='ocrx_word' id='word_1_288' title='bbox 244 4235 475 4313; x_wconf 83' lang='lat' dir='ltr'>hnmoasscqni</span> <span class='ocrx_word' id='word_1_289' title='bbox 492 4230 691 4312; x_wconf 79' lang='lat' dir='ltr'>potentaliter</span> <span class='ocrx_word' id='word_1_290' title='bbox 710 4241 802 4304; x_wconf 88' lang='lat' dir='ltr'>quam</span> <span class='ocrx_word' id='word_1_291' title='bbox 826 4219 972 4283; x_wconf 89' lang='lat' dir='ltr'>doctrinis</span> <span class='ocrx_word' id='word_1_292' title='bbox 994 4211 1209 4294; x_wconf 75' lang='lat' dir='ltr'>preceptisque</span> <span class='ocrx_word' id='word_1_293' title='bbox 1222 4207 1334 4268; x_wconf 86' lang='lat' dir='ltr'>Christi</span> 
     </span>
     <span class='ocr_line' id='line_1_37' title="bbox 243 4309 1337 4401; baseline -0.027 -3"><span class='ocrx_word' id='word_1_294' title='bbox 243 4337 433 4401; x_wconf 81' lang='lat' dir='ltr'>adhaerendo</span> <span class='ocrx_word' id='word_1_295' title='bbox 453 4336 485 4394; x_wconf 92' lang='lat' dir='ltr'>in</span> <span class='ocrx_word' id='word_1_296' title='bbox 499 4331 632 4394; x_wconf 87' lang='lat' dir='ltr'>Ecclesia</span> <span class='ocrx_word' id='word_1_297' title='bbox 656 4327 715 4388; x_wconf 80' lang='lat' dir='ltr'>suli</span> <span class='ocrx_word' id='word_1_298' title='bbox 737 4322 865 4385; x_wconf 79' lang='lat' dir='ltr'>Romani</span> <span class='ocrx_word' id='word_1_299' title='bbox 890 4315 1042 4381; x_wconf 78' lang='lat' dir='ltr'>Pontificio</span> <span class='ocrx_word' id='word_1_300' title='bbox 1065 4323 1205 4389; x_wconf 89' lang='lat' dir='ltr'>supremo</span> <span class='ocrx_word' id='word_1_301' title='bbox 1227 4309 1337 4384; x_wconf 81' lang='lat' dir='ltr'>magis·</span> 
     </span>
     <span class='ocr_line' id='line_1_38' title="bbox 244 4407 1337 4500; baseline -0.03 0"><span class='ocrx_word' id='word_1_302' title='bbox 244 4441 332 4500; x_wconf 91' lang='lat' dir='ltr'>terio.</span> <span class='ocrx_word' id='word_1_303' title='bbox 355 4435 436 4498; x_wconf 86' lang='lat' dir='ltr'>Nam</span> <span class='ocrx_word' id='word_1_304' title='bbox 453 4440 482 4496; x_wconf 73' lang='grc' dir='ltr'>1ο</span> <span class='ocrx_word' id='word_1_305' title='bbox 500 4434 558 4494; x_wconf 90' lang='lat' dir='ltr'>hcc</span> <span class='ocrx_word' id='word_1_306' title='bbox 577 4429 780 4491; x_wconf 89' lang='lat' dir='ltr'>certissimum</span> <span class='ocrx_word' id='word_1_307' title='bbox 795 4427 850 4498; x_wconf 86' lang='lat' dir='ltr'>est,</span> <span class='ocrx_word' id='word_1_308' title='bbox 866 4418 945 4480; x_wconf 89' lang='lat' dir='ltr'>nulli</span> <span class='ocrx_word' id='word_1_309' title='bbox 959 4413 1078 4476; x_wconf 90' lang='lat' dir='ltr'>homini</span> <span class='ocrx_word' id='word_1_310' title='bbox 1091 4417 1233 4473; x_wconf 85' lang='lat' dir='ltr'>aeternam</span> <span class='ocrx_word' id='word_1_311' title='bbox 1252 4407 1337 4468; x_wconf 89' lang='lat' dir='ltr'>salu-</span> 
     </span>
     <span class='ocr_line' id='line_1_39' title="bbox 242 4507 1337 4618; baseline -0.036 -13"><span class='ocrx_word' id='word_1_312' title='bbox 242 4555 318 4618; x_wconf 82' lang='lat' dir='ltr'>tem,</span> <span class='ocrx_word' id='word_1_313' title='bbox 334 4537 403 4600; x_wconf 89' lang='lat' dir='ltr'>nisi</span> <span class='ocrx_word' id='word_1_314' title='bbox 418 4553 469 4616; x_wconf 90' lang='lat' dir='ltr'>per</span> <span class='ocrx_word' id='word_1_315' title='bbox 485 4534 639 4595; x_wconf 72' lang='lat' dir='ltr'>(Euristum</span> <span class='ocrx_word' id='word_1_316' title='bbox 653 4525 829 4594; x_wconf 88' lang='lat' dir='ltr'>Dominum,</span> <span class='ocrx_word' id='word_1_317' title='bbox 845 4515 986 4580; x_wconf 84' lang='lat' dir='ltr'>obvenire</span> <span class='ocrx_word' id='word_1_318' title='bbox 1004 4528 1092 4592; x_wconf 88' lang='lat' dir='ltr'>posse</span> <span class='ocrx_word' id='word_1_319' title='bbox 1104 4508 1216 4587; x_wconf 82' lang='lat' dir='ltr'>(Ptine.</span> <span class='ocrx_word' id='word_1_320' title='bbox 1232 4507 1337 4581; x_wconf 84' lang='lat' dir='ltr'>lotii,</span> 
     </span>
     <span class='ocr_line' id='line_1_40' title="bbox 245 4607 1337 4716; baseline -0.031 -19"><span class='ocrx_word' id='word_1_321' title='bbox 245 4639 325 4700; x_wconf 79' lang='lat'>1257</span> <span class='ocrx_word' id='word_1_322' title='bbox 342 4643 377 4698; x_wconf 89' lang='lat' dir='ltr'>et</span> <span class='ocrx_word' id='word_1_323' title='bbox 392 4638 499 4716; x_wconf 63' lang='lat' dir='ltr'>sequ).</span> <span class='ocrx_word' id='word_1_324' title='bbox 517 4635 610 4695; x_wconf 78' lang='lat' dir='ltr'>Nemo</span> <span class='ocrx_word' id='word_1_325' title='bbox 623 4629 715 4705; x_wconf 73' lang='lat' dir='ltr'>igitur</span> <span class='ocrx_word' id='word_1_326' title='bbox 726 4623 871 4687; x_wconf 91' lang='lat' dir='ltr'>ultimum</span> <span class='ocrx_word' id='word_1_327' title='bbox 885 4633 977 4678; x_wconf 89' lang='lat' dir='ltr'>snum</span> <span class='ocrx_word' id='word_1_328' title='bbox 991 4615 1084 4674; x_wconf 89' lang='lat' dir='ltr'>tinem</span> <span class='ocrx_word' id='word_1_329' title='bbox 1101 4607 1221 4686; x_wconf 75' lang='lat' dir='ltr'>amequi</span> <span class='ocrx_word' id='word_1_330' title='bbox 1231 4611 1337 4684; x_wconf 89' lang='lat' dir='ltr'>potest,</span> 
     </span>
     <span class='ocr_line' id='line_1_41' title="bbox 244 4703 1341 4802; baseline -0.035 -2"><span class='ocrx_word' id='word_1_331' title='bbox 244 4742 305 4802; x_wconf 89' lang='lat' dir='ltr'>uisi</span> <span class='ocrx_word' id='word_1_332' title='bbox 318 4755 399 4800; x_wconf 91' lang='lat' dir='ltr'>cum</span> <span class='ocrx_word' id='word_1_333' title='bbox 410 4737 525 4800; x_wconf 83' lang='lat' dir='ltr'>christo</span> <span class='ocrx_word' id='word_1_334' title='bbox 539 4731 675 4796; x_wconf 83' lang='lat' dir='ltr'>nomime</span> <span class='ocrx_word' id='word_1_335' title='bbox 683 4725 774 4790; x_wconf 89' lang='lat' dir='ltr'>tuerit</span> <span class='ocrx_word' id='word_1_336' title='bbox 784 4722 816 4785; x_wconf 93' lang='lat' dir='ltr'>iu</span> <span class='ocrx_word' id='word_1_337' title='bbox 826 4716 966 4800; x_wconf 78' lang='lat' dir='ltr'>presenti</span> <span class='ocrx_word' id='word_1_338' title='bbox 976 4715 1041 4778; x_wconf 87' lang='lat' dir='ltr'>rita</span> <span class='ocrx_word' id='word_1_339' title='bbox 1049 4711 1237 4787; x_wconf 86' lang='lat' dir='ltr'>conjunctus.</span> <span class='ocrx_word' id='word_1_340' title='bbox 1249 4703 1341 4781; x_wconf 74' lang='lat' dir='ltr'>Atqau</span> 
     </span>
    </p>
   </div>
   <div class='ocr_carea' id='block_1_3' title="bbox 0 0 1784 5675">
    <p class='ocr_par' dir='ltr' id='par_1_8' title="bbox 0 0 1784 5675">
     <span class='ocr_line' id='line_1_42' title="bbox 0 0 1784 5675; baseline 0 10"><span class='ocrx_word' id='word_1_341' title='bbox 0 0 1784 5675; x_wconf 95' lang='lat' dir='ltr'> </span> 
     </span>
    </p>
   </div>
  </div>
 </body>
</html>
