3559 5675
576 701 579 708 λ
618 733 728 782 sunni.
754 751 785 765 -·
813 729 897 777 cisse
918 727 1020 776 nonus.
1299 707 1357 771 tlt

274 843 344 906 libet
367 845 398 904 in
417 844 482 922 ipsa
497 859 552 902 sna
573 841 692 902 notione
711 837 838 900 includit
852 837 1098 912 subtractionem,
1115 835 1160 895 cel
1172 834 1295 896 totalem
1311 833 1357 895 ccl

274 943 451 1024 partialem,
471 939 621 1004 felicitatis
635 943 770 1018 respectu
788 937 870 998 illius
883 936 938 1014 'qui
953 937 1087 1016 ponitur.

314 1046 351 1104 tlt
370 1059 444 1105 vcro
470 1039 599 1120 punitio,
613 1043 648 1099 ut
663 1053 758 1117 nuper
775 1036 920 1111 uidimus,
934 1051 1125 1114 nequequam
1140 1045 1184 1099 est
1197 1041 1360 1104 subtractio

273 1143 428 1205 felicitatis
451 1140 499 1203 vcl
524 1139 595 1200 boni
621 1137 806 1216 simpliciter,
822 1135 873 1197 sed
888 1135 958 1196 boni
979 1135 1141 1199 sensibilis.
1159 1139 1242 1203 linde
1258 1143 1360 1205 statim

274 1244 410 1320 quisque
425 1239 519 1309 videt,
535 1239 615 1299 bono
634 1237 770 1298 sensibili
784 1234 887 1312 aliquo
906 1233 1131 1310 delinquentem
1144 1238 1297 1319 privando,
1309 1241 1362 1303 bo

276 1361 354 1404 num
371 1342 536 1401 honestum
548 1339 645 1400 cidem
660 1336 772 1413 afferri,
787 1341 815 1396 el
835 1335 944 1396 idcirco
957 1337 1024 1411 ejus
1037 1334 1151 1398 bouum
1164 1338 1363 1421 absolutepcr

276 1441 471 1522 punitionem
483 1438 611 1498 minime
624 1437 765 1498 diminui.
1158 1473 1163 1480 -

317 1541 418 1614 Quare
428 1540 482 1616 jus
495 1537 613 1616 paenale
627 1549 819 1614 nequaquam
836 1535 982 1596 orituros
995 1533 1145 1597 eotltsc'one
1157 1537 1234 1600 inter
1243 1541 1296 1620 jus
1311 1557 1363 1603 so-

274 1641 393 1704 cisum
407 1635 438 1700 el
445 1641 499 1716 jus
514 1638 729 1715 delinquentis,
744 1637 796 1698 sed
809 1635 909 1716 potius
930 1651 967 1697 cx
989 1639 1191 1718 cooperatione
1216 1643 1365 1704 societatis

275 1739 313 1801 ad
324 1739 443 1801 bonum
455 1737 554 1798 istius.
571 1737 716 1798 Honesias
727 1737 851 1812 etenim,
864 1751 961 1813 mum
971 1736 1135 1798 sitbonum
1148 1754 1202 1818 per
1214 1755 1247 1800 se
1261 1739 1365 1802 illimi-

278 1847 387 1912 tstum‚
402 1845 502 1920 potest
525 1839 563 1901 ab
577 1837 718 1901 omnibus
733 1837 890 1917 possideri,
904 1837 982 1914 quin
1000 1838 1093 1899 unius
1101 1842 1251 1918 possessio
1269 1841 1366 1904 stium

280 1943 376 2022 privet
394 1963 402 1996 =
421 1957 456 2000 ac
471 1943 626 2018 propterea
641 1935 727 1998 nulla
737 1953 874 2016 unquam
889 1935 922 1997 ln
940 1937 1011 1998 boni
1025 1937 1145 2000 bonesti
1160 1941 1366 2020 prosecutione

280 2041 400 2102 collisio
422 2049 580 2099 monitore
598 2041 705 2116 potest.

324 2138 421 2217 igitur
430 2137 565 2199 doctrine
576 2150 644 2213 qun
652 2137 705 2214 jus
718 2133 836 2221 poenelc
859 2133 899 2195 ab
914 2135 1028 2196 ordinis
1042 2137 1215 2201 necessitate
1235 2139 1368 2221 deducit,

284 2238 487 2301 menfialitsr
500 2237 622 2316 panidos
641 2241 670 2296 ct
686 2235 800 2298 sincere
814 2232 1054 2314 philanthropice
1080 2245 1137 2311 cst,
1160 2240 1233 2315 quic
1250 2240 1368 2302 bomini

289 2337 476 2416 delinquenti
491 2335 610 2396 exbibet
624 2351 728 2398 vorum
740 2335 867 2412 bonum,
882 2347 917 2394 sc
932 2333 992 2393 tslo
1003 2334 1116 2395 bonum
1130 2337 1212 2414 qued
1226 2339 1369 2400 omnibns

289 2453 446 2500 commune
461 2437 528 2496 sine
539 2436 602 2496 ullo
620 2433 811 2513 singulorum
825 2433 1005 2494 detrimento
1021 2449 1088 2494 esse
1101 2438 1207 2513 potest.
1223 2438 1260 2497 tlt
1271 2455 1288 2499 s
1301 2453 1370 2498 con·

287 2534 375 2596 unio
388 2535 527 2596 docmina
541 2549 609 2612 quan
619 2535 671 2610 jus
686 2533 801 2612 poenule
813 2549 830 2592 s
841 2531 978 2593 sensibili
991 2531 1117 2594 utilitnte
1130 2532 1255 2612 derivat,
1267 2544 1371 2597 essem

286 2637 393 2698 ticliter
405 2631 527 2695 hostilis
540 2639 688 2710 astatque
711 2629 890 2703 inhumana,
906 2631 980 2708 quia
994 2631 1133 2694 homines
1149 2633 1229 2694 alios
1249 2635 1283 2696 in
1296 2635 1371 2698 alios

283 2735 417 2797 concitat
430 2739 465 2792 ut
479 2732 535 2792 sibi
550 2733 679 2809 quisquc
696 2731 820 2810 ¹arripiat
837 2730 916 2792 bona
929 2729 982 2790 illa
1001 2730 1175 2804 moteridis,
1199 2735 1231 2794 in
1257 2734 1371 2812 quibus

284 2834 363 2895 lslsa
373 2850 413 2894 ee
424 2831 559 2895 doctrina
573 2831 706 2899 bominis
719 2827 888 2893 lelicitotem
903 2828 1036 2897 collocat.

326 2934 534 3011 Quamobrem
548 2936 585 2995 iis
597 2934 650 3011 qni
666 2934 806 3014 praeteriti
819 2932 921 3019 delicti
934 2932 1225 3011 punitioncmporse
1236 2933 1372 2997 illinitum

285 3054 353 3100 csse
365 3036 485 3111 solunt,
495 3036 567 3112 quie
578 3034 631 3097 illo
643 3040 721 3095 essm
735 3030 884 3095 felicitatis
904 3032 1079 3106 subtractio,
1094 3044 1255 3109 possumus
1269 3032 1372 3094 eedem

286 3136 549 3212 argumentatione
571 3132 723 3194 evidenter
740 3130 867 3212 probare
888 3130 1032 3206 obirnrgo
1064 3144 1258 3207 nequaquem
1283 3130 1373 3193 lioerc

285 3231 486 3295 membranei
497 3230 627 3293 medere
638 3230 684 3291 nol
693 3238 866 3309 amputem
879 3228 952 3307 quin
962 3228 1220 3305 quodbsttuclsio
1226 3236 1372 3307 egrotum

287 3332 466 3404 cruciando,
479 3331 620 3391 eumdem
635 3331 765 3408 privaret
776 3330 918 3391 felicitntn
928 3328 964 3390 ad
975 3328 1137 3406 qnamille
1152 3328 1243 3391 bonet
1251 3332 1309 3407 jus
1323 3332 1373 3391 in-

289 3430 446 3493 viotsbile.
470 3430 693 3508 Responderunt
719 3430 762 3490 illi
790 3431 858 3490 sine
883 3428 976 3491 dubio
1003 3429 1087 3490 hunc
1118 3430 1284 3490 cruciatum
1309 3448 1374 3492 esse

290 3538 404 3611 egroto
417 3531 588 3610 perutilem,
604 3532 677 3608 quia
692 3530 784 3591 tendit
796 3531 833 3591 ad
858 3529 947 3590 illum
974 3531 1190 3591 restituendum
1206 3530 1244 3591 ad
1262 3523 1374 3609 emtum

292 3631 473 3693 normalem.
491 3631 580 3707 lltqsn
597 3630 741 3689 normalis
755 3636 851 3689 status
865 3630 998 3699 bominis
1011 3639 1056 3689 est
1079 3629 1254 3707 omolingc
1275 3632 1374 3692 omnis

287 3732 375 3811 jmta
388 3730 515 3807 punitio,
531 3736 565 3787 ut
579 3746 645 3806 qum
660 3728 774 3789 ordinis
790 3730 981 3789 restauratrix
1001 3736 1056 3804 est,
1073 3745 1134 3789 non
1148 3728 1219 3789 boni
1236 3728 1289 3791 sed
1303 3730 1374 3791 mali

291 3836 337 3890 est
352 3829 617 3913 subtractiollinc
629 3844 707 3907 saepe
721 3830 767 3906 lit,
783 3834 816 3905 ut
829 3828 1039 3906 delinquentes
1050 3828 1146 3907 capite
1157 3828 1291 3891 dannan
1301 3846 1373 3891 sen-

293 3929 419 3989 tentiam
434 3926 590 4005 capitalem
612 3927 715 3987 libenti
730 3934 758 3987 et
773 3935 857 4003 grato
872 3928 972 3986 auium
991 3928 1150 4004 excipiant,
1171 3928 1244 4004 quia
1263 3928 1376 3989 scilicst

291 4026 479 4107 supplicium
494 4024 550 4087 sibi
573 4042 638 4087 esse
660 4026 732 4085 utile
755 4026 792 4085 ad
810 4042 1025 4087 smirneorum
1045 4026 1159 4085 bouum
1178 4025 1373 4087 obtinendum

292 4127 439 4187 sentiunt.

333 4230 466 4289 (onom
483 4228 512 4285 3.
529 4260 551 4269 -
577 4227 658 4285 luris
672 4226 799 4305 poenalis
821 4224 1018 4287 fundamenta
1029 4224 1247 4303 superaeternis
1260 4224 1379 4286 ordinis

292 4335 323 4389 ct
332 4326 460 4405 justitias
473 4326 639 4403 principiis,
655 4326 744 4387 modo
758 4343 856 4405 nuper
868 4326 1016 4405 exposito,
1041 4324 1182 4387 collocata
1207 4324 1374 4404 plurimum

292 4426 396 4489 solent
418 4426 455 4484 ad
477 4424 688 4503 applicationes
705 4428 882 4502 totinsjuris
902 4427 1028 4505 poenalis
1039 4424 1291 4486 determinandas.
1306 4426 1377 4487 lini-

292 4540 363 4587 cam
375 4525 427 4585 bic
437 4524 665 4603 sppliontiooem
679 4524 839 4587 afferemus
853 4526 889 4586 ad
905 4526 1039 4587 diuinam
1051 4526 1245 4601 justitianus
1257 4526 1375 4587 eternis

293 4625 453 4707 suppliciis
466 4622 638 4702 infligendis
652 4626 689 4687 ob
699 4626 903 4705 sopbisturum
914 4626 1074 4687 columniis
1084 4624 1302 4688 vindicsndem.

335 4726 490 4800 Quoniam
512 4726 631 4805 justitia
643 4726 733 4787 etiam
749 4726 895 4803 humane,
909 4728 983 4804 quin
999 4726 1062 4787 imo
1077 4728 1140 4807 ipss
1155 4740 1255 4785 renum
1271 4741 1376 4787 osen·
