3559 5675
498 769 558 844 Ἀθ
912 786 991 841 rutra
1009 785 1171 842 tamarem
1258 785 1263 794 ’

499 899 557 961 aab
570 899 682 976 quinae
701 903 767 977 jam
788 899 928 976 nuperius
951 895 1014 974 (lib.
1033 905 1065 974 ir,
1079 913 1141 978 cap.
1162 901 1193 973 2,
1216 903 1272 958 art.
1288 895 1318 977 l)
1332 895 1448 960 tidimnt
1464 895 1527 958 liaeo

499 997 611 1080 populo
624 1005 727 1060 contra
739 999 907 1077 principem
921 997 1000 1059 male
1014 999 1233 1075 gubernantem
1246 999 1405 1075 insurgere.

540 1093 689 1172 lamre'ro,
704 1098 794 1158 etiam
809 1097 857 1158 his
869 1099 968 1158 uibus
982 1099 1081 1158 causis
1096 1099 1228 1174 remotis,
1239 1113 1358 1176 aeqnum
1371 1091 1452 1158 'rideri
1463 1094 1531 1176 polerl

499 1199 648 1260 coloniam
660 1200 724 1277 Jam
738 1195 872 1258 adultam
884 1195 1004 1276 sibique
1017 1198 1072 1277 ipsi
1086 1197 1283 1258 sufficientem
1307 1208 1341 1258 ex
1354 1203 1453 1258 tratura
1464 1197 1530 1274 ipoiar

500 1299 619 1376 legibus
631 1298 877 1376 emancipandam
889 1315 967 1373 esse,
981 1293 1058 1358 sicut
1072 1299 1171 1378 pueri,
1186 1297 1238 1358 ubi
1255 1297 1293 1359 ad
1315 1297 1471 1358 virilitatem
1481 1311 1530 1374 per-

501 1399 627 1472 venerit,
648 1397 918 1476 emancipationem
937 1403 1051 1459 naturae
1071 1397 1153 1474 leges
1174 1394 1335 1478 postulaui.
1368 1401 1403 1458 iit
1423 1404 1531 1472 magam

502 1497 631 1580 proiecto
645 1499 724 1558 inter
741 1495 797 1558 hos
818 1494 895 1558 duos
909 1513 995 1558 rasus
1009 1497 1169 1558 discrimen
1185 1495 1349 1558 intercedit.
1377 1491 1444 1555 dam
1456 1493 1532 1556 indin-

502 1601 609 1670 duum‚
625 1598 791 1678 inphysioa
805 1615 860 1658 eoa
881 1599 997 1658 unitate
1010 1596 1192 1668 limitatum,
1202 1603 1237 1657 nt
1256 1613 1343 1674 porro
1353 1601 1461 1661 crescat,
1471 1593 1531 1671 reip·

501 1713 570 1761 aum
585 1699 617 1759 in
628 1697 686 1759 alia
700 1695 857 1758 individua
869 1710 1030 1777 propagare
1045 1713 1078 1757 ac
1091 1697 1216 1776 proinde
1229 1693 1424 1775 multiplicate
1441 1691 1535 1754 iimiiias

505 1794 603 1861 debet.
630 1801 709 1874 argo
724 1799 788 1875 jue,
815 1797 895 1875 quod
916 1797 999 1856 itlius
1013 1795 1135 1858 aduitus
1148 1794 1184 1857 ati
1205 1805 1291 1856 auam
1317 1795 1535 1874 emancipationem

502 1899 605 1973 haiict,
618 1899 714 1958 oritur·
722 1897 883 1976 praecipue,
898 1911 959 1956 non
970 1911 1006 1956 ex
1020 1907 1054 1957 ea
1067 1895 1147 1972 quod
1163 1893 1221 1955 sibi
1231 1897 1298 1971 jam
1315 1891 1446 1963 sufficiat,
1465 1889 1536 1951 redu

502 2015 538 2058 eo
554 1997 634 2074 qnod
652 1997 688 2058 ad
700 1997 750 2056 eui
765 1995 1021 2075 propagationem,
1035 1995 1169 2072 adeoque
1194 1991 1230 2054 ad
1244 1991 1462 2071 emigrationem
1478 2003 1537 2068 ept-

502 2105 588 2158 terna
599 2097 700 2168 domo,
713 2113 732 2157 a
745 2105 855 2157 natura
865 2095 905 2156 sit
919 2095 1095 2156 destinatus.
1107 2095 1300 2158 contrivero
1314 2095 1441 2161 societas¹
1451 2088 1538 2169 queat

501 2210 629 2279 persona
642 2197 776 2267 moratis,
792 2209 890 2272 quum
907 2195 1021 2272 optime
1039 2195 1133 2273 poseit
1146 2199 1175 2254 et
1188 2195 1318 2255 numero
1339 2187 1538 2254 cananeum

503 2296 651 2376 protendi,
665 2295 742 2372 quio
753 2294 901 2354 unitatem
913 2291 970 2354 sibi
991 2294 1143 2373 propriam
1161 2293 1291 2368 araittat,
1313 2299 1431 2371 atquea
1448 2291 1539 2350 euoter·

503 2397 606 2457 ritorio
626 2401 728 2470 exeat3
743 2408 901 2473 quumque
923 2393 963 2452 eit
984 2393 1083 2471 potius
1101 2391 1247 2453 destinata
1265 2391 1303 2453 ad
1327 2386 1540 2453 omneahoniort

503 2495 616 2570 unique
635 2501 783 2554 terrarum
806 2493 941 2552 virenter
965 2493 997 2552 in
1019 2491 1141 2553 unicam
1164 2491 1312 2554 familiam
1335 2485 1539 2578 conjungendi

505 2598 601 2673 potest
611 2593 734 2671 cuidem
748 2609 801 2674 per
815 2591 893 2654 lecta
910 2592 1147 2676 accidentalium
1169 2591 1272 2671 piurea
1293 2593 1443 2654 romaum
1451 2585 1543 2668 ponito

504 2693 582 2754 lorea
604 2691 712 2768 dividi,
736 2691 787 2754 aad
806 2699 913 2773 suapte
927 2695 1035 2754 natura
1056 2689 1091 2753 ad
1112 2692 1258 2754 unitatem
1274 2683 1543 2754 nairemdemdat'·
1587 2701 1588 2736 ³

504 2800 605 2853 natur.

903 2905 1108 2971 ARTlCULUS
1130 2909 1182 2970 ill.

666 3032 708 3097 De
721 3034 866 3095 sociorum
879 3032 1069 3097 multitudine
1082 3037 1217 3115 orqortr'ce
1230 3034 1421 3116 dt'sponendo.

543 3183 633 3248 rore.
648 3188 716 3246 roo.
732 3186 814 3246 oen.
827 3208 868 3230 .-
884 3184 1016 3247 carruca
1029 3180 1546 3263 cojumueaooreumoecpmau·

504 3286 618 3362 gauloe
632 3294 698 3343 aare
711 3282 821 3343 cenem
836 3302 845 3344 r
861 3282 1010 3362 princepe,
1026 3277 1159 3345 ministri
1171 3288 1202 3344 et
1218 3282 1363 3362 populus.

545 3386 725 3445 Notandum.
735 3383 923 3463 —i‘rincipis
936 3384 1059 3444 nomine
1074 3382 1274 3460 intelligimus
1289 3384 1545 3463 comperpetuum
1585 3398 1586 3439 t

504 3482 608 3557 iliam,
632 3498 686 3542 eeu
708 3482 864 3561 physicam
884 3498 939 3544 seu
963 3478 1121 3555 inoratam,
1142 3492 1210 3560 qum
1232 3494 1408 3563 aopi-eruam
1431 3477 1544 3561 potitium
1585 3496 1586 3506 ¹

503 3582 711 3642 auctoritatem
732 3582 818 3659 gerit
833 3582 985 3643 iiiniatroo
1002 3596 1075 3643 nero
1095 3578 1282 3661 appetimur
1298 3597 1407 3645 omnes
1427 3580 1497 3651 tito,
1511 3572 1546 3649 qni
1584 3594 1585 3677 1

505 3678 624 3760 politica
642 3680 785 3760 principia
810 3682 985 3742 auctoritate
1007 3681 1105 3759 quoad
1129 3682 1232 3759 aliqua
1252 3682 1446 3761 particularia
1461 3676 1546 3755 calet
1584 3680 1585 3763 1

505 3780 655 3855 instructi,
669 3779 807 3841 eamdam
820 3779 971 3860 applicant
985 3780 1022 3841 ad
1037 3780 1145 3841 sociale
1158 3790 1267 3860 corpur
1286 3784 1483 3859 congruenter
1499 3784 1547 3833 nt·
1584 3766 1585 3856 1

507 3880 652 3942 rendum.
1136 3908 1139 3915 ·
1583 3924 1584 3927 ,

543 3982 637 4041 Pron
651 3994 716 4041 roo.
730 4008 772 4025 —-
787 3978 924 4041 societati
949 3976 1073 4041 cuilibet
1098 3980 1304 4042 necessarium
1327 3988 1373 4041 eet
1396 3973 1547 4059 principiul
1583 4002 1584 4069 1

502 4078 669 4158 quoddam,
681 4096 743 4156 quo
755 4080 855 4141 unitae
869 4079 990 4141 socialia
1003 4081 1166 4142 existentia
1180 4087 1210 4142 et
1222 4080 1341 4141 socialia
1354 4072 1519 4160 operatium
1527 4068 1547 4124 in
1583 4076 1584 4171 1

503 4185 641 4241 concreto
661 4180 842 4259 producatur
862 4186 892 4239 et
913 4186 1106 4241 conservetur
1128 4179 1223 4257 (452).
1247 4182 1393 4241 erotema
1404 4220 1414 4255 ,
1435 4170 1546 4254 quonian
1583 4172 1584 4204 r

502 4276 630 4359 politica
648 4279 797 4339 societatis
816 4278 985 4357 amplitudo
1003 4278 1105 4356 allicit,
1129 4286 1164 4341 ut
1174 4294 1280 4340 omnaa
1293 4278 1440 4341 mactatio
1451 4263 1548 4335 noeea'r

503 4385 578 4439 tatae
591 4391 779 4455 cognoscere,
792 4378 890 4456 iisque
903 4378 1059 4441 consulere
1071 4396 1125 4459 per
1138 4381 1245 4459 eaipee
1259 4380 1402 4459 prinoapa
1415 4364 1548 4451 rrorrpotttl
1582 4430 1583 4465 3

501 4478 595 4561 (au),
606 4492 726 4537 neaerae
739 4484 785 4536 eet
794 4479 965 4558 complures
978 4478 1079 4541 ederae
1092 4494 1246 4559 monae,
1257 4491 1325 4560 qua
1337 4480 1385 4543 iiii
1399 4479 1429 4539 in
1441 4468 1548 4537 oderit
1582 4468 1583 4554 1

498 4575 692 4657 gubernanda
710 4578 909 4655 opitulentur,
927 4580 1056 4657 ejusque
1073 4592 1244 4659 supremam
1261 4581 1466 4641 anctoritatem
1483 4564 1549 4651 pul·

498 4678 618 4755 cipont,
642 4683 675 4736 ut
695 4676 839 4755 principie
860 4678 1020 4738 auotoritas
1038 4678 1076 4737 ad
1093 4694 1199 4739 omoea
1222 4678 1373 4739 societati·
1395 4680 1485 4755 parter
1503 4678 1550 4745 ιιι

500 4776 611 4837 reniet.
627 4776 773 4856 lienique,
792 4774 918 4839 erilem
934 4784 980 4839 est
996 4785 1101 4859 preter
1118 4778 1320 4856 &memmiae
1337 4776 1500 4855 nobiccum
1511 4777 1550 4841 li·
1581 4837 1582 4904 1
