3559 5675
488 846 492 852 ¹
564 790 675 838 sousa.
697 808 737 823 -
758 790 841 837 turs
862 790 996 839 moruus.
1261 772 1319 838 dil

265 897 493 957 pernecessaria
514 902 559 958 est
579 912 699 958 merum
705 894 862 959 societatis
875 898 1004 977 malum,
1021 904 1225 979 atqueareeta
1237 897 1325 960 omni

264 994 367 1072 politica
377 997 584 1072 constitutione
602 1002 772 1057 constanter
784 998 972 1074 prohibenda
985 1005 1039 1059 est.

301 1094 380 1155 ¹¹33,
402 1098 469 1157 Poe.
492 1098 564 1156 558·
578 1130 616 1141 -
631 1096 720 1157 Nulla
740 1103 787 1157 est
805 1097 987 1160 universalis
1008 1106 1037 1161 et
1062 1098 1197 1161 absoluta
1224 1116 1323 1160 rreces·
1406 1175 1408 1179 .

262 1193 334 1267 ritas,
346 1210 364 1252 a
377 1196 478 1256 sociali
492 1196 572 1257 bono
587 1197 776 1275 proveniens,
787 1200 867 1274 jura
884 1198 1005 1277 politica
1018 1200 1051 1259 in
1065 1199 1167 1278 plures
1183 1214 1324 1279 personas

262 1290 457 1353 distribuendi.
1006 1318 1009 1325 ’

295 1393 380 1452 Pron.
402 1426 443 1439 -
466 1396 502 1453 Ut
524 1395 681 1455 necessitas
707 1396 762 1455 illa
790 1414 965 1475 supremam
993 1398 1196 1459 auctoritatem
1222 1396 1323 1458 distri-

263 1490 361 1551 buendi
381 1493 520 1555 absoluta
543 1500 573 1554 et
592 1495 773 1556 universalis
787 1496 914 1572 adesset,
936 1496 1059 1558 deberet
1081 1497 1209 1575 prolecto
1232 1498 1323 1558 totius

262 1593 429 1652 auctoritatis
451 1610 601 1672 supreme
626 1596 657 1654 in
682 1611 840 1674 personam
867 1614 922 1658 seu
946 1597 1069 1676 physice
1095 1610 1146 1657 sen
1172 1596 1325 1659 moraliter

263 1691 369 1751 unicam
386 1694 560 1769 conjunctio
580 1694 709 1754 abusum
732 1712 878 1773 supreme
890 1696 1073 1757 auctoritatis
1093 1702 1123 1756 et
1136 1697 1324 1771 tyrannicum

238 1807 240 1811 ·
264 1791 447 1869 principatum
475 1799 581 1872 suapte
604 1798 710 1853 natiue
732 1800 761 1854 et
781 1796 946 1855 necessario
968 1810 1079 1874 parere.
1101 1794 1190 1871 Atqui
1215 1810 1249 1854 ex
1272 1793 1325 1853 illa

262 1891 454 1966 conjunctione
466 1908 531 1952 non
543 1894 709 1955 necessario
720 1894 835 1955 abusus
850 1897 1002 1975 potestatis
1014 1894 1174 1956 enascitur.

294 1992 362 2051 llam
378 1995 410 2051 {⁰
422 1998 541 2052 eertum
554 1998 600 2053 est
613 1993 760 2071 plurimos
773 1994 854 2072 apud
867 2012 973 2055 omues
989 2002 1093 2072 gentes
1105 1995 1250 2055 exstitisse
1261 1996 1323 2055 lto·

262 2090 384 2166 pambas,
398 2094 451 2170 qui
467 2092 572 2172 populi
586 2093 766 2155 utilitatibus
779 2096 896 2156 sineere
916 2096 1125 2171 constantique
1147 2094 1246 2155 studio
1264 2112 1324 2154 ser-

261 2191 377 2251 rierunt.

295 2294 322 2348 t·
341 2292 399 2351 bai
420 2308 530 2352 rerum
545 2292 585 2351 sit
605 2292 774 2369 quamlibet
787 2291 955 2353 humanam
971 2298 1145 2371 potestatem
1164 2309 1199 2355 eo
1221 2296 1326 2369 suapte

262 2394 352 2448 natura
364 2390 501 2466 tendere,
516 2396 550 2449 ut
563 2392 659 2467 magis
679 2406 713 2450 ao
731 2392 827 2468 magis
846 2392 1020 2465 invalescat,
1036 2390 1237 2469 omnibusque
1251 2390 1327 2451 inle-

262 2489 377 2549 rioribus
397 2490 519 2550 viribus
539 2495 630 2567 atque
653 2489 760 2568 opibus
774 2484 819 2551 'ad
843 2506 929 2549 suam
954 2491 1014 2549 vim
1037 2489 1269 2551 confirmandam
1298 2494 1327 2550 et

262 2587 414 2661 erigendam
436 2590 503 2664 uti;
525 2594 656 2647 attamen
669 2594 777 2667 prater
800 2588 876 2649 hunc
899 2596 927 2649 et
950 2605 1041 2667 snpra
1061 2588 1140 2650 hanc
1156 2588 1325 2651 naturalem

263 2687 396 2763 cujusque
415 2686 771 2764 potestatis-tendendam
791 2686 902 2747 adsunt
924 2688 956 2746 in
979 2687 1143 2749 Menarchus
1162 2687 1281 2761 animo,
1297 2694 1327 2747 et

264 2782 427 2864 plerumque
454 2786 644 2865 prevalent,
670 2786 795 2846 rationis
821 2792 853 2847 et
879 2788 1002 2848 moralis
1022 2788 1210 2848 conscientie
1234 2787 1324 2862 uires,

261 2887 359 2958 quibus
375 2887 428 2948 ille
453 2886 492 2946 ad
510 2886 617 2965 populi
643 2886 755 2947 bonum
776 2886 904 2948 tideliter
926 2887 1146 2965 procurandum
1170 2889 1323 2948 excitatur.

262 2986 367 3049 Etenim
387 2988 480 3050 efficii
500 2987 685 3063 justitiaeque
705 3002 813 3047 sensus
838 3003 915 3064 sape
937 2986 1134 3046 inhumanis
1156 2987 1327 3064 pectoribus

262 3085 375 3148 validior
394 3094 441 3148 est
462 3103 644 3164 quocunque
662 3087 846 3166 privatarum
866 3086 1043 3146 utilitatum·
1056 3101 1176 3161 amore3
1193 3091 1222 3144 et
1243 3085 1328 3145 nulla

262 3191 301 3243 est
311 3187 385 3246 inter
397 3186 541 3246 homines
558 3186 624 3246 rite
644 3185 867 3262 conditiuoua
883 3183 1052 3252 minoribus
1066 3188 1207 3260 urgeatur
1221 3183 1326 3244 incita·

262 3285 360 3344 mentis
377 3286 414 3345 ad
429 3285 546 3344 malum
568 3285 635 3345 eliis
647 3283 823 3346 horninibus
838 3284 1041 3358 inferendum,
1055 3299 1148 3361 quam
1168 3299 1326 3361 supremus

263 3381 306 3442 ille
317 3384 472 3461 diguitatis
492 3401 526 3445 ac
544 3386 682 3462 potentia
697 3384 822 3461 modus,
842 3385 927 3444 omni
942 3383 1093 3444 honorum
1110 3390 1140 3443 et
1153 3381 1320 3444 commodo

263 3499 320 3543 rum
331 3502 441 3562 genere
454 3485 624 3561 abundans,
639 3503 731 3562 quem
744 3485 905 3548 Monarcba
917 3489 997 3546 tenet
1010 3500 1019 3543 τ
1032 3499 1103 3546 nam
1118 3486 1172 3561 qui
1185 3483 1327 3546 omnibus

263 3582 394 3659 dignitate
408 3594 502 3663 atque
516 3585 623 3664 opibus
643 3590 773 3664 praestat,
793 3591 839 3645 est
855 3587 889 3645 in
912 3601 1018 3651 omnes
1032 3590 1138 3664 sponte
1159 3601 1215 3645 sua
1237 3584 1328 3644 bene-

264 3681 338 3759 ficus,
357 3693 391 3745 ut
405 3685 539 3745 vidimus
554 3701 607 3745 un.
626 3673 685 3745 tei
703 3691 733 3746 et
752 3686 823 3746 ios.

299 3784 327 3843 3⁰
347 3783 515 3846 llonarchae
533 3785 589 3862 ipsi
604 3784 783 3863 plerumque
802 3783 893 3862 probe
907 3783 1082 3858 intelligunt
1095 3782 1130 3844 ad
1146 3799 1252 3844 eorrrm
1269 3782 1327 3861 pri>-

264 3889 352 3943 ratam
363 3885 459 3963 ipsam
475 3885 635 3945 utilitatem
647 3884 804 3962 publicum
816 3883 962 3942 societatis
983 3881 1095 3940 bonum
1118 3882 1246 3940 maxime
1260 3897 1327 3960 per-

266 3980 371 4059 tinere3
397 3983 563 4061 prasertim
590 3999 660 4043 roro
684 3999 779 4059 quum
810 3979 924 4062 publici
951 3995 1049 4041 mores
1073 3981 1138 4055 jam
1166 3978 1327 4040 admodum

266 4081 365 4140 ereulti
378 4087 463 4158 sunt,
483 4087 512 4140 et
532 4078 642 4142 eirium
661 4082 755 4141 animi
776 4081 813 4141 ad
835 4077 1075 4157 cognoscendum
1090 4083 1118 4136 et
1129 4074 1328 4154 judicandum

265 4178 297 4239 de
309 4182 450 4260 principis
471 4184 617 4260 regimine
633 4183 749 4242 intemi.
767 4181 904 4256 Undcfit,
925 4186 972 4255 ut,
984 4181 1009 4239 si
1026 4178 1144 4257 politica
1157 4193 1213 4236 sua
1232 4179 1329 4254 potes·

266 4286 317 4339 tate
336 4283 472 4361 princeps
488 4299 559 4343 cunr
581 4283 685 4361 populi
705 4283 883 4342 detrimento
906 4281 1056 4356 abutatur,
1078 4279 1208 4338 multum
1224 4275 1268 4336 illi
1289 4276 1327 4334 ti·

267 4383 405 4445 mendum
418 4385 468 4459 sit,
486 4401 526 4444 ne
535 4382 666 4462 populus
678 4383 821 4462 paulatim
834 4389 1002 4444 commotus
1013 4398 1083 4441 euru
1096 4379 1214 4440 undem
1227 4395 1243 4438 e
1255 4376 1330 4438 solio

267 4476 416 4541 decursum
438 4484 637 4546 tumultuario
656 4485 769 4560 impetu
793 4484 915 4556 erigat:
939 4481 1019 4559 quod
1036 4487 1135 4542 nostra
1154 4485 1331 4558 patrumque

269 4584 406 4643 mensoria
418 4585 482 4658 jam
496 4601 574 4662 saepe
589 4585 681 4644 nimis
694 4582 828 4644 evenisse
848 4583 1009 4643 dolendum
1022 4587 1077 4642 est.
1100 4583 1164 4642 lluc
1181 4580 1330 4658 pertinent

268 4697 330 4757 qua
342 4682 380 4742 de
391 4685 519 4745 naturali
535 4685 719 4763 principatus
731 4682 912 4743 monarchici
926 4681 963 4742 sd
983 4683 1085 4761 populi
1108 4681 1251 4742 utilitates
1268 4679 1330 4738 siu-

269 4795 329 4841 rers
341 4783 486 4844 curandas
500 4785 711 4864 propensione,
726 4787 756 4844 et
767 4781 805 4842 de
819 4781 1007 4842 naturalibus
1020 4797 1167 4858 suprema
1181 4777 1330 4858 potestatis
