3559 5675
524 787 631 832 sousa.
657 804 697 817 -
719 786 803 834 cisra
824 787 1011 836 eeeescmns.
1256 776 1316 841 483

238 887 298 949 silei
313 890 439 953 seorsim
454 907 472 951 a
488 894 622 955 Romano
636 894 778 955 Pontideo
794 897 998 956 auctoritatem
1019 895 1189 959 vindicavit.
1204 899 1317 979 Siquod

237 991 323 1051 enim
332 991 494 1054 concilium
509 995 662 1072 praesepiis
674 995 803 1055 Romani
816 995 967 1056 Pontificio
981 995 1131 1075 reluctari,
1145 996 1317 1077 velaliquid

238 1092 367 1153 seorsim
392 1110 411 1153 a
442 1096 576 1155 Romane
602 1095 743 1157 Pontifice
774 1112 829 1175 pre
861 1096 1001 1158 universa
1032 1097 1163 1160 Ecclesia
1182 1104 1321 1161 'statuere

237 1194 406 1271 aliquando
424 1210 533 1255 ausum
556 1202 614 1273 est,
639 1196 676 1255 alr
701 1195 754 1255 illo
779 1202 933 1273 umquam
951 1196 1151 1275 schismatico,
1176 1198 1270 1278 imple
1291 1216 1322 1279 et

240 1294 398 1372 sacrilego,
422 1295 530 1357 sinceri
551 1294 725 1368 Christiani,
749 1294 826 1356 idest
846 1295 1001 1375 Catholici,
1022 1312 1128 1359 omnes
1146 1296 1320 1361 abhorrent.

239 1393 299 1471 (Gi.
314 1394 475 1455 Historiam
485 1395 655 1456 Ecclesiast.
665 1395 737 1457 clari
748 1396 805 1456 riri
813 1394 1012 1473 llohrlreelrrl,
1021 1394 1150 1459 doctoris
1159 1398 1323 1461 lovanien-

238 1491 310 1569 sis).
327 1495 416 1571 Ergo,
430 1501 484 1554 ete.

285 1593 376 1655 1297.
401 1597 469 1655 l‘os.
494 1593 579 1655 64¹2.
600 1626 641 1649 «-
656 1595 793 1661 Ecclesiae
813 1596 984 1659 christianae
1002 1594 1272 1678 Protarchiaplane
1290 1614 1325 1661 ac

243 1697 375 1775 perfecte
385 1698 455 1773 jure
468 1696 569 1759 divino
583 1697 615 1757 in
627 1698 762 1759 {lemene
774 1698 914 1760 Pontidee
926 1716 988 1759 une
1002 1698 1121 1761 residet.

285 1800 384 1859 Pron.
399 1828 440 1841 ·-
454 1799 478 1857 l.
493 1798 581 1857 Petro
593 1798 649 1857 uni
664 1798 817 1859 Christum
831 1800 994 1859 Dominum
1008 1814 1179 1879 supremam
1189 1798 1324 1879 plenam-

241 1915 304 1977 que
319 1898 527 1969 auctoritatem
538 1897 570 1956 in
584 1912 688 1958 omnes
699 1899 894 1973 Christianos,
906 1898 1138 1977 universamque
1148 1916 1254 1961 eorum
1268 1902 1327 1961 Ec·

242 2000 370 2059 clesiam
380 1995 485 2073 semel,
501 1997 611 2057 iterum
622 2012 657 2057 ac
668 1998 756 2062 tertio
767 1997 921 2059 tradidisse
930 2004 1076 2063 testentur
1087 1997 1327 2061 luculentissime

244 2111 331 2157 sacra
343 2094 519 2171 Evangelia,
529 2100 564 2155 ut
572 2095 681 2173 saepius
691 2098 755 2174 jam
766 2101 836 2156 ente
846 2096 980 2155 diximus
991 2112 1025 2157 ac
1035 2101 1185 2176 pertram
1194 2098 1285 2158 etiam
1295 2098 1328 2158 in

244 2195 422 2275 precedenti
434 2195 522 2275 posit.
540 2193 656 2273 (1296),
677 2199 715 2255 2·
733 2196 826 2274 partis
839 2196 1069 2273 argumentor.
1087 2197 1175 2275 Ergo,
1189 2202 1245 2258 ete.

288 2300 327 2357 ll.
351 2296 436 2369 Quod
450 2296 570 2374 publico
584 2303 614 2355 et
626 2296 761 2372 legitime
774 2296 923 2373 generalis
936 2296 1065 2375 alicujus
1079 2297 1196 2357 mucilii
1210 2298 1327 2359 decreto

244 2398 398 2459 sancitum
412 2402 467 2468 est,
484 2397 561 2458 illud
574 2397 654 2476 apud
667 2397 851 2458 Christianos
865 2406 981 2474 omnes,
997 2395 1073 2458 idest
1092 2396 1270 2470 catholicos,
1286 2402 1331 2458 eat

245 2497 460 2574 certissimum,
484 2498 646 2575 divineque
670 2497 839 2559 testimonio
861 2498 1082 2559 confirmatum.
1105 2498 1197 2575 Atqui
1212 2496 1332 2579 publico

246 2615 282 2658 ac
305 2598 441 2675 legitime
460 2596 577 2660 decreto
598 2598 761 2659 concilium
778 2596 918 2675 generale
931 2597 1139 2659 Florentinum
1157 2596 1329 2659 confessum

247 2706 294 2759 est
310 2700 483 2759 Romanum
495 2698 668 2759 Pontificem
677 2696 831 2760 essedeoti
845 2697 934 2758 Petri
949 2697 1098 2777 prrircipr'a
1123 2696 1331 2777 Apostolorum

247 2818 449 2877 successorem,
464 2806 493 2861 et
514 2816 615 2861 oerum
629 2797 727 2862 Clu'sti
738 2798 891 2876 eieeriem,
910 2807 938 2860 et
952 2798 1040 2860 tetius
1061 2796 1202 2860 Ecclesiae
1228 2804 1330 2880 capnt,

247 2908 275 2960 et
288 2901 422 2962 emnium
431 2899 620 2962 eeclesiarum
630 2908 749 2982 petrem
760 2908 790 2960 et
803 2898 947 2960 doctorem
953 2919 965 2968 ,-
982 2905 1009 2960 et
1022 2899 1085 2978 ipsi
1095 2898 1127 2958 in
1140 2897 1221 2960 deute
1242 2898 1332 2960 Petro

246 3001 401 3082 poscendi,
428 2999 550 3082 rependi
570 3008 598 3062 et
625 2997 806 3081 pubemcndi
829 2999 1031 3061 Universalem
1049 2987 1215 3060 Ecclesium
1236 2997 1333 3060 clie-

250 3103 334 3162 mr'ne
360 3107 459 3162 aestro
492 3103 562 3162 Jeme
590 3099 710 3162 cerere
735 3097 856 3180 plenum
877 3104 1048 3180 potestatem
1070 3097 1162 3180 serere
1189 3097 1333 3160 traditum

250 3202 378 3279 (ledon
391 3207 422 3263 et
432 3201 594 3264 concilium
605 3201 746 3282 generale
756 3200 966 3279 'tridentinum
980 3201 1090 3287 passim
1105 3198 1235 3280 appellat
1247 3216 1335 3260 seec-

248 3285 494 3388 scellentonam
515 3302 679 3364 Ecclesiam
701 3288 831 3364 emnium
852 3302 1042 3367 ecclesiaram
1066 3307 1191 3366 macen
1213 3307 1241 3362 et
1269 3317 1337 3361 mee
1381 3352 1384 3360 .

251 3404 382 3488 putrem
397 3403 510 3480 (1262).
524 3406 614 3480 Ergo,
625 3410 682 3464 etc.

294 3506 349 3564 ΙΙΙ.
366 3506 520 3564 Romanus
533 3504 666 3564 Pontifex
676 3507 741 3583 jam
755 3506 794 3566 alr
806 3505 970 3567 octodecim
982 3503 1092 3566 seculis
1102 3507 1273 3564 constanter
1281 3517 1337 3563 sn-

252 3620 394 3683 premam
416 3607 621 3664 auctoritatem
642 3604 764 3682 plenam
788 3610 818 3665 et
838 3604 1008 3666 absolutam
1027 3604 1060 3663 in
1077 3601 1240 3664 Ecclesiam
1262 3601 1337 3661 uni-

252 3719 389 3777 versam,
410 3705 443 3763 in
464 3721 570 3765 omnes
593 3705 765 3784 liplseopes,
781 3721 835 3765 seu
858 3704 1008 3781 dispersos
1036 3701 1100 3762 sire
1126 3703 1160 3762 in
1175 3698 1339 3763 concilium

251 3811 385 3877 coaetos,
402 3812 528 3882 exercet,
551 3805 680 3866 Ecclesia
702 3805 829 3865 minime
850 3803 1041 3864 reclamante.
1065 3803 1145 3876 Ergo
1163 3805 1191 3860 l.
1215 3799 1253 3859 alr
1275 3799 1340 3878 ipse

254 3904 378 3966 tllrriste
398 3904 524 3965 nomino
548 3903 627 3965 hune
644 3906 804 3983 petestads
817 3901 1039 3982 plenitudinem
1061 3899 1181 3978 accepia
1204 3897 1237 3958 Si
1257 3897 1340 3958 enim

255 4005 323 4081 ipse
339 4010 451 4062 lanum
464 4009 639 4081 petractem
650 4002 765 4081 injuria
781 4003 851 4075 sibi,
866 4021 885 4064 a
898 4001 1017 4064 Christo
1030 4013 1091 4060 nen
1104 4001 1267 4076 ecceptam,
1282 3995 1341 4056 ali·

252 4102 547 4180 quauderineicare
559 4105 708 4183 cupisset,
729 4109 834 4164 centra
846 4103 974 4181 impiam
986 4100 1066 4161 hene
1085 4093 1342 4172 christianaelegis

252 4201 481 4278 coneptionem
500 4202 633 4270 Ecclesia
654 4202 796 4262 univorsa
821 4203 1023 4277 resumserat,
1050 4198 1138 4278 sicuti
1168 4192 1344 4258 summani

254 4304 488 4381 cessurosque
497 4305 670 4366 reclamavit
680 4306 824 4366 contiuuo
833 4311 936 4366 eontra
947 4303 1088 4382 prolenes
1100 4297 1252 4379 quoslibet
1261 4311 1345 4359 crre-

254 4420 322 4479 res,
337 4404 496 4478 smmum,
512 4405 737 4480 ltlesterianum,
747 4405 985 4481 Eutychiannm,
995 4402 1202 4479 Pelagianum,
1222 4397 1346 4460 Photia-

253 4519 350 4578 msm,
362 4502 500 4580 meaque
509 4504 699 4583 innumeros,
716 4505 831 4582 quiem
844 4503 961 4565 scelesti
971 4503 1098 4581 qusidana
1108 4501 1248 4564 hemines
1257 4497 1347 4561 medo

255 4601 532 4670 lrancmodoillam
546 4604 687 4666 doctrines
701 4605 870 4666 christianae
881 4611 1009 4684 partem,
1021 4609 1073 4666 aut
1082 4601 1176 4666 uerbo
1185 4605 1239 4662 aut
1250 4599 1347 4675 facis,

254 4703 430 4767 immutare
445 4711 605 4786 coeperant.
617 4737 658 4752 -
668 4708 748 4784 Ergo
765 4707 810 4786 2,
830 4707 858 4766 si
872 4719 1017 4784 suprema
1033 4703 1173 4767 Ecclesia
1186 4701 1348 4764 aucteritas

254 4805 502 4886 haedumquem
515 4813 586 4890 jure
599 4809 703 4872 divine
716 4809 858 4888 competit
873 4807 1011 4867 Romane
1029 4805 1179 4880 Pontifici,
1201 4817 1284 4861 error
1298 4815 1349 4860 rs·
