3559 5675
530 723 638 770 som.
657 740 700 756 ··
719 723 803 770 mma
823 723 958 772 nunnus.
1227 703 1287 766 tto

255 825 390 904 prospiciat.
399 825 485 903 Atqui
500 824 719 886 subdivisiones
730 825 793 886 istte
805 824 934 902 singula
943 829 1014 886 sunt
1027 831 1123 906 partes
1136 821 1285 902 quadam,

253 923 381 998 quodum
398 923 492 986 ordini
512 920 596 984 totali
610 923 793 995 subduntur,
817 923 929 986 habent
947 929 1049 986 minan
1070 922 1206 985 ordinem
1230 920 1288 982 sihi

253 1023 387 1101 proprium.
404 1025 479 1100 Ergo
496 1022 617 1102 politius
635 1023 736 1085 omnis
753 1025 877 1085 serietas
889 1024 1001 1085 unitate
1021 1020 1193 1105 operationis
1216 1016 1289 1081 mui-

254 1119 342 1200 tr‘pir'rir
352 1123 468 1183 omuino
481 1122 605 1200 indiget.
621 1124 713 1201 Ergo5
725 1127 782 1184 sto.

281 1219 435 1290 lmine
447 1222 571 1297 murale,
590 1221 730 1301 pluribus
749 1222 893 1284 humanis
909 1223 1063 1284 consortiis
1078 1223 1287 1302 compositum,

252 1325 301 1394 aei
310 1336 372 1384 nse
381 1321 480 1399 aliquo
489 1323 649 1395 tennione,
661 1338 724 1400 quo
737 1323 862 1393 nitatur,
877 1339 915 1382 ex
928 1339 990 1402 quo
1002 1323 1168 1383 necessaria
1182 1321 1240 1383 sibi
1252 1319 1289 1382 ed

252 1419 338 1478 riuum
358 1419 530 1498 cultumque
549 1419 655 1481 imitat.
681 1419 811 1484 Evideus
837 1427 940 1482 autem
964 1425 1021 1496 esi,
1042 1421 1101 1482 nisi
1122 1418 1289 1493 individua,

252 1517 338 1593 minu
348 1520 534 1598 partieuimm
551 1520 700 1581 eonsurtia
713 1526 946 1601 oomponuniur,
961 1527 991 1581 et
1006 1519 1164 1593 oonsortia,
1179 1517 1291 1596 quibus

251 1617 343 1694 pinta
353 1619 473 1681 sociatas
489 1625 616 1695 onustat,
631 1620 665 1680 in
679 1635 741 1680 uno
753 1619 883 1698 quodum
903 1619 1050 1682 territorio
1061 1619 1179 1696 degant,
1194 1603 1293 1695 neque

250 1715 376 1780 indiuidua
392 1735 490 1797 neque
507 1721 655 1782 aunsortiu
673 1735 760 1800 posse
777 1720 814 1782 ad
832 1731 993 1782 oummune
1010 1719 1125 1782 bonum
1146 1717 1292 1779 societatis

250 1816 367 1880 unitum
381 1818 572 1882 effleisudum
584 1820 766 1899 oonspirars.
781 1821 850 1882 iimo
862 1821 945 1882 euim
963 1819 1144 1900 conspiratio
1157 1817 1293 1880 consistit

250 1915 376 1980 innuitis
389 1917 497 1980 oiiieiis
511 1919 569 1980 sibi
582 1925 690 1980 mutuo
706 1918 894 1998 praetendis,
914 1935 982 1997 que
1003 1933 1198 1998 personarum
1218 1933 1293 1996 prn-

249 2017 350 2076 sutiam
362 2025 414 2078 aut
428 2018 683 2098 propinquitatem
699 2019 733 2078 in
751 2017 857 2080 eodem
877 2017 1007 2095 quodam
1025 2019 1090 2080 loeo
1104 2018 1230 2079 omnino
1246 2031 1293 2078 rs·

249 2115 358 2190 numni.
374 2119 476 2195 Neque
491 2117 531 2178 air
546 2117 771 2178 auetoritatibus
788 2117 851 2178 iliis
865 2123 934 2195 apte
947 2117 1119 2195 compositis
1133 2120 1231 2194 posset
1248 2131 1293 2176 sa-

249 2208 489 2278 iutuisadomnes
512 2218 657 2278 satietatis
680 2215 806 2296 politian
818 2221 917 2296 partes
931 2217 1107 2292 gubernatio
1119 2213 1293 2290 transmitti,

249 2313 344 2376 uuila
357 2323 527 2379 oonstunter
546 2317 578 2377 in
600 2333 660 2378 uno
682 2323 763 2378 serto
777 2316 843 2380 iooo
858 2315 952 2377 simui
964 2314 1145 2376 habueram.
1159 2317 1245 2389 Ergo,
1261 2309 1295 2371 ut

248 2414 382 2476 uiuum
395 2417 504 2478 unitae
514 2416 639 2495 polines
651 2413 800 2478 societatis
814 2414 971 2492 habemur,
987 2415 1058 2476 bina
1071 2413 1134 2474 hae
1147 2413 1295 2474 elementa

246 2509 319 2574 smol
328 2513 533 2577 eonstituends
544 2520 628 2590 suut,
640 2515 741 2575 unitas
753 2510 865 2593 politioi
876 2513 1040 2591 organismi
1053 2517 1083 2575 et
1095 2513 1196 2573 unitas
1211 2508 1295 2570 terri·

247 2611 307 2670 urii.
1153 2629 1158 2639 1

275 2711 349 2774 toti.
362 2716 431 2777 Pus.
445 2714 534 2776 50&
549 2745 589 2758 -
610 2714 723 2774 Formae
741 2713 890 2790 organicae
907 2727 942 2774 ae
956 2711 1150 2785 territorium,
1164 2725 1232 2787 qun
1244 2723 1293 2769 so·

245 2807 434 2891 nuruum
442 2813 640 2889 conueniunt,
654 2818 726 2875 sunt
738 2812 792 2875 iiia
806 2812 870 2876 mia
882 2825 951 2891 qun
962 2809 1199 2892 primitivoiaeto
1210 2823 1295 2869 asso-

245 2908 318 2973 tianti
328 2919 529 2977 consentanea
542 2920 624 2976 suut.
734 2951 738 2957 ›
1256 2938 1259 2947 ·

273 3010 352 3071 irus.
369 3044 410 3059 -
423 3011 619 3073 Partimiaris
630 3027 759 3090 queque
771 3009 895 3071 societas
908 3014 953 3071 est
964 3006 1086 3069 effeetus
1097 3003 1245 3067 resultans
1257 3002 1295 3064 ab

243 3106 366 3173 museto
375 3112 526 3192 principio
539 3102 709 3173 socialitatis
723 3116 754 3172 et
768 3108 875 3171 ataeu
883 3108 1015 3187 quodam
1024 3104 1208 3187 pertinuisti,
1216 3100 1296 3180 quod

244 3216 278 3269 tii
292 3212 469 3295 prineipium
492 3219 627 3275 ounerete
644 3213 796 3275 maeniana
819 3210 902 3291 (473)
925 3225 935 3270 τ
959 3226 996 3273 ex
1022 3208 1074 3271 tuli
1094 3213 1196 3268 autem
1219 3206 1297 3266 laeto
1406 3192 1411 3203 '

244 3310 361 3375 oriuntur
375 3316 452 3391 jura
464 3311 604 3390 quedam
622 3308 719 3393 (475),
741 3328 810 3389 qun
831 3316 903 3372 sunt
916 3306 1156 3372 fundamentales
1169 3306 1235 3383 ejus
1251 3318 1298 3365 so-

244 3409 339 3472 deiatis
358 3413 454 3491 leges.
483 3414 562 3490 Ergo
579 3412 747 3473 soeiemmu
767 3410 979 3491 particularem
993 3408 1132 3489 periinere
1145 3411 1191 3493 est
1200 3405 1299 3465 unita-

243 3512 290 3571 tem
304 3512 464 3589 perlectam
475 3511 520 3573 ilii
530 3512 662 3573 tribuere
680 3516 768 3591 juria
788 3526 929 3573 normam
942 3506 1110 3571 iiliusiaoti
1130 3509 1161 3567 at
1179 3502 1298 3583 jurium

244 3606 312 3672 eleo
324 3612 400 3675 laeto
411 3610 666 3693 provenientium.
679 3612 760 3691 Ergo
777 3610 899 3693 politian
921 3609 1083 3672 ordinatori
1106 3618 1299 3685 nequequam

242 3705 353 3773 iiiemm
365 3719 412 3775 ast
423 3712 481 3774 uei·
490 3706 684 3784 territorium,
698 3712 748 3774 vei
760 3712 873 3773 formas
885 3712 1054 3789 organicus,
1067 3712 1224 3783 uteunque
1245 3718 1298 3764 ve·

243 3805 286 3884 lii,
305 3810 526 3875 determinare:
549 3814 624 3891 quia
636 3813 812 3893 nequitpro
833 3822 895 3873 suo·
908 3809 1003 3871 iuirito
1015 3811 1067 3886 jus
1088 3822 1188 3869 arsere
1203 3802 1299 3883 (356),

243 3908 308 3970 sieut
320 3913 396 3975 iaata
410 3914 478 3993 ipsa
494 3913 600 3991 nequii
611 3928 666 3991 pru
678 3912 823 3974 arbitratu
837 3926 892 3972 suo
904 3907 1078 3989 producere.
1093 3906 1192 3978 Quare
1205 3904 1302 3963 sunia-

242 4005 291 4071 lem
302 4014 507 4091 organismum
517 4028 552 4074 aa
565 4013 746 4075 territorium
757 4004 1037 4085 constitueremini
1050 4002 1133 4066 aliud
1152 4006 1196 4063 est
1208 4016 1300 4079 qurum

242 4112 359 4175 todetati
371 4114 539 4175 maximam
552 4113 637 4174 ilium
647 4118 678 4175 et
690 4112 748 4175 iooi
761 4118 791 4174 et
803 4112 908 4173 iormn
920 4108 1065 4170 unitatem
1078 4102 1220 4185 praebere,
1234 4116 1302 4180 qun

244 4207 485 4289 iopeeulisrtnus
508 4214 592 4275 iilius
614 4211 847 4275 oiruumstantiis
859 4208 989 4272 obtineri
1012 4208 1116 4287 possit,
1128 4203 1218 4265 salvis
1233 4216 1304 4262 orn-

244 4310 319 4372 uium
335 4314 473 4391 iuribus,
487 4315 529 4375 iia
551 4320 586 4375 ut
603 4312 743 4393 politicus
760 4310 834 4373 ordo
853 4308 1018 4372 materialis
1031 4322 1149 4387 semper
1166 4302 1302 4383 justitie,

245 4406 309 4472 idest
322 4414 429 4476 murali
442 4412 555 4491 ordini,
567 4413 755 4492 subjiciatur.
770 4414 858 4489 Ergo,
868 4416 924 4472 eto.
935 4420 950 4488 '-

277 4508 363 4574 idit.
375 4514 507 4576 cotom.
524 4546 558 4559 -
574 4512 689 4575 Exinde
709 4512 903 4590 eonsequitur
916 4504 1126 4585 distinguenda
1146 4505 1305 4583 diiigenter

243 4622 299 4670 uase
316 4628 439 4690 eaquae
453 4614 578 4692 justitia
591 4613 710 4690 legibus
728 4612 789 4688 jum
810 4616 881 4675 sunt
900 4612 1024 4672 omnino
1041 4608 1205 4687 praestituta
1216 4604 1255 4665 ait
1266 4602 1304 4663 iia

244 4722 304 4785 que
325 4730 344 4775 a
364 4730 507 4795 supreme
526 4715 699 4779 suemntata
721 4712 861 4796 pendent.
873 4712 998 4777 Etenim
1011 4699 1306 4788 quodjustitiaordo
