3559 5675
617 759 723 804 suuua.
749 777 783 788 -
806 756 888 803 urnae
910 757 1043 804 necteus.
1261 775 1270 786 ·
1307 739 1367 802 tlt»

291 877 382 922 rausa
393 879 464 940 quea
480 869 679 942 possessorem
692 865 851 940 obligaturi
865 881 933 925 eam
948 866 979 924 iu
996 865 1127 926 liliorum
1149 865 1262 928 bonurn
1281 865 1367 926 aeilri-

287 961 432 1022 beutlam.
445 963 564 1036 Quodsi
579 963 661 1024 hunc
673 963 761 1024 tuem
775 981 809 1023 ee
824 970 966 1046 potestate
975 971 1064 1026 utens
1078 962 1219 1042 negligat,
1230 973 1284 1025 aut
1293 969 1317 1050 si
1327 965 1367 1027 ob

286 1059 424 1122 delectus
438 1063 647 1136 accidentales,
664 1083 690 1122 c.
716 1081 761 1142 p,
780 1063 819 1124 ob
833 1067 1008 1141 amentiam,
1023 1067 1143 1144 ineptus
1156 1070 1234 1127 sset
1246 1065 1283 1126 ao
1298 1081 1366 1126 eam

287 1161 329 1222 sic
343 1161 566 1237 adhibendam,
587 1163 726 1241 petorita
748 1163 882 1240 legitima
898 1167 1074 1226 auctoritate
1096 1181 1132 1225 ea
1143 1172 1287 1244 potestate
1299 1183 1367 1245 spo-

289 1261 376 1329 liari;
401 1266 432 1320 at
455 1263 555 1340 prima
580 1263 663 1330 illius
681 1251 807 1324 ‘collatio
819 1277 1013 1340 raequaquem
1034 1263 1073 1323 ab
1087 1281 1124 1324 eo
1137 1265 1200 1325 solo
1219 1265 1366 1343 principio

287 1361 437 1439 provenit.
863 1401 870 1406 -
1312 1365 1315 1369 ’

324 1459 469 1520 tenuero
491 1459 595 1522 eodem
620 1461 680 1522 iere
699 1463 789 1528 morlo
805 1462 842 1524 de
862 1477 1003 1540 suprema
1023 1467 1163 1541 potestate
1184 1463 1304 1541 politica
1317 1464 1367 1525 lo·

285 1557 446 1635 quendum
461 1566 515 1620 est.
541 1563 578 1622 Et
598 1577 667 1622 veru
690 1561 770 1639 quod
784 1562 906 1642 publica
919 1563 1043 1623 societas
1056 1563 1154 1622 multo
1176 1564 1305 1642 amplior
1328 1566 1368 1624 sit

285 1674 380 1736 quam
408 1659 583 1734 domestica,
612 1664 757 1738 majorem
791 1677 862 1722 sane
893 1661 1012 1738 otiioiis,
1041 1662 1152 1738 quibus
1180 1679 1251 1739 erga
1283 1662 1366 1724 illam

285 1763 416 1838 quisque
427 1761 633 1838 adstringitur,
648 1765 709 1823 rim
724 1763 838 1840 tribuit,
852 1763 903 1823 scil
917 1778 1022 1824 eorum
1034 1770 1176 1824 naturam
1187 1769 1364 1826 nonmutet.

286 1863 365 1938 Ergo
387 1877 537 1940 supremae
557 1863 707 1940 potestatis
724 1863 911 1924 transmissio
928 1863 961 1922 in
978 1863 1168 1924 societatibus
1188 1865 1299 1942 pacatis
1312 1881 1367 1944 per

283 1961 410 2035 J'ustitiae
425 1961 508 2037 leges
521 1977 537 2020 a
548 1961 622 2022 iacto
637 1961 814 2022 resultantes
827 1961 1052 2022 determinanda
1073 1969 1128 2023 est.

323 2057 492 2136 Quamqut
508 2059 563 2120 hoc
576 2061 730 2138 problema
743 2061 780 2121 de
803 2061 968 2140 principatu
990 2061 1169 2122 hereditario
1192 2077 1246 2140 per
1265 2062 1366 2123 solum

286 2157 416 2236 publicae
440 2159 576 2220 utilitatis
597 2161 776 2222 abstractum
792 2162 975 2238 principium
996 2161 1103 2222 volunt
1116 2163 1273 2239 resolvere,
1288 2162 1367 2225 idem

284 2259 398 2318 iaciunt
414 2273 506 2334 quarn
519 2258 563 2319 iili
579 2262 630 2336 atui
646 2261 789 2336 optimam
807 2261 990 2338 principatus
1005 2261 1133 2320 formem
1148 2262 1180 2320 in
1194 2259 1368 2338 partintlari
1421 2261 1426 2270 '

285 2375 357 2418 casu
372 2357 584 2428 determinant,
597 2359 683 2419 nulla
690 2360 808 2435 jurium
820 2360 1007 2420 anteriorum
1021 2358 1123 2419 babitu
1137 2361 1263 2420 ratione.

325 2457 398 2518 998.
427 2461 496 2519 Poe.
518 2457 857 2537 tea·.=-rrtnatpatus
879 2465 923 2518 est
946 2458 1158 2533 hereditarius,
1174 2459 1291 2535 quoties
1309 2461 1365 2535 lus

286 2555 371 2616 illius
393 2557 591 2633 originarium
612 2555 757 2619 tundatur
774 2559 861 2619 titulo
885 2557 1063 2618 hereditarie
1085 2557 1319 2635 transmissibili,
1342 2564 1371 2618 et

286 2657 403 2736 primus
415 2670 566 2734 possessor
579 2657 675 2718 voluit
688 2657 763 2717 illua
777 2657 813 2718 ad
826 2673 897 2719 suos
909 2655 1034 2718 heredes
1044 2657 1255 2718 transmittere.

324 2759 424 2816 l‘uon.
450 2755 481 2814 1·
492 2767 580 2816 raus.
597 2787 637 2800 -
650 2757 687 2814 llt
699 2756 882 2833 principatus
896 2757 936 2818 sit
946 2754 1158 2824 hereditarius,
1178 2769 1301 2816 necesse
1309 2758 1366 2829 est,

290 2858 323 2915 ut
337 2854 457 2934 primus
468 2854 553 2915 illius
566 2870 717 2933 possessor
732 2859 759 2913 et
774 2853 908 2931 legitime
919 2854 1010 2915 illum
1022 2854 1087 2932 ipse
1098 2852 1261 2931 poesideat,
1270 2860 1301 2913 st
1311 2856 1363 2931 jus

285 2952 396 3013 babeat
420 2950 559 3011 sirmiam
582 2950 618 3013 ad
641 2965 713 3013 suos
735 2952 859 3013 heretles
874 2950 1107 3011 transmittendi.
1131 2951 1222 3027 atqui
1248 2952 1314 3028 jus,
1335 2952 1364 3011 ri

283 3054 376 3128 cujus
390 3050 503 3128 aliquis
519 3066 581 3111 rem
604 3053 777 3129 quampiam
799 3058 829 3111 et
845 3052 909 3129 ipse
926 3048 1059 3127 metuat
1076 3048 1156 3108 etati
1173 3049 1248 3107 alios
1269 3055 1364 3109 trans·
1469 3042 1474 3051 ’

284 3153 404 3211 mittere
429 3154 534 3230 protest,
549 3150 608 3213 tale
635 3158 678 3211 est
700 3150 798 3229 qrtalis
826 3156 871 3211 est
893 3150 1011 3224 titulus,
1037 3164 1099 3225 quo
1112 3150 1165 3225 jus
1191 3147 1271 3208 illud·
1295 3148 1363 3208 lun·

284 3250 377 3312 datur
399 3271 407 3309 :
423 3266 521 3328 quum
539 3252 621 3310 enim
640 3253 692 3326 Jus
715 3268 751 3311 cx
766 3266 801 3311 eo
816 3248 904 3310 titulo
919 3253 1086 3321 asseratur,
1111 3262 1172 3307 uon
1186 3253 1281 3326 potest
1296 3265 1363 3309 ma·

279 3354 381 3430 jurem
403 3354 465 3412 vim
484 3350 594 3413 babere
612 3368 704 3428 quam
728 3350 790 3430 ipse
815 3350 932 3411 titulus.
957 3351 1045 3425 Ergo,
1060 3354 1096 3407 ut
1106 3352 1159 3425 jus
1180 3348 1364 3426 principatus

284 3454 379 3530 possit
392 3452 572 3511 hereditarie
586 3452 759 3525 transmitti,
774 3450 859 3511 debet
874 3450 993 3510 fundari
1008 3446 1177 3525 titulo,·qui
1192 3453 1223 3508 et
1240 3448 1303 3526 ipse
1325 3448 1364 3509 sit

283 3546 464 3615 hereditarie
479 3551 725 3613 transmissibilis.

325 3656 424 3715 l‘uon.
450 3656 481 3713 2·
506 3664 592 3715 rans.
620 3686 659 3696 -
673 3653 783 3713 Omnis
806 3664 956 3731 possessor
979 3654 1075 3731 potest
1099 3648 1137 3707 tie
1156 3648 1221 3708 suis
1239 3648 1362 3725 juribus

286 3754 449 3815 transferre
463 3752 543 3830 quod
558 3752 696 3827 voluerit,
710 3753 788 3830 plus·
799 3756 851 3811 ant
872 3751 974 3809 minus
995 3766 1050 3828 pro
1069 3764 1124 3809 suo
1137 3746 1244 3823 lubito,
1256 3755 1286 3807 et
1303 3749 1362 3809 sub

284 3854 508 3917 conditionibus
526 3858 602 3929 quas
622 3855 761 3915 voluerit.
777 3852 927 3913 Nimirum
945 3850 1124 3929 possessoris
1146 3850 1296 3923 cujusque
1317 3855 1363 3908 est

284 3968 407 4015 normas
420 3970 483 4015 suae
496 3952 667 4014 hereditatis
679 3952 888 4013 determinare.
902 3952 979 4026 lirgo
989 3948 1027 4008 ati
1037 3948 1169 4026 primum
1181 3947 1363 4025 principatus

281 4070 484 4134 possessorem
499 4052 627 4131 pertinet
649 4052 847 4113 determinare
870 4049 943 4127 quial
965 4049 1002 4109 tle
1021 4048 1086 4107 suis
1101 4046 1224 4122 juribus
1235 4046 1363 4123 politicis

282 4162 311 4213 st
339 4154 398 4213 sub
418 4152 531 4229 qrtibus
553 4151 772 4211 conditionibus
795 4151 865 4209 velit
886 4149 923 4208 ari
938 4148 1012 4209 alios
1036 4146 1248 4219 transmittere,
1270 4146 1360 4207 salvis

281 4270 403 4334 semper
415 4251 523 4312 alienis
533 4250 655 4327 juribus
669 4258 697 4311 et
710 4249 930 4311 oottditionibus
943 4264 959 4309 a
973 4254 1081 4307 natura
1090 4246 1157 4323 ipsa
1168 4246 1356 4324 prescriptis.

281 4356 373 4429 Ergo,
392 4358 425 4413 ut
440 4352 623 4433 principatus
648 4353 687 4411 sit
707 4348 918 4425 hereditarius,
941 4364 1060 4409 necesse
1082 4352 1127 4406 est
1141 4344 1280 4426 'primum
1292 4349 1360 4423 eius

282 4468 483 4533 possessorem
496 4452 626 4511 voluisse
642 4452 729 4512 illurn
745 4451 779 4512 etl
795 4466 866 4511 satos
881 4449 1005 4511 heredes
1018 4449 1230 4507 transmittere.

320 4554 542 4615 osssooasaa.
561 4556 588 4611 1.
603 4584 644 4597 -
657 4554 698 4613 De
722 4554 819 4631 primo
839 4551 1025 4629 [trincipatus
1043 4563 1212 4627 possessore
1225 4554 1362 4609 tantum-

281 4654 372 4717 modo
392 4652 485 4728 locuti
503 4668 621 4723 sunaus,
638 4654 709 4731 quia
732 4654 770 4717 ab
790 4652 845 4715 isto
860 4650 977 4730 proprio
998 4650 1120 4717 initium
1133 4648 1223 4717 most
1243 4648 1361 4713 beredi-
