3559 5675
474 725 534 793 199
885 741 967 789 ausu
987 740 1146 787 utrumuis

474 847 808 929 temperauere
819 846 933 911 Christi
945 848 1076 911 Ecclesia
1090 862 1108 907 a
1120 846 1243 927 perfidis
1254 852 1435 911 malcaim
1446 848 1512 909 estis

474 948 603 1011 discerni
614 948 720 1027 possit,
741 953 849 1027 preter
861 948 989 1012 llomani
1002 946 1154 1010 Pontificio
1176 946 1331 1027 publicum
1343 950 1513 1025 magisterium
1582 1010 1583 1023 ¹

475 1050 592 1127 (1967).
621 1050 685 1111 llcc
708 1054 810 1111 eutem
834 1048 1001 1126 criterium,
1024 1048 1168 1129 quoniam
1187 1048 1309 1127 plenam
1333 1050 1515 1127 perfectamque

474 1148 687 1214 certitudinem
711 1148 744 1209 in
757 1149 936 1225 gravissimo
957 1164 1033 1209 rere
1051 1148 1208 1225 religionis
1229 1148 1415 1225 agnoscende
1426 1150 1517 1224 nmodo

473 1242 717 1328 praebciedelret
728 1248 932 1311 senissimum
946 1254 975 1307 et
986 1248 1147 1310 infallibilc
1157 1266 1211 1327 per
1226 1266 1259 1310 as
1272 1251 1370 1330 ipsum
1377 1250 1515 1327 sitoportct.

474 1348 554 1427 Ergo
567 1350 696 1412 llonrani
710 1348 862 1411 conuecta
874 1348 1032 1426 publicum
1044 1350 1266 1425 magisterium,
1279 1352 1311 1411 in
1328 1366 1386 1428 quo
1399 1366 1453 1411 unc
1464 1348 1519 1407 illud

474 1449 630 1514 criterium
640 1449 792 1526 consulu,
807 1448 970 1510 inlelliltile
983 1450 1108 1509 omnino
1122 1458 1177 1509 cst.

514 1549 581 1614 ans
598 1548 776 1626 hujusmodl
788 1549 938 1627 permulto
952 1566 1113 1628 possumus
1134 1550 1221 1611 laoile
1239 1552 1389 1629 persequi,
1405 1556 1437 1610 ut
1453 1551 1522 1609 inlel-
1583 1582 1584 1585 =

475 1650 592 1714 liltileru
616 1650 744 1713 llomcni
766 1649 917 1711 Pontilicis
941 1650 1146 1711 auctoritatem
1168 1648 1380 1712 confirmemus
1396 1672 1403 1710 :
1418 1650 1461 1711 sed
1475 1664 1522 1726 que

476 1748 648 1824 attulimus,
665 1748 739 1809 satis
751 1764 902 1825 superque
918 1754 989 1809 eunt
1009 1748 1047 1809 sd
1063 1748 1210 1825 ingenuas
1228 1750 1417 1827 siccumque
1436 1754 1524 1809 mentes

477 1848 640 1926 docendam
653 1848 691 1909 ad
705 1849 872 1927 pervicaces
885 1854 989 1909 eutem
1002 1848 1183 1925 lrangcndas
1193 1849 1280 1909 nulla
1291 1848 1341 1911 vel
1355 1850 1472 1909 maxime
1482 1846 1528 1906 ari·

477 1948 616 2013 denum
628 1948 675 2009 ris
688 1953 937 2023 mgurnentcrum
953 1946 1076 2009 sufficit.

517 2049 609 2126 Atqui
626 2048 824 2111 ecclesiastica
836 2047 1007 2109 Protarchia
1029 2047 1138 2109 residet
1152 2049 1184 2108 in
1205 2066 1241 2109 ea
1258 2064 1396 2127 munna,
1412 2052 1488 2125 cujus
1502 2048 1528 2107 sit

478 2148 646 2213 infallibilis
661 2149 694 2210 in
708 2148 837 2211 Ecclesia
850 2146 985 2209 docende
1003 2148 1227 2222 securitatem
1246 2148 1341 2226 paulo
1361 2156 1427 2209 ente
1445 2146 1528 2225 prola-

479 2258 545 2315 tum
558 2254 603 2311 oet
619 2249 737 2329 (1991).
751 2250 841 2327 Ergo,
858 2254 916 2311 etc.

521 2352 610 2413 1298.
626 2350 758 2413 Concu.
776 2353 805 2409 1.
825 2380 863 2393 -
882 2348 1088 2411 Eccloaiestlce
1108 2348 1278 2409 momenta
1301 2349 1336 2409 in
1357 2364 1472 2427 persom
1488 2349 1529 2405 llo

479 2452 564 2516 mani
585 2450 739 2513 maome
759 2450 886 2511 tirmiter
909 2449 1081 2525 meruleta,
1101 2448 1179 2509 facili
1203 2448 1326 2525 negotio
1351 2456 1471 2526 quatuor
1488 2446 1530 2505 het
1585 2454 1586 2513 f

480 2550 717 2628 intelliguntur:

522 2652 547 2713 1.
567 2655 593 2713 Α
612 2650 739 2711 llcmani
759 2649 911 2711 Pontificis
925 2648 1049 2729 publico
1062 2648 1180 2709 decreto
1194 2648 1394 2713 munuum
1406 2664 1531 2726 nunquan

482 2757 512 2811 et
527 2748 643 2809 nemini
665 2748 735 2809 dcet
753 2746 903 2809 adullam
926 2748 1018 2811 aliam
1041 2754 1215 2827 potestatem
1237 2766 1411 2829 provocare.
1432 2752 1532 2809 Potestas

482 2851 567 2914 enirn
588 2849 626 2912 sd
645 2867 739 2928 qnam
759 2851 794 2912 nr
810 2853 994 2930 presumtio,
1008 2849 1096 2912 dehet
1122 2865 1188 2912 asae
1201 2851 1234 2910 in
1252 2849 1363 2912 eodem
1385 2851 1533 2912 011111111-

483 2949 583 3027 perior
604 2948 658 3012 ille
672 2965 691 3012 a
703 2967 765 3027 qua
784 2954 973 3028 provocatur.
990 2947 1081 3010 Nulle
1102 2953 1207 3010 antem
1229 2955 1274 3010 est
1293 2950 1329 3008 in
1345 2949 1449 3010 ordine
1465 2945 1534 3008 corle

483 3049 600 3112 siastioo
622 3051 782 3110 aucurims
800 3050 937 3128 superior
952 3051 1089 3112 Romano
1106 3045 1260 3120 Pondlica,
1275 3053 1311 3108 ut
1329 3049 1481 3131 probatum
1496 3051 1533 3106 eat

483 3150 588 3225 ltaque
601 3147 755 3226 absurde,
771 3149 872 3228 impie
885 3155 916 3209 et
929 3147 1079 3224 aacrllegas
1092 3154 1166 3210 sunt
1177 3145 1395 3230 appellationes
1407 3165 1426 3209 a
1438 3143 1534 3208 llcmani

485 3249 636 3312 Pontificio
646 3249 761 3325 judicio
774 3249 813 3310 ad
829 3249 991 3311 concilium
1010 3248 1293 3327 generalemque
1312 3249 1351 3310 ed
1366 3249 1489 3310 divinam
1500 3249 1536 3306 lr-

484 3349 583 3410 olesia
594 3351 840 3414 constitutionem
850 3349 1085 3412 labelactendam
1101 3349 1236 3428 tondant,
1250 3367 1428 3430 supremum
1437 3351 1536 3412 nomae

485 3446 677 3510 Pcnnlicatua
690 3449 896 3510 auctoritatem
919 3449 1101 3528 inficientur,
1116 3451 1200 3510 omni
1214 3449 1308 3510 errori
1332 3467 1368 3512 ec
1383 3449 1482 3512 sceleri
1494 3443 1538 3504 sli-

485 3551 551 3608 tum
564 3545 746 3612 letissimum
758 3550 905 3628 apcnant
920 3555 950 3610 et
967 3549 1004 3610 ad
1018 3547 1179 3611 concilium
1194 3556 1358 3629 provocent
1371 3549 1409 3610 ab
1427 3547 1475 3609 illa
1485 3559 1538 3605 auc

486 3645 603 3710 teritnte
619 3663 713 3726 aqua
725 3655 755 3710 et
767 3650 887 3712 concilii
905 3649 1001 3727 ipsius
1014 3666 1104 3712 omno
1118 3649 1270 3727 judicium
1285 3649 1378 3728 dirigi
1400 3647 1538 3726 oportctti

486 3746 548 3809 rim
568 3747 689 3826 plenem
709 3764 799 3812 omne
814 3747 899 3812 illiue
919 3749 1072 3810 decretum
1094 3750 1227 3812 mutuari
1245 3749 1334 3810 dehet
1356 3747 1458 3822 (1196,
1474 3739 1536 3822 prol.

486 3845 518 3904 3·
532 3862 614 3924 pars,
627 3846 681 3927 4⁰).

526 3947 564 4006 ΙΙ·
588 3947 726 4015 coteste
742 3948 910 4011 christiam
932 3951 1067 4026 regimen
1088 3965 1107 4008 a
1127 3949 1245 4010 Christo
1261 3949 1393 4009 Domino
1419 3943 1538 4007 consutu-

486 4049 551 4106 tum
575 4063 699 4125 proraus
724 4047 946 4112 mmarcls'cssr
973 4059 1036 4126 est,
1066 4065 1136 4110 cum
1163 4053 1292 4127 ejusque
1319 4047 1424 4108 divina
1446 4041 1538 4104 nalu-

485 4145 565 4208 tione
584 4154 699 4225 pugnat
715 4147 811 4212 terma
823 4149 966 4226 meliust
983 4151 1140 4226 regiminis
1159 4147 1361 4228 polyandrion
1384 4146 1446 4206 sire
1457 4142 1538 4203 annu

484 4247 593 4309 uedeo
606 4245 670 4310 laec
682 4247 826 4326 drigarum
838 4250 903 4310 sire
915 4248 1112 4310 democratice
1128 4248 1212 4327 (193,
1228 4249 1330 4324 ludit.

528 4346 578 4406 lll.
602 4348 752 4419 Quoniam
772 4364 916 4428 suprema
936 4350 1072 4426 cujusvis
1096 4347 1244 4411 societatis
1263 4347 1394 4428 publice
1417 4344 1538 4420 'inceper-

486 4443 584 4505 dentis
597 4448 757 4508 auctoritas
768 4450 865 4511 nilus
877 4447 941 4511 illis
954 4451 1147 4529 potentinus
1160 4455 1265 4528 suapte
1284 4455 1393 4512 nenne
1407 4447 1488 4521 riget
1498 4439 1538 4498 dc·

361 4535 365 4542 ’
485 4542 652 4621 liberatica,
666 4545 844 4625 legislatira,
854 4551 1023 4612 exsecutire
1037 4550 1155 4630 (1⁰22),
1167 4567 1235 4628 que
1249 4549 1285 4611 ad
1298 4550 1466 4611 societatem
1477 4545 1537 4619 ejus

485 4641 566 4701 modi
577 4643 802 4718 gubernandam
814 4657 885 4711 sunt
895 4650 1091 4712 essentialiter
1101 4651 1286 4726 omasum,
1297 4649 1405 4712 idcirco
1418 4642 1536 4723 triplicem

485 4739 569 4802 illam
587 4749 761 4821 potesutem
779 4750 1018 4829 deliberativam,
1034 4751 1234 4832 regnicuram
1252 4757 1282 4814 cl
1296 4739 1534 4815 muramrffl
