3559 5675
603 761 709 810 euuun.
734 780 772 798 -ν
795 761 877 810 musti
900 761 1034 808 neutuna.
1296 745 1353 808 dall

320 867 498 948 Quicunque
509 868 600 944 igitur
614 867 727 941 litent,
739 869 1005 947 cuieonpotatp'uc
1017 865 1212 944 dogutcssteutli
1227 866 1264 930 ile
1276 870 1357 930 ntalc

287 969 423 1046 prmcipis
432 968 591 1044 regimine,
602 966 710 1028 scilicet
725 967 768 1026 vel
781 970 917 1046 superior
933 966 1044 1044 aliquis
1058 973 1212 1048 princeps,
1226 972 1272 1033 tet
1284 971 1357 1030 aris-

287 1067 456 1129 tocratieum
475 1073 528 1130 aut
544 1065 684 1144 populare
698 1065 850 1144 quoddam
866 1067 1041 1143 scordium,
1060 1073 1227 1133 mundum
1241 1085 1277 1130 ea
1290 1085 1358 1145 oua

287 1183 376 1246 nuper
390 1167 468 1228 dicta
482 1175 565 1240 sutri,
585 1169 616 1231 iu
631 1168 807 1244 gravissimo
830 1168 887 1228 boc
905 1168 1022 1244 negotio
1037 1171 1155 1248 'semper
1176 1189 1214 1232 ex
1232 1173 1357 1248 iustiliae

286 1265 396 1344 tegibus
409 1267 466 1329 erit
484 1273 619 1330 accurrate
632 1267 864 1345 procedendum.
885 1245 1041 1341 Ouarnoi
1056 1270 1173 1333 malum
1191 1273 1358 1348 regimina

286 1365 403 1444 physica
426 1366 567 1444 principis
587 1367 760 1444 ineptudinc
782 1367 906 1435 oriatur,
928 1370 1036 1428 uicaria
1056 1385 1110 1428 seu
1130 1387 1234 1448 repens
1256 1371 1358 1448 alique

286 1481 421 1542 munna,
435 1465 556 1546 pbysica
570 1465 617 1528 rel
628 1465 961 1542 morelindesignanda
972 1474 1032 1542 esu
1045 1469 1100 1537 sia
1114 1469 1256 1547 principis
1266 1470 1358 1548 culpa

286 1565 476 1634 emendabili.
500 1569 615 1644 majora
635 1567 679 1631 itti
699 1567 783 1644 trena
803 1567 985 1644 injicienda;
1009 1569 1035 1633 si
1057 1567 1096 1634 ab
1116 1569 1252 1644 ejusdam
1271 1570 1360 1648 eetpe

285 1665 508 1743 inemendabili,
524 1667 696 1746 puniendus
713 1667 836 1745 quidem
850 1668 927 1745 ipse,
941 1672 973 1731 al
985 1671 1053 1746 ejus
1065 1668 1181 1733 familia
1194 1685 1256 1730 non
1270 1669 1359 1748 item;

284 1769 308 1828 si
332 1785 350 1828 a
373 1767 496 1831 familiar
516 1769 605 1836 totius
628 1768 728 1846 culpa,
751 1784 944 1848 nequaquam
966 1770 999 1830 iu
1019 1777 1115 1834 eoetus
1136 1769 1283 1848 poblicns,
1306 1769 1361 1848 nui

286 1867 483 1946 principatum
496 1883 567 1933 cum
583 1884 619 1928 ea
632 1867 818 1947 participant,
830 1867 1130 1939 animadvertendum
1143 1876 1198 1938 cet.
1211 1871 1358 1948 Denique,

284 1967 346 2032 sire
358 1967 513 2040 cautiones
533 1983 617 2033 norea
639 1967 702 2031 sire
722 1967 839 2044 punitio
859 1967 1070 2044 adhibeantur,
1087 1970 1128 2035 ita
1150 1985 1268 2046 semper
1281 1969 1361 2034 bono

284 2065 404 2144 publica
413 2073 458 2136 est
474 2065 705 2142 consulendum,
727 2073 761 2144 nt
772 2083 810 2128 ae
825 2068 940 2146 privata
951 2068 1094 2147 principis
1108 2069 1181 2144 iura
1192 2067 1257 2131 ullo
1271 2067 1361 2132 modo

285 2163 460 2248 violenter„
777 2215 779 2218 .

321 2263 454 2333 cusona.
470 2263 499 2324 l.
512 2297 547 2310 -
562 2267 602 2326 Er
617 2264 654 2336 iis
668 2281 735 2342 pue
748 2271 810 2340 tcto
825 2265 882 2338 boa
894 2265 1024 2332 utiouto
1032 2265 1267 2342 deputavimus,
1283 2265 1360 2330 nied

283 2365 383 2434 etiam«
400 2365 556 2428 maritate
582 2364 748 2442 colligitur,
774 2362 1003 2445 cpioouieitiam
1017 2362 1178 2443 -prieoroor
1202 2377 1362 2443 nunquam

284 2480 369 2544 possa
385 2463 450 2525 ulte
463 2463 500 2526 de
515 2479 606 2527 cauea
621 2481 688 2526 esse
701 2465 826 2531 licitum.
845 2465 914 2526 Sira
927 2465 1011 2527 enim
1029 2464 1166 2542 princeps,
1178 2464 1218 2524 sit
1237 2464 1362 2529 omnino

285 2563 572 2644 initepeudens‚sire
587 2565 693 2640 majori
709 2564 798 2636 elicui
821 2563 945 2643 principi
960 2563 1068 2639 subsit,
1084 2563 1199 2640 priuato
1211 2562 1290 2624 nulli
1306 2564 1362 2639 jus

284 2680 348 2726 esse
362 2671 459 2747 potest
464 2662 621 2743 judicandi
637 2663 671 2725 in
683 2663 735 2726 tali
748 2680 848 2740 causa,
863 2665 1066 2742 principioque
1079 2661 1266 2740 tyrannidem
1280 2677 1360 2724 eaer-

282 2765 376 2833 centis
400 2761 619 2830 condemnandi
640 2777 649 2822 z
675 2762 733 2825 boe
758 2779 889 2843 namque
907 2765 960 2841 jus
984 2763 1065 2828 uuiti
1083 2768 1179 2841 potest
1198 2760 1251 2832 alii
1269 2775 1362 2839 quatu

282 2864 431 2943 superiori
452 2863 586 2939 legitimo
608 2870 783 2942 competere.
808 2865 975 2930 Procerum
995 2879 1076 2939 cero,
1094 2878 1193 2940 nuum
1213 2859 1362 2923 horrenda

283 2964 338 3026 illa
349 2963 497 3041 doctriua,
514 2964 746 3040 tyrannicidium
760 2965 885 3041 priuatis
896 2964 1085 3042 permittens.
1101 2964 1127 3023 si
1142 2960 1235 3025 senei
1248 2959 1361 3022 admit·

281 3070 407 3137 teretur,
428 3063 607 3127 latissimum
626 3064 740 3131 aditum
760 3063 794 3127 ad
818 3063 912 3131 bonos
930 3062 1086 3138 malusque
1105 3061 1256 3139 principes
1270 3058 1363 3121 indis·

281 3164 469 3235 criminalius
479 3164 627 3227 necandos
640 3164 754 3235 scelesti
764 3162 926 3239 ernustinu
936 3163 983 3223 vel
995 3161 1126 3228 amentis
1132 3159 1229 3224 furori
1238 3158 1364 3219 omnino

280 3264 460 3328 recluderet.
476 3266 671 3343 Quapropter,
686 3272 716 3325 et
731 3270 873 3343 perpetua
888 3264 1014 3330 iufamia
1026 3259 1210 3337 wengarde
1224 3265 1297 3325 suat
1314 3276 1364 3319 eo-

280 3380 352 3432 rnm
365 3352 500 3441 nomina,
508 3365 572 3445 qui,
582 3364 683 3443 patriae
693 3360 865 3435 charitatem
874 3362 1226 3442 proterenteuprincipia
1233 3359 1364 3441 alicujus

280 3466 351 3536 riri,
368 3463 597 3541 rempublicam
617 3464 664 3525 vel
679 3464 806 3541 pessime
821 3464 1016 3539 gubernantis
1028 3468 1081 3525 aut
1098 3461 1200 3539 potius
1217 3461 1362 3553 curantis,

280 3565 434 3641 sanguine
448 3580 557 3625 manus
571 3580 640 3632 suas
651 3564 765 3626 nolano
778 3563 889 3626 sceiere
901 3562 1105 3629 maeirlaruuu
1117 3566 1147 3628 ot
1158 3576 1280 3627 summo
1290 3576 1362 3622 cum

279 3666 379 3730 animi
394 3664 517 3726 horrore
531 3678 565 3723 eo
578 3663 771 3731 detmutione
783 3662 945 3739 injicienda
955 3670 1001 3726 est
1011 3677 1116 3728 eorum
1125 3659 1363 3735 meledunum,

281 3766 520 3841 tyrannicidium
533 3764 648 3841 privato
666 3762 788 3823 cuilibet
808 3763 1023 3839 permittentes,
1039 3774 1158 3821 sacrum
1173 3759 1301 3835 iustitie
1315 3775 1364 3823 ot·

278 3870 400 3941 dinem,
415 3866 585 3943 principum
608 3862 699 3934 etiam
718 3864 864 3925 bonorum
885 3862 990 3933 ritem,
1007 3860 1049 3925 rei
1068 3858 1197 3937 publicar
1216 3858 1364 3923 univerae

277 3968 415 4027 satutem
436 3966 467 4023 in
489 3964 594 4045 perditi
609 3965 807 4039 annurtiant
824 3961 930 4035 furiosi
952 3959 1087 4025 tromiru
1107 3956 1232 4020 arbitrio
1249 3973 1364 4035 poeno

276 4073 366 4129 runt.

622 4216 624 4223 ’
690 4200 896 4266 nuutuunus
917 4202 965 4262 lll.

278 4376 325 4445 De
338 4374 379 4437 iis
397 4370 439 4436 nd
452 4388 523 4453 quot
535 4384 671 4446 mpreoto
686 4365 844 4437 atteteritur
854 4363 979 4445 politica
990 4367 1134 4443 pertivret,
1150 4360 1202 4428 oti
1214 4362 1278 4443 ejus
1293 4382 1364 4442 pei.

596 4485 688 4569 sessor
702 4466 875 4547 principatu
891 4462 1046 4525 exciderit.

321 4648 416 4711 luit.
444 4644 623 4719 Norbanus.
640 4610 695 4689 Χ-
727 4639 863 4713 ltiriinus
885 4602 1039 4718 superiore
1066 4638 1192 4718 articulo
1215 4635 1363 4720 poputum

273 4750 466 4833 quandoque
476 4750 546 4825 jure
562 4760 647 4827 posse
660 4742 697 4807 de
710 4743 842 4825 principe
854 4740 1004 4817 tprnnuica
1018 4738 1202 4821 gubernante
1214 4736 1361 4817 iudicare3
