3559 5675
580 788 688 833 sunna.
712 806 751 818 -
772 791 855 836 crura
877 791 1010 838 uncinus.
1273 776 1334 838 tlt

277 902 351 974 patus
372 893 530 972 possessori
548 894 684 976 legitime
708 896 880 970 succedunt,
899 900 970 974 jura
992 897 1111 976 politica
1132 899 1284 978 possident
1305 904 1334 960 ui

275 992 396 1068 ejusdem
416 993 498 1055 illius
509 994 574 1054 lacti
590 1012 642 1073 per
655 996 735 1072 qnod
751 996 866 1074 primns
880 997 911 1056 in
924 997 977 1057 illa
996 1001 1133 1092 societate
1146 1000 1282 1078 princeps
1300 1019 1336 1062 ea
1424 1044 1427 1049 -

275 1092 400 1170 possedit.
412 1094 517 1172 nuni,
528 1111 623 1174 quum
632 1097 770 1174 princeps
783 1103 813 1157 et
825 1097 925 1158 omnis
939 1099 1006 1176 eJus
1018 1116 1168 1161 successor
1181 1101 1335 1177 legitimus

273 1192 412 1268 deliciunt,
432 1196 558 1256 omnino
572 1202 667 1257 cessat
681 1197 726 1258 uis
740 1197 824 1258 illius
837 1198 907 1260 lacti
918 1214 987 1275 que
998 1202 1203 1262 anctoritatem
1214 1202 1246 1262 in
1257 1213 1337 1277 certa

274 1310 386 1370 persona
404 1295 516 1372 figebat
532 1310 540 1354 :
554 1295 579 1356 si
594 1293 674 1356 enim
688 1297 733 1356 ris
748 1297 830 1358 illins
851 1297 920 1358 iacti
935 1299 967 1359 in
986 1299 1086 1376 aliqua
1097 1300 1196 1362 adbuc
1211 1317 1337 1380 persona

274 1393 454 1466 subsisteret,
476 1394 588 1474 aliquis
614 1403 782 1474 superesset
803 1396 957 1474 legitimus
977 1401 1157 1480 principatui
1173 1418 1334 1463 successor.

275 1497 351 1570 Ergo,
359 1496 492 1574 principe
503 1501 532 1556 et
542 1497 624 1560 omni
637 1499 705 1574 ejus
717 1495 852 1573 legitimo
863 1515 1034 1560 successore
1044 1499 1261 1578 deficientibus,
1270 1516 1337 1562 auc·

274 1595 361 1657 toritas
374 1597 406 1656 in
420 1596 509 1657 nulla
522 1579 650 1674 persorm
666 1596 991 1676 determinateresidet,
1007 1599 1174 1678 acproinde
1188 1601 1220 1661 in
1234 1600 1337 1680 populi

272 1695 453 1757 multitudine
469 1697 611 1758 universa
624 1697 853 1759 indeterminate
864 1698 963 1759 solum
977 1700 1087 1760 existit.

305 1795 390 1856 Peon.
408 1799 439 1856 2·
455 1811 545 1858 rans.
558 1827 599 1842 -
612 1798 647 1856 ln
664 1797 769 1874 quavis
782 1799 924 1859 societate
937 1815 1055 1877 semper
1075 1814 1196 1860 necesse
1209 1805 1254 1860 est
1269 1817 1340 1860 auc·

273 1896 404 1956 toritatem
416 1903 554 1958 concrete
564 1898 662 1976 rigere
674 1897 710 1980 ad
724 1903 816 1958 totam
825 1899 995 1961 societatem
1004 1898 1231 1976 gubernandam
1241 1899 1336 1978 (459).

274 1995 338 2070 Ergo
351 1996 393 2056 illi
408 1997 463 2073 qui
484 1996 658 2058 immediate
674 1997 730 2058 sub
749 2000 882 2080 principe
897 2001 1052 2062 consortiis
1071 1999 1154 2062 unde
1172 2003 1269 2079 major
1288 2017 1339 2062 so·

272 2095 351 2156 cletas
363 2098 613 2176 componebatur,
626 2105 769 2178 praesunt,
782 2100 893 2162 debent
905 2101 1021 2162 edicere
1032 2106 1067 2162 nt
1079 2102 1159 2162 nulli
1170 2118 1206 2162 ex
1221 2101 1258 2162 iis
1271 2118 1340 2162 eon·

271 2196 357 2256 sortiis
378 2199 542 2258 auctoritas
571 2205 704 2260 concrete
732 2200 838 2275 uigens
859 2207 888 2261 et
909 2201 1031 2280 publico
1055 2201 1154 2262 ordini
1179 2202 1341 2264 consulens

269 2294 352 2355 desit:
372 2298 409 2358 iis
433 2299 519 2358 enim
533 2297 709 2377 presidibus
723 2301 942 2360 consortiorum
956 2301 1080 2362 illorum
1090 2301 1271 2377 gubernatio
1284 2301 1341 2361 sub

270 2395 390 2476 principe
404 2398 567 2459 incumbit.
589 2400 678 2476 Ergo,
693 2399 787 2460 donec
804 2398 934 2480 populus
952 2401 1047 2478 possit
1061 2399 1098 2460 ad
1111 2400 1180 2461 noui
1193 2400 1340 2479 principa-

272 2501 311 2554 tus
322 2496 496 2560 electionem
518 2497 679 2576 prudenter
697 2503 787 2574 atque
798 2498 904 2559 ordine
917 2499 1088 2579 procedere,
1101 2499 1212 2561 debent
1225 2499 1246 2558 ii
1265 2516 1339 2579 prae·

271 2593 339 2656 sides
353 2599 423 2672 jura
444 2597 566 2677 politica
588 2579 644 2676 ipsi
660 2615 774 2676 gerere,
790 2604 820 2659 et
832 2598 880 2660 vel
899 2599 958 2678 ipsi
979 2599 1124 2679 populum
1144 2599 1263 2680 politice
1281 2616 1340 2676 gu·

270 2692 392 2776 bernam,
405 2699 455 2760 vel
470 2713 631 2777 personam
641 2699 795 2778 physicam
807 2705 860 2761 aut
869 2701 1014 2784 muralem
1025 2698 1162 2764 idoneam
1171 2700 1337 2780 designare,

269 2813 347 2873 aqua
357 2815 404 2859 res
420 2795 545 2877 publica
556 2797 794 2861 administretur.

303 2900 384 2960 lii-ld.
400 2901 537 2962 Conone.
554 2898 583 2959 l.
595 2900 766 2963 -Politice
776 2917 881 2962 eorum
893 2902 947 2979 qui
963 2902 1021 2963 sub
1040 2901 1338 2981 principeconsortiis

269 3000 489 3075 particularibus
510 2997 669 3077 praeerant,
684 3002 841 3063 aucteritas
856 3002 1022 3062 inscensu
1045 3003 1226 3081 temporaria
1238 3003 1336 3065 solurn

270 3105 323 3175 est,
338 3102 418 3177 qnia,
434 3116 536 3177 quum
549 3086 670 3179 politica
691 3102 763 3179 jura
776 3100 814 3161 ad
828 3102 994 3181 principem
1007 3102 1201 3179 pertinerent,
1215 3103 1276 3182 ipsi
1285 3106 1339 3182 jus

269 3200 300 3259 ad
323 3202 519 3279 particularia
531 3204 677 3264 consortia
693 3201 893 3281 gubernanda
919 3206 952 3264 in
973 3202 1078 3263 ordine
1096 3191 1178 3265 ciuili
1207 3210 1341 3266 tantum·

270 3302 347 3362 modo
368 3303 535 3365 habebant.
557 3302 696 3379 Principe
716 3307 818 3363 autern
842 3302 1013 3379 deficiente,
1041 3302 1146 3363 nullus
1173 3304 1212 3365 iis
1233 3304 1339 3368 titulus

269 3400 349 3480 adest,
364 3405 393 3465 vi
408 3404 501 3480 quus
513 3408 654 3483 perpetuo
668 3403 725 3467 sibi
736 3406 807 3481 jura
828 3403 948 3482 politica
966 3404 1117 3466 uindicare
1132 3406 1258 3483 possint.
1271 3408 1338 3468 Ete-

269 3502 332 3573 nirn,
345 3507 488 3582 quamvis
500 3507 537 3567 ob
551 3506 754 3569 necessitatem
768 3509 952 3569 auctoritatis
966 3524 1084 3588 semper
1092 3515 1227 3571 concrete
1234 3511 1337 3587 vigen-

269 3603 311 3681 tis,
330 3606 459 3669 debeant
474 3605 519 3669 illi
531 3606 675 3686 ‚presides
689 3607 843 3685 politicam
855 3624 920 3667 rem
934 3607 1113 3685 aliquandiu
1125 3626 1229 3687 gerere
1237 3625 1249 3686 ;
1263 3616 1338 3671 atta-

270 3718 328 3765 men
343 3706 406 3769 lraec
425 3706 570 3783 obligatio
583 3713 614 3769 at
629 3706 686 3768 hoe
702 3711 755 3787 jus
768 3712 841 3769 sunt
853 3708 978 3769 omnino
998 3710 1195 3787 temporaria:
1214 3716 1339 3789 possunt

269 3804 340 3865 enirn
350 3806 395 3868 illi
410 3824 446 3869 ac
457 3806 567 3869 debent
586 3823 692 3869 curare
711 3814 744 3869 nt
758 3824 776 3869 a
789 3807 901 3887 populo
921 3823 1019 3870 novus
1036 3809 1173 3889 princeps
1197 3809 1337 3888 designe-

269 3906 311 3965 tur
327 3925 334 3964 :
350 3924 417 3984 que
439 3908 542 3969 omnia
555 3909 620 3985 jam
632 3912 704 3969 sunt
720 3924 738 3969 a
752 3907 840 3971 nobis
851 3905 931 3969 libro
942 3909 974 3969 6·
987 3924 1020 3969 n.
1035 3908 1097 3970 729
1109 3908 1238 3972 breuiter
1258 3911 1337 3973 indi·

268 4010 334 4066 tela.
562 4066 564 4071 ,
1198 4070 1202 4075 ,

300 4105 424 4172 Quom.
443 4110 585 4169 2-Post
598 4124 700 4169 reram
716 4107 882 4171 doctrinam
896 4107 976 4169 eirca
988 4106 1131 4187 principis
1140 4111 1193 4186 jus
1205 4109 1336 4172 inviola-

268 4204 319 4269 bile
336 4210 454 4271 anobis
472 4184 623 4285 traditam,
638 4208 794 4287 precipue
812 4208 968 4288 opiniones
989 4212 1123 4270 anostra
1133 4206 1336 4289 discrepantes

270 4308 624 4386 paucisjamreiellendsa
640 4314 723 4371 sunt.
1236 4321 1243 4328 ·

303 4410 434 4485 itaquel.
451 4410 597 4472 sententia
609 4425 675 4487 qnae
686 4408 771 4471 docet
783 4409 950 4489 principem
962 4426 981 4469 a
993 4408 1106 4488 populo
1119 4408 1228 4473 babere
1239 4417 1337 4491 potes.

270 4510 349 4567 tatem
363 4509 596 4586 irrevocabilem,
609 4511 639 4569 l⁰
651 4510 794 4586 qnoniam
809 4507 949 4575 doctrina
961 4509 1038 4587 pacti
1050 4509 1170 4572 socialis
1183 4510 1334 4586 innidtnr,

271 4609 323 4665 tarn
333 4608 406 4672 lutea
417 4619 460 4673 est
474 4628 567 4690 quarn
579 4608 712 4672 doctrine
722 4608 795 4687 hec,
808 4610 897 4685 cujns
907 4608 1067 4674 falsitatem
1077 4614 1108 4671 et
1120 4610 1336 4673 absurditatem

271 4702 530 4772 dernenstravimns
541 4710 618 4771 libro
631 4708 675 4784 4⁰,
688 4725 720 4769 n.
735 4707 805 4769 459.

305 4808 333 4863 t·
349 4808 413 4871 lluc
434 4810 581 4875 sententia
601 4808 732 4873 eontinet
754 4810 894 4888 preterea
917 4806 1004 4887 priora
1027 4808 1086 4872 elia
1107 4808 1234 4875 altsuula
1249 4815 1278 4875 rt
1292 4809 1336 4871 io·
