3559 5675
421 677 483 740 300
831 689 912 738 sunto
932 691 1090 738 aarunrsis

421 802 557 860 constare
584 813 638 879 per
662 796 744 874 teges
771 795 949 874 J‘ubesntnr,
977 797 1140 877 prosarum
1157 795 1185 857 si
1206 795 1245 858 ad
1263 795 1383 858 nobiles
1402 795 1500 857 sotum
1590 769 1591 774 ἵ

422 897 554 960 familias
576 896 625 958 ter
645 894 794 974 ejrumodi
820 887 977 976 pertineat.
1004 897 1059 958 Utri
1081 897 1164 958 enim
1188 893 1272 958 fliius
1290 903 1320 958 et
1341 895 1502 958 honestam

423 998 629 1060 edueationem
657 1001 688 1059 et
708 995 847 1058 subsidia
866 995 904 1057 ad
931 995 1087 1058 eommode
1109 995 1274 1058 vivendum
1297 995 1504 1058 amarius

423 1098 599 1178 penatibus
607 1095 751 1172 obtineat,
771 1095 859 1157 nulio
874 1098 946 1175 jure
961 1095 1091 1158 naturali
1104 1101 1202 1175 potest
1214 1095 1335 1157 eosdem
1352 1109 1463 1172 eogere
1477 1099 1508 1155 ut
1590 1129 1591 1162 r

424 1215 477 1279 per
489 1197 619 1276 equales
630 1202 732 1277 partes
751 1203 874 1276 paterna
885 1195 998 1277 pradia
1018 1197 1096 1258 inter
1115 1210 1222 1258 omues
1244 1196 1350 1257 iratres
1368 1193 1510 1256 dividan-
1590 1205 1591 1282 ὲ

426 1303 485 1358 tur.
499 1298 679 1359 Patsrsmm
688 1301 735 1358 est
744 1311 873 1360 suorum
882 1295 1063 1376 prediorum
1074 1295 1227 1374 dominus,
1239 1300 1443 1375 eequepotest
1453 1294 1506 1354 uni

425 1397 548 1460 [emilius
557 1397 646 1476 eapiti
659 1411 713 1476 per
726 1396 909 1458 suemssivas
927 1381 1146 1474 geuemtiones,
1159 1395 1201 1458 ad
1221 1397 1323 1474 majus
1336 1399 1403 1455 mm
1417 1393 1507 1456 iami-

426 1494 474 1560 iias
486 1500 552 1558 tum
563 1496 609 1559 rei
619 1495 747 1576 publiea
761 1495 877 1557 bouum
886 1495 988 1558 omnia
1004 1493 1132 1557 indivise
1152 1495 1265 1574 legare.

466 1595 598 1661 Corom
611 1597 643 1658 a.
656 1594 751 1656 -ttd
766 1609 939 1674 supremam
954 1595 1159 1656 ausmdutem
1179 1591 1394 1656 infirmandam
1410 1594 1506 1656 simut

427 1705 457 1760 et
469 1699 507 1760 ad
525 1697 628 1778 populi
646 1694 782 1758 universi
797 1693 1062 1774 duoes‚patronos‚
1081 1699 1194 1756 nitores
1207 1699 1343 1773 putentes
1360 1711 1396 1755 ae
1410 1694 1505 1757 bene-

427 1800 498 1860 iioos
518 1794 694 1858 evertendos
713 1793 903 1857 indefinitam
916 1793 1080 1856 fundorum
1098 1792 1381 1871 multipiieetionem
1399 1809 1507 1856 omnes

424 1898 597 1978 reipublioas
620 1894 841 1975 perturbatores
862 1909 983 1974 semper
1003 1893 1134 1954 muimo
1156 1891 1257 1954 studio
1276 1898 1506 1972 promoverunt,

427 2003 518 2076 atqtu
529 1995 690 2057 indivisam
702 1994 883 2075 praediorum
898 1995 1106 2075 proprietatem
1120 1994 1176 2055 uni
1188 1991 1313 2056 familie
1329 1993 1421 2071 ospiti
1436 2008 1507 2054 onn-

427 2100 544 2156 stanter
558 2097 706 2154 serratam
725 2091 894 2154 clamarunt
917 2090 1050 2152 natumti
1071 2090 1232 2152 hominum
1253 2089 1431 2168 aequalitati,
1451 2091 1507 2153 do·

428 2189 662 2265 mestieaqueae
671 2185 883 2264 uiriliJ'ustitiae
894 2200 1017 2266 prorsus
1027 2183 1189 2248 murmuri.
1198 2183 1505 2250 ituressditioeentnr

427 2288 589 2358 homiuum
602 2303 735 2349 errorem
747 2285 892 2348 huruuua
904 2285 1114 2348 refutavimus.

469 2391 507 2452 tt
514 2386 689 2451 audaciores
697 2385 742 2448 iili
752 2391 942 2464 summeque
951 2384 1110 2448 seelestam
1120 2385 1327 2447 resistentem
1336 2385 1505 2465 quidquam

428 2493 545 2566 estque
561 2502 624 2548 uon
640 2486 770 2547 maxime
783 2486 828 2546 uti
840 2485 946 2562 uelint,
963 2487 989 2548 si
1003 2484 1091 2548 modu
1105 2501 1211 2548 eorum
1225 2487 1375 2566 rapaeitrti
1392 2505 1428 2549 ae
1443 2503 1506 2568 per·

430 2585 508 2648 tidie
525 2585 627 2657 terere
644 2584 792 2646 rideatur.
815 2586 918 2665 ltaque
937 2601 998 2646 nou
1015 2585 1110 2648 semel
1130 2583 1222 2648 iidem
1242 2583 1333 2665 ispum
1351 2585 1506 2666 aprorum

428 2687 661 2767 proposuerunt,
680 2699 755 2763 qua,
775 2684 928 2763 veteribus
952 2699 1093 2762 agrorum
1115 2685 1336 2764 possessoribus
1358 2687 1506 2766 spoliatis,

430 2786 509 2849 iuter
521 2799 626 2846 omues
646 2782 727 2845 eires
746 2780 859 2863 pradia
874 2784 976 2846 omnir
995 2799 1040 2847 ex·
1050 2799 1138 2863 aquo
1154 2783 1328 2847 dividantur
1343 2799 1352 2845 :
1367 2785 1414 2848 sie
1428 2787 1506 2847 anim

429 2886 567 2949 distiterit
587 2885 698 2946 versuti
716 2883 850 2945 lauones
870 2884 1003 2961 aquales
1025 2884 1169 2947 omnibus
1187 2888 1220 2946 et
1241 2885 1370 2962 singulis
1393 2887 1508 2948 uiribus

430 2984 567 3049 iortuuas
578 2983 700 3047 taudem
714 2983 877 3061 aliquando
890 2983 965 3047 iore.

470 3089 561 3167 ttqst
575 3087 623 3149 ier
641 3086 792 3165 eiusaoodi
808 3093 839 3149 et
858 3088 965 3167 inique
985 3103 1038 3167 per
1054 3104 1087 3151 re
1107 3089 1232 3151 omnino
1250 3094 1306 3165 est,
1320 3090 1402 3151 etad
1417 3090 1507 3153 mem

431 3204 525 3268 quem
541 3187 680 3263 intendit,
696 3187 787 3267 pians
803 3188 932 3250 inutilis.
954 3190 1030 3250 Nam
1047 3192 1079 3249 1⁰
1092 3190 1327 3269 injustissimum
1347 3199 1395 3253 est
1415 3192 1508 3271 legiti-

433 3304 499 3352 mos
513 3303 696 3367 possessores
712 3287 842 3368 propriis
854 3302 961 3349 eorum
975 3288 1063 3349 bonis
1076 3290 1216 3369 spoliare.
1231 3292 1268 3353 2⁰
1283 3292 1372 3370 Legis
1385 3296 1506 3371 agrariae

432 3388 589 3469 appiieetio
601 3388 751 3465 generatis
761 3388 932 3467 postuletur
949 3388 989 3449 ab
1006 3390 1043 3449 iis
1060 3390 1104 3451 rei
1122 3390 1250 3469 pubiiors
1260 3394 1462 3455 vastetoribus
1478 3400 1509 3454 ut

433 3491 623 3551 fortunarum
637 3486 793 3565 aquatius
806 3488 884 3548 inter
897 3488 983 3551 eires·
993 3494 1118 3551 oonstst.
1132 3491 1201 3551 tana
1214 3491 1370 3569 equalitas
1388 3494 1447 3555 ieta
1460 3508 1509 3555 ne-

434 3590 501 3669 quit
518 3589 692 3662 consistere,
706 3585 766 3649 nisi
783 3584 982 3649 individualis
993 3590 1083 3649 etiam
1098 3589 1177 3651 adsit
1192 3589 1271 3670 apud
1284 3600 1392 3654 ornnes
1412 3608 1507 3672 squa-

434 3689 505 3751 litus
518 3688 643 3767 ingenii,
657 3688 783 3763 virium,
799 3688 937 3759 solertiae,
952 3685 1125 3765 industrie,
1138 3690 1328 3769 aliarumque
1348 3690 1445 3773 hujus
1461 3709 1507 3770 go

434 3790 516 3851 ueris
533 3788 750 3850 conditionum.
775 3790 828 3849 Est
849 3792 952 3849 sutem
972 3788 1097 3851 evidens
1119 3790 1288 3851 mutinam
1303 3791 1385 3871 apud
1407 3810 1508 3855 omnes

435 3887 574 3951 homines
599 3904 665 3951 esse
693 3889 869 3951 naturaiiter
897 3904 1003 3951 eorum
1032 3890 1237 3953 subsidiorum
1263 3890 1507 3971 inaequalitatem.
1590 3906 1591 3962 t

438 3992 528 4067 Ergo,
542 3993 598 4051 ete.

838 4172 1050 4242 terruistis
1068 4178 1107 4239 ΙΙ.
1125 4238 1126 4241 ,

490 4358 734 4442 Depolitr‘curum
746 4354 921 4421 diuitiarum
935 4356 1086 4421 mobilium
1099 4368 1206 4423 notura
1220 4368 1248 4424 et
1262 4362 1462 4429 incrementis.
1510 4365 1512 4368 ’
1590 4314 1591 4319 ¹

479 4584 796 4660 restaurassent.
811 4614 846 4627 -
856 4584 1026 4667 domnam
1036 4583 1169 4661 officium
1181 4604 1242 4665 qno
1258 4589 1380 4669 politius
1389 4588 1510 4653 auetori-

438 4684 484 4747 tas
498 4688 619 4746 tenetur
636 4681 760 4745 sociates
772 4680 894 4745 divitias
909 4698 1086 4749 conservare
1103 4694 1134 4749 et
1152 4687 1273 4768 augere,
1289 4694 1468 4767 suessanus,
1483 4694 1509 4750 et
