3559 5675
463 736 522 799 530
872 758 951 805 euers
972 760 1135 807 seruatus

464 860 718 923 absurdissimum
737 870 768 924 et
786 864 1016 929 insanissimum
1034 870 1073 929 sit
1088 869 1220 931 liberum
1243 872 1382 948 ejusmodi
1398 888 1495 934 muru

465 960 661 1037 individuale,
675 968 710 1024 ut
726 964 932 1043 probavimus,
946 984 1001 1030 nec
1016 970 1037 1029 ii
1054 972 1169 1049 possint
1186 978 1298 1033 tantun
1318 975 1357 1034 rei
1374 973 1496 1033 stultitiam

463 1080 587 1141 prorsus
605 1064 756 1141 ignorare,
778 1066 853 1129 illuc
876 1075 979 1129 tamen
1003 1070 1112 1133 ideirco
1134 1072 1273 1134 devenire
1295 1076 1499 1151 coguntur,quia

460 1164 597 1227 mutium
620 1165 741 1227 nullam
774 1170 991 1248 protestanticas
1021 1172 1194 1235 rebellionis
1224 1174 1410 1254 propagante
1436 1192 1499 1251 spen

461 1264 577 1343 edesse,
603 1266 751 1343 quamdiu
774 1267 878 1329 divine
903 1270 989 1346 tides,
1012 1288 1073 1350 qua
1095 1275 1262 1335 necessario
1285 1274 1321 1335 ad
1347 1272 1501 1334 inlellibilcn

464 1364 602 1427 &etesiae
614 1369 821 1430 auctoritatem
834 1371 1057 1447 agnoscendam
1066 1372 1273 1452 perducimur.
1287 1375 1369 1435 lirme
1381 1375 1409 1434 in
1421 1374 1502 1434 nostra

462 1466 632 1545 pectoribus
653 1476 830 1549 perseveret.
852 1473 936 1533 lianc
957 1474 1050 1549 igitur
1070 1473 1162 1535 tidem
1184 1475 1348 1550 coelmtem,
1360 1476 1503 1536 suavissime

461 1568 591 1647 Spiritus
604 1568 702 1632 Sancti
714 1573 886 1651 operatione
905 1574 1016 1635 animis
1038 1576 1150 1635 nostris
1173 1576 1308 1654 insitam,
1324 1577 1504 1656 primumcu-

461 1670 549 1729 nium
572 1670 803 1749 aggrediuntur,
827 1671 907 1734 hanc
924 1676 1057 1753 primum
1073 1676 1270 1755 impugnant,
1296 1676 1374 1737 bane
1391 1673 1505 1735 diabolice

459 1770 566 1832 iraude
585 1774 720 1851 primum
733 1780 882 1835 conantur
903 1782 1044 1847 evertere,
1064 1782 1098 1837 ut
1119 1794 1174 1838 nos
1196 1795 1214 1838 a
1237 1779 1290 1839 hei
1305 1794 1357 1857 per
1375 1776 1504 1838 misiam

461 1870 613 1947 loquentia
634 1873 831 1936 sanctissimis
851 1875 984 1937 oraculis
1011 1875 1049 1937 ad
1076 1876 1184 1955 privati
1209 1877 1304 1938 nostri
1324 1875 1424 1954 iudicii
1443 1890 1505 1935 eon·

412 1983 419 1995 ·
461 1978 575 2051 manu,
590 1974 730 2052 ineptias,
744 1992 843 2053 nugas
857 1976 1028 2038 traducant.

501 2074 589 2135 liunc
601 2075 744 2136 eumdem
757 2076 851 2139 luisse
861 2083 998 2139 aetenum
1013 2078 1222 2140 hereticorum
1236 2095 1365 2153 morem,
1378 2083 1410 2138 ut
1422 2076 1507 2139 scilice

460 2172 565 2235 hdslcs
581 2190 718 2253 quosque
731 2175 767 2236 ad
782 2192 883 2238 veram
897 2176 988 2238 tidem
1001 2180 1033 2239 in
1049 2180 1207 2259 Scripurris
1221 2180 1333 2240 iterum
1347 2174 1508 2256 querendm
1573 2163 1578 2241 'r

461 2272 654 2335 hortarentur
676 2276 715 2335 iis
745 2276 856 2337 Christi
879 2278 999 2340 domim
1022 2279 1139 2357 Verbis,
1164 2276 1295 2353 (laoerite
1320 2286 1349 2340 et
1372 2275 1509 2349 inussisti,

460 2382 632 2438 constater
652 2377 837 2439 Tertulliano
846 2380 912 2455 jem
931 2382 1041 2458 sepius
1064 2380 1164 2455 citato,
1186 2380 1239 2457 qui
1260 2378 1423 2441 nonnullos
1442 2378 1510 2438 etan

460 2475 624 2539 catholicos
640 2478 677 2540 iis
689 2478 788 2538 verbis
801 2495 957 2557 perperam
978 2477 1135 2541 intellectis
1155 2480 1250 2559 decipi
1264 2480 1448 2541 consuevisse
1460 2492 1509 2537 me·

461 2584 560 2639 moret
571 2578 614 2659 (a)
633 2598 642 2641 r
659 2579 789 2655 silebis,
802 2580 858 2655 eit,
873 2580 1044 2641 curiositate
1064 2596 1140 2659 opus
1160 2595 1223 2641 non
1246 2588 1293 2641 est
1308 2588 1374 2661 post
1386 2579 1511 2641 Christum

460 2680 578 2753 Jeeurn,
601 2694 657 2740 nee
679 2678 875 2757 inquisitione
902 2687 968 2758 post
994 2680 1220 2758 Evangelinm:
1245 2698 1343 2759 quum
1370 2679 1513 2750 credimus,

462 2778 539 2840 nihil
553 2778 761 2841 desideramus
775 2780 856 2841 ultra
878 2780 1011 2843 credere.
1026 2782 1087 2842 lloc
1101 2782 1184 2842 enim
1199 2782 1285 2862 prius
1300 2780 1513 2858 credimusne

461 2897 526 2942 esec
536 2879 618 2958 quod
636 2881 717 2942 ultre
734 2881 854 2944 credere
867 2881 1043 2943 debeamus.
1058 2883 1152 2944 Venio
1168 2882 1260 2960 igitur
1274 2881 1314 2942 ad
1329 2881 1417 2942 illum
1429 2877 1514 2940 uticu-

462 2981 546 3054 lum,
567 2997 660 3060 quem
676 2985 706 3042 ct
722 2983 816 3043 nostri
829 2980 1020 3062 pretendunt
1033 2981 1069 3042 ad
1090 2981 1255 3043 ineundam
1275 2983 1481 3054 curiositatem,
1496 2981 1515 3034 et

461 3082 591 3144 heretici
611 3083 764 3145 inculcant
787 3083 826 3144 ad
847 3082 1067 3164 importandam
1091 3082 1368 3163 scrupulositatem.
1390 3081 1515 3159 Scriptum

461 3191 517 3265 est,
533 3186 698 3263 inquiunt:
715 3183 844 3258 Ouerite
864 3189 895 3246 et
914 3183 1108 3246 inuenietis.»
1125 3183 1330 3258 Querendum
1351 3183 1516 3260 utiqnessnt

462 3291 519 3362 eet,
541 3285 677 3364 quandiu
695 3300 758 3346 non
771 3286 955 3346 invenimus.
972 3285 1030 3348 Sed
1051 3284 1174 3362 quaudo
1191 3291 1272 3345 recta
1292 3291 1323 3344 et
1342 3289 1443 3345 sancte
1462 3277 1516 3338 rte

462 3388 629 3449 certissime
641 3402 660 3446 e
673 3385 760 3447 nobis
772 3391 924 3464 comperte
943 3391 1003 3457 est,
1020 3383 1158 3445 eamdem
1171 3383 1250 3445 velle
1265 3385 1298 3443 in
1321 3381 1516 3444 dubitationem
1581 3365 1583 3384 ¹

461 3495 493 3551 at
512 3489 709 3565 questionem
724 3503 883 3562 revocare,
906 3485 1029 3565 perinde
1051 3491 1098 3546 est
1111 3501 1146 3545 ac
1167 3485 1277 3545 Christi
1297 3484 1419 3546 Domim
1441 3480 1516 3558 ipsius

461 3587 564 3662 verba,
584 3589 697 3666 licique
718 3589 928 3658 veracitatem,
943 3591 1010 3665 jam
1029 3586 1116 3647 nohis
1134 3582 1206 3645 satis
1218 3599 1374 3663 superque
1387 3583 1516 3663 paludatis,
1582 3611 1583 3624 ¹

462 3689 495 3748 in
508 3687 637 3750 dubium
646 3695 771 3763 vertere,
784 3687 984 3748 acmanilcstc
994 3703 1059 3747 sese
1070 3685 1232 3763 impietatis
1243 3685 1356 3747 scelere
1367 3685 1515 3762 inquinare.

463 3791 593 3862 litemm,
605 3796 640 3851 ut
650 3790 792 3868 praciam
805 3787 886 3850 idem
898 3786 1104 3848 Tertullianus
1116 3792 1204 3863 urget
1214 3783 1288 3864 (h),r
1300 3787 1340 3862 si,
1354 3785 1434 3864 quod
1445 3781 1517 3843 debui

462 3891 593 3964 eredere,
614 3890 742 3967 credidi,
758 3896 789 3950 et
805 3888 888 3950 aliud
910 3887 1010 3950 denuo
1027 3893 1100 3967 puto
1119 3885 1355 3964 requirendum,
1374 3901 1456 3966 spero
1473 3885 1517 3945 uti·

462 4009 522 4072 que
533 3999 564 4054 et
576 3991 656 4053 aliud
670 4008 735 4052 esee
746 3990 963 4052 inveniendum
971 4003 981 4066 ;
995 3986 1081 4048 nullo
1092 3986 1181 4048 modo
1192 3993 1369 4067 speraturus
1380 3987 1516 4062 illudunt

462 4098 515 4154 aut
533 4110 594 4154 non
612 4092 797 4155 credideram
812 4092 866 4169 qui
877 4089 1001 4151 videbar
1014 4087 1187 4159 credidisse,
1203 4097 1257 4148 aut
1275 4086 1353 4149 desii
1367 4087 1515 4150 credidisse.

462 4193 505 4253 lta
516 4193 605 4254 tidem
619 4210 720 4254 meam
734 4191 887 4268 deserens,
902 4195 1025 4267 negator
1038 4188 1213 4248 inveniens

502 4295 607 4371 ltaque
619 4309 812 4356 communem
832 4291 910 4352 hanc
923 4290 1130 4350 hereticorum
1145 4287 1239 4348 artein
1262 4287 1516 4366 protestantismus,

463 4397 625 4472 quemjam
632 4394 764 4456 vidimus
772 4393 917 4455 hereticae
927 4391 1078 4470 pravitatis
1087 4405 1152 4450 esse
1160 4388 1366 4467 plenissimam
1376 4387 1516 4467 quamdiu

462 4513 614 4558 summam
627 4503 657 4558 et
669 4497 800 4558 omnium
813 4495 956 4558 demeum
970 4494 1097 4555 mentitu
1113 4490 1284 4562 hereticum
1297 4494 1399 4568 (1310,
1415 4495 1472 4552 not.
1485 4486 1516 4558 l),

462 4599 608 4677 singulari
625 4599 735 4676 studio,
748 4597 895 4676 singulari
909 4596 1034 4658 audacia
1048 4609 1167 4674 semper
1180 4593 1328 4670 adhibuit,
1340 4610 1375 4656 ae
1388 4611 1438 4673 per
1451 4604 1516 4652 sun·

491 4805 528 4867 (e)
540 4807 575 4856 lte
583 4805 729 4870 Μινῴα,
739 4803 799 4854 ode.
815 4801 902 4854 leret.
915 4815 969 4865 esp.
981 4801 1004 4850 t.
1020 4827 1047 4838 -
1064 4796 1102 4862 (h)
1113 4797 1179 4848 ibid.
1196 4809 1251 4859 rep.
1264 4799 1302 4846 tt.
