3559 5675
413 726 474 790 nte
823 743 902 788 mm·
923 735 1081 788 erremus

417 850 477 912 bue
493 851 632 929 proprius
651 850 804 910 ordinator
823 859 853 910 et
871 849 997 928 propria
1011 847 1092 924 teges
1109 851 1198 920 sunt3
1215 841 1347 906 naturali
1362 843 1500 912 saeelum

419 950 598 1012 individuali
615 951 854 1019 humanarum,
874 949 1037 1016 domestico
1053 946 1270 1024 paterlamities
1281 952 1431 1022 preeunt.
1445 943 1503 1007 lte·

417 1067 478 1126 que
489 1051 678 1113 [unctionum
691 1049 806 1113 ordinis
817 1048 962 1108 naturalis
980 1046 1082 1111 nutus
1100 1045 1179 1107 alius
1195 1043 1349 1106 ordinator
1367 1047 1418 1107 eet
1430 1057 1503 1120 pr&

420 1158 466 1210 ter
483 1153 660 1228 supremum
676 1151 765 1213 totins
777 1155 891 1213 reatuin
905 1148 1117 1210 ordinatorem.
1130 1145 1318 1206 uomentem
1330 1141 1411 1202 erdo
1426 1138 1505 1208 nolti

421 1250 473 1309 alii
497 1249 657 1312 ordinatori
671 1251 819 1311 obnoxius
840 1257 885 1310 est
905 1265 999 1325 quam
1023 1254 1107 1308 reeta
1129 1243 1297 1306 auctoritati
1319 1241 1506 1312 dommum.

424 1351 614 1412 Necessitates
635 1349 765 1426 deniqne
786 1349 989 1408 individentes
1008 1346 1071 1407 sola
1092 1346 1168 1406 ratio
1180 1347 1330 1420 citiusque
1352 1339 1508 1409 individui

423 1449 623 1512 determinare
642 1457 749 1528 potest,
766 1450 845 1510 sieut
867 1451 1078 1513 necemitntum
1102 1453 1132 1506 et
1154 1445 1346 1507 iunctionum
1372 1442 1510 1520 pulma-

425 1566 496 1611 rum
514 1549 598 1609 selus
622 1563 786 1628 supremus
805 1549 957 1610 ordinater
988 1547 1127 1627 politicus
1152 1553 1197 1608 eet
1220 1544 1377 1621 legitimus
1402 1540 1509 1618 judei.

424 1649 503 1724 Ergo
514 1655 577 1711 tam
594 1649 762 1715 altsvudunt
781 1658 827 1709 est
844 1648 963 1728 politico
976 1647 1138 1708 ontinetori
1163 1645 1434 1709 matrimoniorum
1458 1659 1511 1718 gu·

424 1749 631 1824 irritationem
655 1748 849 1826 adjudicare,
869 1765 964 1824 qnam
987 1747 1152 1818 absurdum
1173 1753 1251 1808 esset
1270 1745 1372 1808 eidem
1397 1759 1514 1807 munus

426 1849 613 1910 committere
633 1848 847 1912 secunditatem
867 1865 1006 1925 gregem,
1030 1847 1245 1925 parcimoniam
1266 1845 1346 1922 epod
1372 1843 1513 1920 singtilis

427 1947 572 2020 latudine,
592 1948 737 2018 alimenta
754 1963 810 2026 pre
829 1947 959 2023 singulis
980 1947 1144 2016 individuis
1164 1942 1401 2012 determinandi-

412 2049 415 2052 ’
473 2049 510 2108 ΙΙ.
533 2047 614 2111 Ordo
627 2047 767 2125 politicus
786 2047 823 2108 ad
842 2048 1013 2110 telicitatem
1039 2046 1266 2118 individuorum
1294 2039 1515 2123 pencumndntn

433 2145 542 2208 ultimo
555 2153 601 2206 est
614 2145 780 2208 destinatus
795 2167 802 2202 :
816 2163 887 2209 nam
897 2147 970 2209 ordo
983 2146 1122 2224 pditicus
1136 2145 1173 2206 ad
1188 2145 1319 2214 eiticnttt
1328 2141 1514 2210 solentino

431 2251 492 2321 tur,
513 2245 684 2319 cujustinie
694 2252 740 2318 eet
753 2246 978 2316 individuorum
994 2246 1119 2314 inlicitae
1129 2245 1224 2321 (⁸⁴⁰)·.
1238 2243 1328 2320 etqui
1343 2241 1515 2310 individue-

431 2361 501 2406 rum
515 2343 648 2406 telicitati
669 2355 763 2421 quem
784 2347 918 2409 maxime
937 2353 1119 2422 repugnaret
1140 2339 1291 2421 ejusmodi
1309 2345 1363 2418 jue
1387 2342 1515 2421 politice

433 2447 569 2524 potestati
580 2462 769 2520 concessum,
781 2445 974 2516 metrimenin
987 2447 1144 2523 inungendi
1158 2445 1337 2520 singiliatim
1357 2451 1388 2508 et
1407 2445 1516 2508 duecte

434 2544 664 2609 determinandi.
680 2548 808 2621 Etenim,
821 2548 847 2606 si
857 2565 875 2607 a
887 2548 1003 2624 politice
1015 2553 1156 2625 potestate
1170 2547 1281 2624 cuique
1290 2544 1455 2608 individuo
1466 2543 1519 2606 de·
1590 2627 1591 2632 ἵ

436 2643 710 2719 terminandnevset
721 2663 796 2709 uror
805 2647 950 2716 ducenda,
958 2649 1123 2726 saepissime
1135 2645 1222 2708 iteret
1233 2651 1268 2706 nt
1278 2646 1325 2706 vir
1334 2644 1520 2720 obligaretur

438 2741 475 2802 ed
499 2749 678 2820 perpetuum
703 2747 887 2806 consortium
906 2763 977 2810 cnm
998 2762 1125 2823 personne
1144 2743 1201 2806 sibi
1221 2745 1350 2807 minime
1363 2750 1450 2819 grate
1471 2751 1521 2804 eut

439 2842 531 2901 ettam
545 2842 653 2917 invisa,
669 2850 700 2903 et
711 2862 730 2903 e
743 2861 870 2921 persona
882 2860 974 2921 qvtam
987 2846 1074 2905 unice
1094 2842 1232 2919 diligeret
1247 2849 1394 2922 perpetuo
1408 2858 1523 2905 arcere

441 2950 491 2999 tur
501 2957 512 3018 ;
528 2940 660 3021 idipsum
673 2943 710 3003 de
728 2960 822 3005 uxore
840 2952 977 3023 respectu
997 2944 1053 3003 viri
1076 2942 1239 3005 dicendum
1257 2949 1314 3009 est.
1331 2944 1394 3005 tlon
1417 2950 1521 3007 eutettt
1590 2936 1591 2943 '

438 3046 623 3126 quantopere
634 3058 652 3101 a
663 3046 771 3102 natura
782 3043 952 3103 suavissimi
965 3049 994 3101 et
1003 3042 1184 3111 nobilissimi
1198 3040 1341 3109 consortii
1350 3040 1522 3117 coniugatis

441 3137 609 3207 abhorreat.
623 3142 818 3219 perspicuum
828 3149 883 3203 est.
899 3144 988 3219 Ergo,
998 3148 1054 3203 etc.

485 3237 573 3297 todo.
596 3238 728 3301 cortem.
745 3236 775 3297 t.
789 3272 825 3283 -
840 3239 927 3317 Quod
953 3240 1069 3303 societis
1087 3238 1195 3303 ordea
1219 3240 1423 3306 matrimoniis
1444 3248 1522 3301 recu
1590 3248 1591 3261 ¹

440 3335 607 3411 jungendis
633 3335 800 3415 plurimum
814 3339 951 3419 pendeat,
967 3355 1027 3399 non
1039 3338 1130 3401 efficit
1146 3342 1298 3405 uteorum
1317 3341 1523 3416 conjunctior

446 3433 564 3509 politico
574 3432 743 3495 ordinatore
754 3435 863 3497 directe
873 3442 904 3495 et
915 3436 1092 3514 singillatim
1103 3436 1194 3513 dirigi
1202 3437 1321 3501 dehent.
1338 3438 1460 3513 Etenim
1472 3438 1522 3509 hp·

448 3547 523 3607 nem
536 3532 682 3593 societatis
705 3535 882 3596 uniuersaea
895 3534 973 3597 bono
993 3537 1142 3613 cujusque
1159 3534 1310 3607 individui
1323 3540 1354 3597 et
1374 3538 1524 3613 cujusque

445 3630 568 3707 lamitive
586 3636 617 3691 et
635 3638 749 3715 uaturae
766 3633 861 3713 ipsius,
873 3632 1014 3693 humanae
1027 3634 1152 3696 omnino
1166 3633 1285 3713 pendet.
1307 3636 1399 3711 nege,
1414 3636 1441 3703 si
1458 3634 1523 3699 tatis

448 3728 646 3809 dependentia
653 3734 707 3809 jus
721 3730 803 3794 illine
816 3732 997 3793 immediate
1009 3732 1340 3811 directionisgigneret,
1353 3735 1462 3807 omnin
1472 3750 1523 3813 pe-
1590 3736 1591 3829 t

446 3826 518 3901 riter
529 3844 596 3903 qun
610 3828 647 3891 ad
661 3828 827 3891 humanam
836 3837 989 3907 naturam,
1005 3846 1073 3907 qun
1085 3829 1120 3891 ad
1141 3832 1263 3909 singula
1276 3830 1448 3911 individua,
1460 3848 1524 3911 qun
1590 3874 1591 3887 η

438 3925 484 4004 ⁸ed
500 3927 636 4007 singutas
654 3930 784 3991 iamiliae
797 3930 957 4009 pertinent,
971 3930 1130 3991 auctoritas
1141 3930 1264 4013 politice
1282 3948 1335 4011 per
1348 3950 1383 3993 se
1396 3931 1465 4011 ipen
1475 3950 1524 4005 er-
1590 3956 1591 3975 t

447 4028 550 4091 dirrare
562 4034 675 4110 optimo
684 4035 755 4111 jure
769 4040 911 4111 possetne
922 4030 1042 4094 deberet
1057 4050 1065 4095 r
1081 4048 1142 4109 qua
1160 4050 1192 4099 re
1206 4034 1286 4108 nihil
1304 4035 1473 4106 absurdius
1482 4044 1526 4101 et.

446 4150 507 4211 que
521 4133 669 4204 exitialius
683 4133 756 4209 tingi
768 4138 874 4213 potest.

487 4234 604 4294 dtvero
612 4231 729 4293 societte
737 4231 810 4292 ordo
818 4238 864 4293 est
873 4230 946 4293 erdo
958 4232 1182 4299 individuorum
1191 4236 1418 4311 etfamiliamtm
1430 4242 1466 4306 in
1478 4258 1527 4319 pte

448 4329 526 4392 llice
546 4331 683 4418 societate
704 4330 885 4405 viventium,
906 4338 1048 4411 quotenne
1071 4332 1103 4397 in
1119 4333 1242 4417 publice
1265 4335 1402 4402 societate
1427 4340 1526 4411 niune!

449 4430 547 4511 (tte).
561 4432 637 4505 Ergo
649 4427 763 4508 politici
775 4428 899 4512 quidem
912 4430 1090 4493 ordinatoris
1104 4438 1149 4495 cst
1164 4440 1193 4507 et
1206 4434 1374 4497 individuis
1392 4446 1423 4499 et
1447 4438 1524 4509 tanti·

449 4528 498 4587 tiie
508 4529 617 4605 jemin
630 4525 750 4610 pontica
761 4528 898 4590 societate
912 4528 1081 4604 viventibus
1093 4530 1174 4607 teges
1185 4532 1257 4598 dere
1271 4542 1306 4602 ut
1319 4535 1356 4595 ad
1370 4537 1523 4614 publicum

449 4627 562 4687 bouum
575 4640 681 4690 omnes
695 4626 878 4705 conspirent3
893 4635 924 4689 at
936 4626 1091 4693 individue
1111 4638 1141 4691 et
1157 4631 1286 4693 lamilias
1304 4650 1375 4709 qun
1392 4637 1522 4707 nondun

450 4724 626 4797 exstiterint,
640 4737 753 4796 meere,
763 4721 800 4785 ed
811 4722 962 4813 politicam
980 4728 1190 4817 anctoritatem
1202 4722 1330 4792 minimo
1343 4740 1468 4811 spectet.
1479 4736 1522 4804 tt
