3559 5675
470 703 530 771 00²
879 741 959 790 curu
978 745 1137 796 commun

511 829 543 890 8·
556 826 735 901 lienteum
746 847 791 904 eet
800 843 963 925 offirmare,
978 847 1121 916 rcl‘eticm
1132 857 1166 916 ut
1177 869 1260 918 mere
1272 851 1419 934 probabile
1430 869 1517 934 prope-

470 938 553 1003 ¹¹⁰r02
566 932 646 1005 quod
658 938 826 1016 Apostolica
832 942 1048 1017 Constitutione
1062 950 1215 1016 accucilio
1228 953 1408 1015 mcumenico
1423 969 1516 1032 apprc-

470 1019 538 1084 bate
551 1025 640 1092 tuerit
652 1036 717 1112 jam
729 1039 915 1111 damnatum.
937 1051 1027 1126 nuni
1040 1069 1155 1118 errores
1167 1051 1307 1129 gallicani
1321 1059 1392 1115 sunt
1399 1056 1457 1132 jam
1470 1055 1518 1132 pri·

471 1118 540 1181 dem
551 1124 583 1188 in
593 1131 772 1210 ngmatica
780 1141 937 1209 sanctione
947 1147 1121 1215 Bitrrrieensi
1132 1149 1265 1212 damnati
1276 1167 1330 1228 per
1340 1150 1519 1230 Apostolieau

471 1219 718 1296 Constitutioncm
733 1239 841 1303 leonis
858 1246 883 1308 Χ
904 1248 1096 1326 approbatam
1117 1266 1136 1310 a
1158 1249 1284 1310 concilio
1309 1251 1332 1308 l*
1353 1251 1520 1312 lateranensi

470 1329 654 1392 mcumeoico
670 1331 723 1411 (a).
738 1340 826 1418 Ergo,
841 1349 896 1406 eto.

511 1421 546 1479 9⁰
566 1425 700 1508 Denique
713 1435 773 1500 buc
783 1444 932 1520 pertinent
946 1461 1013 1526 quoe
1026 1447 1164 1524 superius
1178 1448 1281 1526 (1297,
1296 1447 1383 1527 prob.
1396 1447 1441 1522 ll')
1461 1453 1522 1508 attu-

470 1515 577 1598 limus
601 1532 758 1613 probantes
778 1543 949 1606 Romanum
972 1547 1144 1610 Pontificem
1155 1564 1253 1609 unum
1278 1565 1346 1608 esse
1368 1549 1399 1608 in
1416 1547 1524 1610 Ecclesia

470 1630 647 1704 magistrum
668 1635 736 1699 lidei
751 1657 932 1724 morumque
951 1646 1160 1718 infallibilem
1180 1664 1215 1710 ac
1233 1647 1385 1726 precipuo
1403 1643 1474 1706 illud
1490 1651 1524 1706 est

472 1732 733 1815 corrsiderandum,
749 1743 830 1822 quod
843 1745 954 1808 scilicet
972 1749 1126 1809 Romanus
1140 1747 1286 1818 Pontifex,
1307 1763 1405 1826 quum
1423 1748 1524 1824 Aposto·

473 1827 565 1892 licum
584 1834 622 1896 de
645 1837 714 1900 fidei
733 1847 898 1918 quastione
919 1844 1021 1925 aliqua
1042 1845 1193 1910 decretum
1216 1847 1288 1926 edit,
1312 1845 1407 1906 nullis
1423 1861 1523 1924 prorem

474 1934 617 2008 permittit
631 1937 782 2020 Episcopis
795 1951 829 2005 ut
838 1944 875 2006 dc
886 1944 1026 2010 dccnina
1040 1963 1076 2008 eo
1094 1947 1210 2010 decreto
1226 1948 1347 2011 sorite
1358 1947 1473 2008 romule
1482 1943 1523 2002 du·

472 2028 576 2108 bitont,
599 2033 743 2116 illamque
766 2043 822 2120 ipsi
844 2046 1027 2122 examinent,
1053 2047 1090 2108 de
1108 2047 1161 2110 illa
1182 2049 1239 2128 ipsi
1257 2048 1371 2108 iterum
1386 2044 1520 2130 judicent;

472 2127 523 2190 scd
538 2139 569 2192 et
580 2135 715 2200 Pontifex
737 2142 813 2204 solet
831 2143 941 2206 decreti
965 2147 1012 2208 sui
1035 2147 1200 2227 simplicem
1221 2149 1443 2210 exsecutionem
1464 2145 1520 2222 Epi·

471 2231 568 2307 scopis
581 2236 721 2298 omnibus
735 2244 906 2322 praecipere,
921 2251 951 2306 et
969 2247 1104 2326 Episcopi
1119 2248 1232 2326 singuli
1255 2255 1283 2308 ct
1307 2263 1414 2308 omnes
1433 2247 1461 2306 in
1480 2259 1521 2304 sua

469 2336 689 2398 consecratione
698 2344 874 2418 promittunt
883 2349 1068 2424 juramento,
1084 2365 1115 2412 se
1129 2347 1198 2408 totis
1212 2345 1324 2410 viribus
1335 2347 1521 2410 observaturos

468 2423 595 2508 decreto,
613 2434 824 2518 ordinationes,
841 2447 994 2510 sententies
1006 2449 1090 2510 Sedis
1103 2448 1277 2528 Apostolicm
1294 2454 1326 2510 et
1339 2446 1485 2508 effecturos
1497 2447 1523 2502 ut

468 2530 506 2590 ab
524 2532 592 2594 aliis
605 2536 810 2604 observentur.
830 2547 929 2621 Quam
944 2565 1008 2615 rem
1021 2549 1206 2626 grarissimis
1217 2549 1318 2610 verbis
1335 2549 1468 2610 Clemens
1483 2539 1521 2612 xl,

469 2630 499 2689 S.
517 2634 562 2708 ll,
574 2637 724 2717 Episcopis
737 2645 919 2718 quibusdam
939 2650 1125 2727 tonstrinum
1147 2651 1320 2710 enn01705
1335 2642 1522 2710 voluerintne

400 2725 406 2732 ’
467 2729 913 2821 Apostolieojudiciojrrdicore,
928 2750 971 2813 sic
983 2751 1014 2810 in
1026 2756 1159 2814 mentem
1171 2757 1288 2812 revocet
1303 2748 1366 2828 til:
1387 2771 1402 2804 r
1412 2745 1522 2808 moletto

466 2837 491 2899 si
504 2837 551 2900 rel
563 2841 659 2919 ipram
672 2846 845 2924 spostolicae
858 2858 966 2913 nesus
978 2854 1207 2917 constitutionis
1220 2853 1366 2928 formam,
1380 2850 1520 2929 etquidem

466 2952 528 2999 non
546 2957 565 3001 a
582 2941 672 3003 Nobis
692 2961 794 3007 recens
820 2947 993 3027 iuventam,
1016 2951 1069 3015 sed
1093 2970 1111 3016 a
1135 2952 1408 3019 predecessoribus
1431 2948 1521 3013 nostris

465 3034 556 3115 longa
566 3042 736 3104 seculorum
751 3046 827 3109 serie
840 3056 1028 3128 usurpatam,
1041 3051 1197 3115 observare
1211 3052 1388 3131 placuisset.
1404 3068 1462 3129 qua
1473 3064 1520 3111 om·

466 3135 557 3197 nibus
566 3137 800 3221 Archiepiscopis
813 3124 843 3205 et
852 3148 1005 3227 Episcopis
1019 3150 1247 3217 constitutionis
1262 3151 1403 3229 ejrrsdem
1417 3164 1520 3213 emaut-

465 3233 577 3296 tiouem
591 3243 621 3299 et
633 3239 853 3306 observantiam
865 3246 1027 3323 integram,
1042 3250 1217 3311 auctoritate
1239 3250 1420 3327 Apostolica,
1435 3246 1521 3327 prori-

462 3332 575 3408 pimus,
590 3341 805 3403 committimus
816 3350 846 3403 et
856 3344 1051 3416 mandamus,
1064 3346 1178 3411 edoceri
1191 3350 1240 3413 rel
1252 3366 1288 3411 cs
1300 3351 1375 3411 satis
1388 3346 1518 3429 poteratis.

463 3436 533 3511 Nos,
549 3438 580 3495 in
594 3437 650 3499 bac
661 3440 764 3503 mdsm
780 3459 881 3521 causa,
898 3461 959 3508 non
973 3454 1106 3510 restrum
1118 3449 1279 3513 consilium
1294 3466 1462 3529 exposcere,
1472 3461 1518 3505 nou

462 3550 565 3611 rogare
578 3537 733 3617 suffragia,
748 3560 809 3607 nou
822 3552 989 3623 exspectare
1001 3550 1193 3621 sententiam,
1209 3550 1262 3611 sed
1273 3550 1473 3613 obedientiam
1485 3547 1519 3605 in-

455 3634 604 3711 jungere;
619 3639 818 3705 obedientiam
831 3646 944 3707 scilicet
956 3646 1056 3721 illem,
1072 3666 1165 3727 quam
1187 3652 1276 3711 Beato
1291 3652 1391 3725 Petro,
1409 3652 1518 3727 tipesw-

458 3730 558 3794 lorum
572 3736 714 3817 Principi,
727 3750 897 3819 unctaque
918 3746 1060 3807 Romane
1073 3746 1211 3810 Ecclesiae
1219 3792 1230 3823 ,
1243 3764 1277 3809 ac
1301 3750 1394 3811 Nobis
1413 3746 1516 3809 nostris

458 3848 518 3909 que
540 3836 715 3913 Apostolicis
735 3841 860 3913 decretis
880 3850 970 3921 atque
993 3846 1154 3923 mandatis,
1178 3850 1210 3909 iu
1234 3849 1300 3929 ipso
1321 3852 1515 3911 sacraverim

458 3931 696 4009 inaugurationis
713 3939 832 4015 limine,
847 3942 974 4003 solemni
984 3948 1159 4023 juramento
1171 3946 1295 4025 polliciti
1311 3950 1384 4009 estis
1396 3968 1424 4006 r.
1440 3949 1513 4023 Ergo.

457 4031 483 4091 si
502 4032 693 4099 declarationi
709 4040 862 4117 gallicum
874 4044 1039 4122 credimus,
1060 4054 1162 4111 errant
1176 4050 1210 4109 in
1233 4047 1304 4109 fidei
1318 4048 1449 4110 doctrina
1461 4049 1512 4125 jam

458 4132 563 4195 multis
581 4138 691 4199 seculis
705 4156 809 4203 omnes
825 4143 953 4207 Romani
968 4146 1135 4223 Pontifices,
1149 4153 1251 4211 errent
1262 4165 1370 4211 omnes
1382 4141 1512 4227 Episcopi

455 4236 533 4290 errat
546 4234 677 4299 Ecclesia
695 4240 833 4301 universa
849 4256 857 4301 τ
874 4260 946 4303 nam
960 4244 1120 4309 declaratio
1136 4246 1191 4309 illa
1206 4254 1296 4325 negat
1313 4246 1429 4309 decreta
1445 4240 1512 4303 sedis

455 4325 628 4403 Apostolicae
648 4350 713 4395 esse
727 4352 781 4418 per
794 4355 825 4398 se
841 4339 915 4412 sola,
934 4348 1003 4405 ante
1021 4360 1202 4409 consensum
1220 4348 1443 4425 Episcoporum,
1456 4342 1522 4437 irre·⁴

454 4423 632 4491 formabilia.
648 4436 739 4515 Atqui
759 4436 935 4512 haereticum
948 4447 993 4503 est
1006 4442 1096 4504 talem
1116 4460 1248 4507 errorem
1264 4447 1297 4507 in
1311 4444 1440 4509 Ecclesia
1452 4454 1509 4501 sus·

455 4638 523 4710 [ml
533 4642 572 4693 Gi.
590 4648 881 4705 murmillonicum.
895 4668 956 4717 xxti,
968 4671 992 4721 p.
1004 4662 1050 4709 tot
1060 4664 1085 4711 et
1098 4673 1167 4725 seqq.
1247 4666 1249 4669 '

490 4710 524 4773 (b)
533 4714 614 4766 Error
625 4717 704 4769 clem.
716 4718 747 4773 xl
759 4723 790 4771 ad
803 4720 884 4788 tplse.
895 4726 1023 4779 (inmittor.
1034 4733 1097 4782 enni
1108 4736 1178 4783 lios.
1277 4756 1282 4764 ·
