3559 5675
477 737 538 804 oto
887 759 967 804 suun
988 757 1143 804 seruiturus

478 871 598 943 petuus.
612 865 809 927 immutabilis
822 889 831 943 3
842 863 1002 946 Episcopi,
1012 864 1205 942 singularum
1214 861 1384 925 diteceaium
1396 863 1518 941 guberne·

481 968 560 1024 tores
568 966 639 1040 jure
651 964 754 1027 divino
767 966 937 1042 coustituti;
954 961 1136 1045 Presbyteri,
1148 962 1276 1040 siugulis
1289 963 1420 1042 paradis
1431 961 1520 1022 interra

478 1069 620 1143 potestate
631 1067 801 1126 exsecutira
810 1063 1017 1142 gubernandis
1030 1061 1189 1143 prepositi.
1203 1061 1353 1124 Paroeeias
1364 1063 1438 1124 enim
1452 1062 1522 1123 chris

475 1164 547 1224 tiaui
560 1163 748 1244 appellamus
760 1164 952 1244 particularia
965 1164 1125 1238 consortia,
1139 1161 1294 1240 inquibus
1309 1161 1432 1239 siugulis
1440 1162 1522 1222 minis

478 1271 524 1324 ter
546 1281 628 1327 uuus
651 1263 798 1326 rntenmm
819 1270 994 1345 potestatem
1010 1269 1126 1324 exercet
1139 1261 1175 1322 td
1189 1262 1399 1339 quotidianum
1417 1260 1523 1323 lidelim

479 1365 615 1443 regimen
627 1366 795 1447 spirituale.

516 1469 647 1530 (ierom
663 1471 693 1528 2.
708 1469 824 1529 -lam
845 1468 933 1530 facile
959 1467 1089 1546 quisque
1100 1465 1182 1528 ridet
1194 1481 1336 1543 quaeuam
1351 1465 1525 1546 personasse

477 1569 565 1645 quasi
578 1584 692 1645 organa
708 1569 771 1629 sire
786 1569 986 1629 instrumenta
1000 1566 1190 1628 iunctionum
1205 1565 1327 1626 illarum
1338 1572 1459 1645 quatuor
1471 1583 1525 1642 ques

479 1674 606 1749 potestas
614 1671 784 1731 exsecutira
794 1666 924 1748 interne,
937 1673 1185 1746 nonsccusatque
1197 1674 1330 1746 externa,
1342 1666 1525 1746 complectitur.

478 1767 606 1840 Scilicet,
620 1778 651 1832 t⁰
660 1782 756 1846 quum
771 1777 887 1830 mentes
898 1785 931 1830 ac
947 1769 1114 1830 voluntates
1125 1767 1179 1828 ille
1190 1768 1360 1845 gubernare
1372 1767 1480 1842 debeat,
1491 1783 1528 1844 per

479 1865 1011 1949 uariosidprarsmoeritatisetoffieii
1016 1885 1178 1947 praecones,
1187 1866 1403 1929 ordenatores
1411 1865 1527 1938 videlieet,
1575 1935 1576 1942 ἵ

447 1959 451 1967 ’
478 1969 681 2050 confesarius,
696 1971 868 2031 animarum
883 1966 1054 2029 directores.
1073 2001 1106 2012 -
1120 1968 1153 2028 d·
1165 1969 1346 2030 Diuitiarum
1359 1965 1528 2046 spiritualium

479 2065 700 2129 administratio
714 2069 828 2146 geritur
850 2085 866 2129 a
897 2069 1044 2130 ministris
1067 2077 1334 2140 sacramentorum,
1357 2084 1423 2145 quar
1439 2065 1531 2126 illerum

478 2173 551 2228 suut
563 2168 661 2230 fontes
670 2168 824 2248 praecipui.
840 2201 879 2214 —
896 2170 928 2230 3⁰
939 2167 1072 2230 Potestas
1078 2166 1247 2249 judiciaria
1261 2169 1380 2228 interna
1393 2167 1428 2227 alr
1451 2164 1529 2224 iisdem

478 2267 529 2328 his
542 2268 688 2329 ministris
696 2275 849 2329 exercetur
863 2265 894 2327 in
907 2267 973 2348 scre
984 2267 1110 2329 interno.
1124 2301 1162 2312 -
1182 2268 1215 2328 l·
1230 2269 1263 2328 lu
1288 2267 1348 2328 hoc
1359 2267 1421 2328 loro
1442 2267 1529 2324 interno

481 2383 553 2428 reus
574 2369 637 2447 ipse
661 2367 719 2428 uim
739 2367 835 2446 judici
851 2369 982 2447 praebet3
1006 2371 1095 2446 qu'us
1116 2368 1296 2428 senteutiam
1320 2367 1346 2427 si
1371 2363 1527 2446 pertinaciter

481 2465 632 2542 detrectet,
651 2473 716 2527 tum
730 2483 801 2529 vero
815 2467 848 2528 in
859 2483 969 2528 manus
985 2467 1087 2528 incidit
1103 2467 1153 2529 Dei
1174 2469 1402 2545 omnipotentis.

530 2567 618 2628 1333.
633 2567 701 2628 Pos.
716 2568 800 2629 059¹.
817 2600 855 2612 -
869 2567 1103 2628 Ecclesiasticam
1129 2571 1306 2645 potestatem
1335 2565 1531 2644 gubernantem
1575 2599 1576 2618 .

487 2674 638 2730 externum
654 2670 809 2730 Romanus
822 2669 958 2731 Pontifex
973 2676 1003 2730 et
1016 2669 1153 2749 Episcopi
1162 2669 1219 2730 ecli
1235 2669 1349 2730 habent
1359 2672 1427 2747 jure
1438 2667 1531 2736 diriuc;
1575 2669 1576 2698 l

486 2768 539 2830 ille
548 2768 669 2850 plenam
678 2775 709 2830 at
723 2768 903 2842 absolutam,
920 2769 950 2830 hi
961 2768 1119 2851 partialem
1132 2776 1162 2830 et
1173 2767 1407 2830 subordinatum.

526 2869 647 2948 Triplici
661 2876 747 2948 parte
756 2870 821 2932 lraec
843 2872 953 2950 positio
966 2876 1081 2932 constat
1096 2890 1103 2929 ε
1136 2880 1164 2929 t·
1184 2872 1343 2932 Romanus
1356 2868 1482 2932 Poulilex
1491 2865 1533 2944 ple

486 2988 558 3033 uam
585 2970 675 3031 hebet
700 2970 929 3049 absolutamque
950 2970 1181 3033 ecclesiasticam
1195 2976 1373 3050 potestatem
1397 2966 1534 3048 gubernati·

484 3089 555 3135 vam
564 3075 635 3151 jure
646 3070 748 3132 divino
763 3074 816 3149 32·
832 3072 968 3152 Episcopi
980 3071 1117 3133 eamdem
1133 3072 1244 3133 habeut
1256 3072 1364 3133 ecdem
1371 3074 1439 3149 jure
1448 3064 1532 3149 partri-

488 3168 842 3245 remotissimarum
857 3172 888 3234 3⁰
901 3168 985 3233 Nulli
1000 3172 1052 3232 alii
1075 3172 1206 3233 ministri
1223 3171 1339 3233 habeut
1351 3190 1386 3233 cx
1400 3168 1485 3233 officio
1496 3181 1532 3226 suo

365 3330 369 3335 .
489 3277 666 3350 potestatem
677 3273 920 3333 externamlam
930 3288 1001 3334 vero
1011 3274 1108 3352 prima
1119 3288 1186 3351 pars
1198 3275 1395 3349 consequitur
1405 3266 1534 3332 necessario

488 3368 1531 3451 eriisquesuprajemdemouarsuicottomautPontificisiutestastur

486 3472 660 3531 universam
669 3472 838 3551 principatu
853 3471 1002 3550 disputate
1011 3477 1093 3532 sunt.
1107 3472 1210 3532 Altera
1219 3488 1298 3551 pars,
1314 3468 1532 3549 quatenusuegtl
1575 3469 1576 3545 i

489 3574 639 3653 Episcopts
655 3574 800 3650 aqualem
815 3590 885 3635 cum
898 3572 1036 3634 Pontidce
1052 3576 1186 3634 Romano
1203 3578 1394 3652 potestatam,
1417 3567 1530 3648 exprimi
1575 3622 1576 3643 ,

489 3672 641 3734 evidenter
661 3674 807 3751 sequitur.
833 3671 976 3734 Eamdem
991 3688 1061 3733 vero
1085 3671 1250 3733 melundam
1264 3680 1391 3751 partem,
1413 3674 1530 3748 quatem

489 3772 620 3835 affirmat
641 3774 802 3854 Episcopus
822 3776 893 3850 jure
922 3772 1024 3833 divino
1039 3779 1232 3853 estpotestate
1258 3772 1382 3850 pollere,
1397 3775 1424 3830 et
1442 3766 1529 3827 tertium

486 3880 601 3953 partem
614 3872 755 3949 quaeliis
770 3872 843 3931 ullis
857 3871 1004 3931 ministris
1016 3888 1080 3931 enm
1094 3876 1269 3951 potestatem
1283 3874 1445 3948 competere
1457 3864 1528 3937 uegrl

485 3972 660 4033 certissimis
672 3970 858 4047 argumentis
873 3969 1004 4047 theologi
1020 3976 1048 4029 et
1061 3970 1225 4029 canonista
1237 3968 1436 4047 comprobant,
1455 3961 1485 4022 rh
1496 3958 1529 4016 ils·

484 4088 544 4148 que
559 4070 775 4144 necessitates,
791 4075 950 4145 nmquam
965 4069 1078 4129 lactum
1094 4066 1260 4145 quoddam,
1273 4066 1440 4145 accipimus.

529 4171 617 4232 1334.
628 4173 693 4230 Pcs.
705 4170 788 4229 660·.
802 4201 840 4213 -
853 4167 1057 4229 Ecclesiastico
1068 4168 1228 4227 auctoritas
1244 4165 1334 4227 habet
1343 4182 1377 4225 cx
1392 4155 1527 4222 inualida

487 4272 540 4332 net
552 4271 740 4333 ordinatione
750 4273 800 4349 jus
814 4270 963 4329 sententia
979 4268 1188 4328 irreiormslsiti
1203 4265 1358 4347 judicandi
1370 4270 1430 4324 turn
1440 4248 1525 4320 deidei

488 4388 667 4451 morumque
678 4370 832 4446 doctrinis,
856 4375 922 4431 tum
939 4372 1028 4431 etiam
1041 4367 1077 4429 de
1102 4368 1191 4430 rebus
1213 4366 1351 4429 civilibus
1365 4381 1397 4426 ac
1411 4368 1540 4437 emmor

490 4470 573 4531 libus
586 4488 655 4533 curn
670 4473 775 4534 ordine
787 4471 937 4552 spirituali
954 4472 1107 4533 connexis.

529 4572 664 4631 Pnou.--
676 4571 884 4633 Ecclesiasticus
898 4572 1081 4634 arrctoritatis
1093 4570 1227 4631 cilicium
1238 4574 1283 4629 est
1293 4554 1524 4628 clu-istisnaesode·

490 4670 541 4733 lali
562 4674 710 4753 applicare
731 4690 836 4734 ornnes
859 4674 971 4734 (Ilrristi
998 4674 1116 4733 Domini
1138 4670 1338 4731 ordinationes
1358 4666 1392 4727 ad
1414 4661 1521 4723 uttiuuu

490 4771 614 4833 humani
628 4773 746 4849 generis
763 4771 854 4832 durem
870 4774 1060 4851 pertinentes.
1078 4768 1168 4833 llehct
1180 4778 1281 4833 autem
1298 4768 1324 4831 iil
1340 4770 1460 4849 praestare
1473 4750 1522 4813 sul
