3559 5675
537 755 645 803 suune.
671 774 709 787 -
733 757 816 803 censu
838 756 969 805 oscines.
1238 744 1294 807 321

253 860 314 923 iliud
328 876 385 922 esse
398 865 497 941 aptum
511 860 645 923 medinm
652 887 662 942 3
673 864 746 943 quia
758 863 877 944 publica
887 864 1037 942 ejusmodi
1050 866 1224 945 ienorajam
1233 885 1302 931 nos·

254 964 297 1023 tris
307 963 476 1042 temporibus
487 964 544 1025 sub
563 964 656 1026 tutela
669 973 741 1028 eunt
755 968 903 1029 uniuersae
917 969 1064 1031 societatis
1077 986 1231 1049 europem,
1247 985 1306 1034 cu-

251 1064 295 1140 ius
309 1064 446 1126 uniuersa
458 1065 581 1126 interest
594 1073 629 1127 ut
637 1069 710 1145 jura
722 1066 830 1129 talium
843 1068 1028 1129 creditorum·
1040 1068 1121 1131 salva
1136 1075 1165 1129 et
1178 1070 1304 1149 integra,

254 1165 327 1227 etiem
340 1182 390 1245 per
398 1182 593 1246 domuumque
606 1167 742 1248 politicas
752 1168 1000 1250 perturbationes,
1013 1177 1216 1249 parmaneant.

285 1268 394 1329 Exeuc.
407 1270 440 1327 2·
454 1280 539 1329 ecus.
550 1298 590 1315 -
612 1266 740 1329 Plurimi
759 1275 832 1330 seint
850 1276 965 1331 mutus
986 1271 1120 1349 pecuniae
1141 1270 1314 1335 obtinendu-

255 1365 321 1425 modi
332 1366 482 1429 iraudibue
492 1367 584 1429 veniis
597 1367 730 1430 obnoxii.
746 1368 863 1431 credite
876 1386 946 1432 vero
958 1370 990 1431 in
1002 1369 1158 1449 publicum
1171 1372 1311 1433 crarium

254 1482 307 1544 que
317 1464 416 1538 suedos
423 1466 556 1547 publicos
569 1485 721 1545 vocemus,
735 1468 846 1531 multas
859 1470 934 1531 dnm
946 1470 1130 1547 venduntur,
1147 1472 1312 1535 inhonestis

254 1567 349 1628 eribus
367 1570 533 1630 occasiones
555 1569 686 1647 prebere
706 1575 841 1651 possunt.
864 1572 959 1647 igitur
983 1572 1109 1651 publicas
1131 1574 1312 1635 auctoritatis

256 1666 367 1730 officium
379 1675 422 1730 est
432 1675 498 1730 turn
511 1669 651 1731 honestas
662 1670 847 1740 conditiones
857 1671 889 1731 in
900 1672 1027 1752 pecunia
1038 1690 1056 1733 a
1067 1673 1196 1735 subditis
1208 1680 1314 1735 mutuo

255 1769 403 1849 accipienda
419 1768 539 1846 offerre,
554 1776 620 1831 turn
636 1772 771 1851 solerter,
785 1774 883 1851 quoad
905 1777 970 1851 ejus
990 1776 1056 1837 lieri
1072 1780 1178 1854 potest,
1199 1790 1312 1849 cavere,

256 1886 283 1929 ne
295 1867 372 1931 malis
391 1869 581 1931 nebulonum
602 1871 717 1933 ortibus
739 1889 865 1935 suornm
886 1874 1068 1938 creditorum
1089 1874 1164 1936 tedes
1186 1873 1314 1954 decipis·

256 1974 302 2027 tur.

286 2068 396 2132 Excute.
413 2066 444 2128 3·
458 2084 543 2131 rsus.
554 2102 595 2115 -
609 2071 769 2151 fidelitati,
781 2088 848 2151 qua
861 2074 893 2134 in
905 2072 1024 2154 publico
1036 2091 1094 2135 aere
1109 2074 1208 2135 alieno
1220 2074 1316 2137 aetnei-

257 2170 388 2231 nistrando
408 2170 558 2232 seruanda
579 2178 634 2246 est,
649 2171 760 2253 duplici
781 2173 870 2234 medo
891 2172 1011 2252 publica
1035 2174 1195 2235 auctoritas
1215 2174 1316 2235 deesse

257 2276 344 2347 potest,
354 2270 518 2333 delectione
537 2270 649 2332 scilicet
659 2271 708 2331 rel
722 2277 828 2351 operto
844 2272 895 2332 vel
913 2270 1113 2331 dissimulato.
1130 2273 1259 2333 Deiectio
1273 2282 1317 2333 est

256 2378 350 2449 aperta,
364 2373 389 2432 si
402 2372 520 2433 debitas
535 2378 628 2431 sorios
647 2376 700 2431 aut
719 2372 823 2433 fenora
837 2372 1035 2433 creditoribus
1056 2372 1206 2433 exsolvere
1220 2376 1319 2433 aucto·

256 2470 312 2530 ritas
321 2478 370 2533 aut
379 2473 507 2533 omnino
517 2478 569 2531 cut
579 2472 681 2549 aliqua
694 2488 729 2531 ex
742 2478 825 2551 parte
835 2477 963 2534 renuat:
977 2471 1248 2534 dissimulatorem
1263 2480 1317 2549 est,

256 2572 356 2647 quando
369 2572 491 2633 nummi
505 2571 578 2633 laiso
597 2588 671 2637 auro
685 2568 730 2631 vel
745 2578 868 2646 argento
888 2567 1051 2649 cudentur,
1071 2576 1122 2634 eut
1142 2571 1235 2631 nimia
1250 2588 1320 2649 syn.

255 2669 414 2748 prephatum
426 2670 594 2732 multitudo
607 2672 770 2748 emittitur,
785 2672 827 2732 ita
841 2676 876 2731 ut
891 2686 945 2752 pro
959 2672 1034 2733 reali
1049 2672 1148 2734 ociore
1158 2673 1211 2750 qui
1223 2671 1319 2733 credi-

257 2768 350 2831 toribus
375 2771 515 2844 debetur,
536 2769 617 2831 valor
644 2769 799 2832 dumtaxat
821 2756 984 2832 nominair's
1006 2770 1157 2833 rediatur.
1182 2772 1320 2832 lamvero

256 2870 416 2933 aidelitatis
436 2869 547 2948 officio,
563 2869 642 2947 qnod
662 2871 849 2932 contrahenti
866 2870 990 2932 cuilibet
1009 2873 1165 2950 incumbit,
1182 2890 1246 2932 sese
1261 2873 1322 2935 exi.

256 2983 322 3030 mere
338 2971 460 3051 publico
483 2973 640 3032 auctoritas
662 2973 777 3049 nequit.
794 2972 875 3046 Quin
897 2971 958 3032 imo
979 2971 1115 3048 graviore
1140 2971 1320 3047 obligatione

255 3070 355 3131 socialis
368 3070 531 3133 auctoritas
541 3069 579 3130 ad
589 3077 796 3133 contractuum
811 3069 903 3130 iidem
917 3070 1095 3131 servandam
1111 3075 1240 3149 tenetrrr,
1254 3077 1318 3130 tum

255 3171 322 3246 qun,
335 3172 449 3251 privato
466 3169 574 3247 queris
607 3169 731 3232 homine
745 3172 895 3250 potentior
914 3176 943 3230 et
962 3169 1139 3250 locupletior
1159 3169 1318 3247 peruincit,

255 3283 394 3348 nunquam
409 3270 521 3332 mediis
533 3268 569 3332 ad
581 3267 638 3331 hoc
650 3271 825 3332 necessariis
844 3286 943 3331 carere
957 3275 1064 3350 potest,
1077 3275 1141 3332 tum
1162 3269 1233 3346 quia
1246 3267 1319 3329 litle-

254 3367 329 3432 litetis
341 3379 370 3433 et
380 3371 508 3452 justitia
522 3377 645 3450 petrona
658 3371 789 3434 societati
804 3366 953 3430 uniuersa
969 3375 997 3430 et
1011 3369 1118 3430 vindex
1136 3373 1191 3429 est.

287 3470 400 3532 Execrc.
420 3471 455 3531 4²
477 3481 563 3531 rens.
576 3501 615 3514 -
631 3470 668 3527 tlt
692 3469 841 3529 fidelitatis
864 3465 962 3529 officia
985 3476 1055 3544 erga
1079 3483 1149 3528 snos
1161 3465 1320 3528 creditores

256 3568 357 3642 publica
370 3571 532 3633 auctoritas
545 3583 665 3648 semper
679 3569 804 3647 implere
816 3569 921 3646 possit,
937 3566 1024 3629 debet
1038 3583 1099 3628 non
1119 3568 1218 3628 solum
1234 3571 1321 3628 antee

256 3667 397 3746 diligenter
408 3677 573 3752 supputare
587 3669 659 3748 quid
673 3671 739 3747 njus
750 3669 829 3730 uires
842 3670 921 3731 lerre
933 3670 1059 3748 possint,
1076 3669 1128 3730 sed
1142 3671 1232 3730 etiem
1246 3669 1321 3730 illuc

255 3779 406 3834 constanter
424 3790 481 3853 per
501 3773 600 3832 media
622 3778 788 3852 opportuna
810 3779 953 3851 spectare,
966 3777 1000 3833 ut
1020 3770 1174 3850 publicum
1190 3786 1230 3831 ees
1245 3769 1323 3830 alic·

256 3881 318 3930 nom
332 3873 475 3952 paulatim
494 3871 646 3946 dissolvat,
661 3888 695 3933 ac
713 3871 844 3949 denique
857 3871 982 3933 omnino
996 3870 1164 3931 exhauriat.
1178 3871 1275 3942 Quem
1291 3869 1324 3928 in

256 3966 334 4030 finem
357 3974 508 4052 optimum
537 3970 672 4031 medium
695 3972 753 4030 erit
776 3969 908 4049 prudens
933 3969 965 4028 in
986 3967 1156 4046 sumptibus
1181 3966 1323 4027 iaciendis

256 4071 437 4149 parcimonia.
453 4071 523 4132 llaec
545 4087 654 4149 nempe
675 4086 737 4130 nne
755 4077 810 4149 est,
825 4087 892 4148 quae
913 4067 1066 4148 publicam
1091 4065 1327 4126 administratio·

257 4179 326 4229 nem'
338 4179 507 4234 constanter
525 4173 620 4254 possit
639 4173 752 4251 eripere
766 4178 785 4232 'e
799 4169 933 4251 periculo
956 4167 1102 4248 perdendi
1122 4166 1169 4228 rel
1183 4183 1215 4227 se
1229 4166 1326 4244 ipsein

258 4274 382 4351 mireris,
395 4275 443 4336 rel
457 4274 639 4354 prediorum
661 4288 846 4352 possessores
860 4270 994 4356 tributis,
1008 4268 1056 4334 tel
1079 4286 1149 4334 suos
1169 4266 1328 4332 creditores

259 4367 423 4437 detectione.
