3559 5675
495 715 556 778 ’2Ἲο
898 713 987 778 'ineis
1008 713 1166 777 iannnnnrs
1341 781 1344 790 ,

431 846 435 852 “
486 843 491 852 ’
537 836 620 899 Unde
633 837 762 916 piisque
777 830 923 914 intelliget
936 854 996 916 quo
1009 853 1097 901 sensu
1114 855 1218 898 rernm
1232 839 1282 914 sit,
1294 825 1374 918 quod
1382 831 1464 918 aliqui
1476 853 1532 898 asse·

494 939 578 1012 rrrnt,
593 937 714 998 omnein
739 936 834 1012 legem
858 953 923 997 esse
942 937 1054 998 laetum
1071 937 1221 1016 quoddam
1243 943 1398 1018 antequam
1413 940 1447 998 sit
1458 939 1504 1011 lei,
1514 945 1532 997 et

492 1043 607 1117 tristam
621 1038 789 1116 quamlibet
802 1037 899 1114 legem
913 1054 977 1098 esse
997 1039 1057 1097 veri
1077 1023 1235 1114 cujusdam
1252 1037 1320 1100 lacti
1338 1039 1532 1118 expressionem.

496 1139 526 1198 ld
543 1125 623 1198 crinin
646 1124 770 1196 minime
791 1135 939 1212 significat
952 1137 1016 1196 solo
1037 1137 1112 1196 lacto
1129 1143 1165 1198 et
1185 1139 1248 1197 sola
1267 1139 1366 1198 sociali
1387 1138 1533 1202 necessitate.

495 1237 571 1314 quin
586 1234 696 1296 laetum
708 1251 743 1294 ae
758 1225 917 1294 necessitas
929 1233 1078 1312 ejusmodi
1092 1235 1128 1294 ab
1141 1235 1313 1296 auctoritate
1329 1255 1379 1316 prr
1393 1233 1476 1310 legem
1488 1251 1536 1292 saii-

498 1339 627 1410 ciantnr,
640 1333 736 1412 legem
747 1336 850 1393 statim
860 1335 1012 1408 constitui,
1023 1333 1072 1394 sed
1087 1334 1186 1396 solum
1198 1335 1309 1396 indicat
1320 1335 1471 1396 auctoritati
1478 1335 1536 1410 jnstr

499 1435 677 1512 gribernanti
693 1436 723 1492 in
738 1435 823 1493 laetis
836 1432 1090 1514 praeexistentibus
1103 1417 1247 1496 rationem
1262 1434 1297 1496 ad
1314 1434 1393 1512 leges
1405 1429 1536 1496 eudendo

500 1533 704 1613 impellentem
716 1533 830 1593 adesse.

901 1743 1110 1808 ARTlCULUS
1132 1743 1182 1806 lll.

562 1913 567 1920 ι
681 1939 725 2000 lle
740 1924 955 1999 conditionibus
970 1929 1044 2018 'lepis
1060 1943 1190 2016 respectu
1202 1923 1412 2000 mdditommss'
1434 1915 1455 1940 ’τ’

546 2151 633 2210 1057.
653 2151 719 2234 Poe.
734 2134 817 2208 olm.
830 2179 868 2191 -
883 2140 991 2209 Omnis
1003 2145 1050 2208 lex
1064 2145 1151 2213 debet
1165 2145 1304 2222 subditis,
1318 2129 1540 2234 'quinus'imponi

499 2245 564 2328 'turp
577 2239 641 2326 e'sse
651 2242 804 2308 moraliter
815 2245 977 2330 possibilis.

537 2333 632 2409 ‘l‘nota
645 2380 684 2391 —
699 2346 827 2407 Eridons
847 2354 891 2404 est
912 2345 1009 2423 legem
1028 2361 1241 2424 quamcunque
1263 2345 1384 2426 physice
1405 2344 1538 2426 possibilem

456 2485 459 2490 -
498 2427 565 2533 esse¹
583 2449 727 2523 oportere.
751 2446 787 2503 nt
810 2445 950 2522 superius
973 2441 1073 2522 (rota)
1099 2459 1166 2504 eam
1187 2459 1351 2522 congruam
1374 2460 1482 2525 quoque
1498 2457 1540 2502 ese

498 2543 605 2602 dehere
626 2542 822 2605 ostendimus.
837 2539 873 2598 Ut
885 2548 986 2601 autern
1007 2559 1138 2618 eorrgrua
1153 2539 1202 2618 sit,
1217 2541 1303 2602 debet
1318 2543 1364 2604 lex
1384 2537 1540 2622 presentibus

498 2639 645 2700 societatis
667 2621 900 2702 circumstantiis
923 2655 987 2700 esse
1011 2640 1237 2718 proportionata.
1256 2625 1346 2716 Atqui
1367 2637 1413 2699 lex
1427 2637 1541 2697 moraliter
1577 2641 1578 2720 p

499 2730 694 2821 impossibilis
715 2736 771 2796 liae
789 2737 978 2815 proportione
1000 2737 1087 2821 plane
1105 2743 1235 2807 careret:
1256 2735 1301 2797 len
1324 2739 1403 2798 enim
1426 2733 1541 2794 moraliter
1577 2729 1578 2810 l

498 2834 693 2914 impossibilis
708 2841 753 2895 est
764 2852 799 2895 ea
812 2833 900 2912 cujus
918 2824 1083 2895 observatio
1102 2833 1230 2895 difficilis
1249 2835 1412 2895 admodum
1425 2839 1498 2905 esset,
1510 2825 1540 2887 rel
1577 2833 1578 2873 l

498 2918 744 3014 graiiasocietati
759 2934 993 3019 incommoda-ac
1004 2934 1182 2994 detrimenta
1195 2941 1319 3013 pareret.
1337 2936 1419 3011 Ergo,
1432 2938 1479 2992 ete.
1577 2924 1578 2931 '

540 3032 627 3094 1058.
644 3035 774 3095 Conona.
799 3064 840 3077 -
855 3032 930 3092 llinc
951 3028 994 3109 lit,
1012 3038 1044 3091 nt
1059 3032 1176 3105 socialis
1199 3030 1361 3094 auctoritas
1381 3029 1466 3099 multa
1485 3024 1539 3085 mala
1577 3090 1578 3095 ἵ

496 3142 526 3193 et
537 3119 696 3212 physiea'et
706 3130 832 3192 moralia
846 3132 876 3189 in
892 3128 1029 3193 socictate
1043 3131 1170 3191 tolerare
1185 3132 1287 3211 possit,
1299 3134 1374 3209 qrdn
1386 3132 1443 3191 imo
1453 3126 1537 3188 demat.

498 3234 628 3308 Etenim,
653 3248 750 3308 quum
773 3228 927 3291 moraliter
950 3230 1134 3309 impossibile
1156 3231 1258 3307 sit,ut
1281 3232 1413 3311 plerique
1434 3228 1539 3288 honines

497 3332 660 3392 honestatis
680 3335 709 3391 et
727 3330 914 3410 perlectionis
936 3330 1059 3390 moralis
1081 3336 1177 3409 partes
1198 3346 1315 3407 omnes,
1332 3332 1363 3391 in
1381 3327 1539 3403 suaqursnur
1577 3324 1578 3387 l

496 3424 615 3492 vivendi
637 3431 761 3499 ratione,
783 3435 898 3491 serrare
918 3436 1085 3491 constanter
1106 3430 1213 3506 velint,
1229 3446 1296 3511 quae
1315 3431 1362 3491 lex
1377 3422 1540 3489 humanatio·

497 3536 643 3592 noscerem
655 3546 775 3590 omnem
786 3546 819 3589 ac
830 3529 1041 3607 perlectionem
1052 3530 1176 3607 positive
1188 3520 1372 3611 praeciperet,
1385 3544 1444 3588 rem
1450 3524 1539 3603 juberet
1577 3610 1578 3615 γ

497 3633 649 3719 moraliter
670 3628 897 3718 impossibilem.
919 3635 1021 3709 ltaque
1039 3618 1217 3709 legislatoris
1237 3632 1392 3713 prudentis
1406 3636 1456 3703 est,
1476 3623 1538 3684 talen
1577 3656 1578 3675 r

497 3730 574 3800 inter
596 3732 675 3809 leges
699 3729 897 3809 imponendas
917 3738 945 3791 et
959 3730 1057 3792 media
1080 3712 1213 3805 socialia,
1234 3748 1301 3809 qum
1322 3732 1353 3790 in
1375 3716 1538 3809 pmmptuttl

496 3849 599 3891 carnin
610 3832 827 3891 exsecutionem
842 3824 1036 3891 obtinendam
1047 3830 1147 3905 habet,
1160 3832 1376 3911 proportionem
1389 3829 1506 3891 retinere.
1517 3824 1538 3876 nl

497 3930 576 4006 leges
590 3928 691 3991 altillo
705 3932 829 3991 conditer
843 3930 945 3990 onurin
956 3930 1079 4007 quidem
1094 3930 1170 3991 bona
1186 3931 1307 3991 relative
1320 3924 1462 4010 possibilia
1473 3920 1539 3982 serie·

497 4032 545 4091 tati
572 4030 707 4105 afferant,
731 4030 781 4090 sed
807 4030 885 4089 nihil
913 4030 1065 4089 moraliter
1089 4030 1273 4111 impossibile
1297 4024 1538 4109 jubeantddrirro

496 4134 586 4191 etiam
598 4132 756 4191 docuimus
771 4130 911 4209 superins
926 4130 1029 4207 (¹038)
1049 4131 1183 4209 potestati
1205 4128 1380 4206 legislatirae'
1387 4134 1483 4187 rectam
1496 4119 1538 4197 pls·

496 4244 627 4305 namque
642 4236 734 4288 stains
746 4229 913 4306 praesentis,
929 4226 959 4285 in
973 4243 1033 4305 quo
1045 4229 1169 4288 societas
1184 4226 1301 4287 subdita
1316 4234 1451 4295 versetur,
1465 4216 1537 4293 cogni·

496 4329 606 4387 tionem
629 4342 694 4387 esse
717 4326 928 4401 necessariam,
954 4332 982 4385 ct
1002 4326 1118 4402 legibus
1139 4316 1211 4405 ipsis
1231 4334 1345 4387 certum
1367 4308 1538 4399 metuonidis

495 4426 622 4503 gradum
644 4426 837 4486 mutabilitati
859 4426 1007 4502 cujusque
1028 4426 1178 4487 societatis
1201 4428 1448 4506 proportionatum
1468 4420 1538 4478 ineest

494 4533 629 4605 oportere
647 4518 828 4599 (1'049‚·cor.
844 4524 888 4601 2).

529 4622 708 4687 'carendum
722 4630 820 4685 crrnen
839 4631 883 4685 est
897 4640 934 4685 ne
949 4624 1105 4686 tolerantia
1121 4624 1182 4687 lraec
1194 4638 1291 4707 risque
1305 4640 1339 4688 eo
1353 4620 1499 4707 perreriae
1515 4612 1536 4667 ¹¹¹

494 4726 567 4791 mali
580 4724 751 4807 approbatio
767 4742 832 4788 esse
850 4714 995 4789 rideatur.
1012 4728 1085 4789 llam
1106 4720 1253 4793 criminis
1265 4724 1353 4788 etiam
1373 4732 1440 4805 pure
1455 4710 1536 4777 inditi·
