3559 5675
591 712 700 760 som.
724 730 763 745 ·-
784 712 871 759 emsa
889 712 1037 761 emaus.
1335 696 1356 757 ll

279 827 308 883 et
318 827 404 883 unte
416 821 516 897 magis
526 818 645 881 eooialis
658 824 703 881 est
715 821 782 896 eius
795 821 881 894 eobo,
896 827 1007 898 quanto
1020 820 1117 897 magis
1129 820 1184 883 ille
1199 825 1245 883 est
1256 826 1356 882 sueto-

279 918 523 982 ritstieedeetus.
1237 946 1241 953 ·

315 1025 355 1083 itt
368 1022 531 1084 auotoritas
546 1027 770 1100 eetpereeens
783 1020 962 1083 abstraebrm
981 1026 1010 1083 et
1023 1022 1123 1084 omnis
1141 1022 1354 1083 aetionieineu
1389 1020 1394 1029 ’
1484 1011 1486 1015 ’

278 1137 333 1199 pu
346 1141 356 1181 ι
371 1120 538 1182 multimdo
553 1128 654 1183 autem
666 1121 809 1183 aeeooieta
824 1127 892 1197 eget
904 1121 1005 1183 soeiali
1023 1122 1137 1183 aetione
1150 1122 1221 1183 reali
1238 1128 1268 1183 et
1286 1136 1356 1183 eou-
1438 1150 1441 1157 .

280 1229 359 1283 erote
386 1221 485 1299 (459).
515 1224 594 1299 Ergo
611 1236 731 1283 nooeeee
750 1228 798 1283 est
818 1228 851 1282 ut
876 1222 994 1283 eooislis
1013 1222 1171 1284 auotoritas
1196 1222 1229 1283 ib
1253 1222 1356 1301 eliano

281 1321 418 1399 mbjeeto
441 1319 620 1381 individuali
637 1326 772 1381 nonorete
792 1323 923 1383 existens
941 1327 1090 1399 operetur.
1112 1320 1235 1383 Sooiulis
1255 1328 1355 1383 autern

281 1422 446 1481 austerius
458 1420 492 1481 in
504 1419 570 1481 sols
582 1436 709 1499 persona
721 1420 845 1499 pbysica
857 1420 905 1481 rel
920 1420 1027 1481 morell
1038 1420 1205 1499 Superioris
1218 1421 1316 1481 existit
1328 1428 1357 1481 et

281 1525 434 1598 operam
447 1520 526 1595 [drgo
543 1519 724 1598 principium
741 1519 859 1581 socialis
880 1520 1005 1581 aetionis
1023 1525 1163 1581 eonoretn
1179 1526 1224 1581 est
1239 1520 1357 1582 realiter

281 1619 312 1678 in
332 1618 401 1679 solo
424 1618 574 1679 societatis
590 1618 760 1696 superiore,
784 1618 862 1683 sieut
883 1610 1030 1683 arbitrante
1051 1626 1097 1680 eet
1119 1618 1150 1679 in
1174 1620 1355 1681 auotoritete.

282 1720 370 1797 lesu
384 1724 444 1779 ⁰¹0·

318 1817 390 1879 740.
403 1819 536 1881 (baum.
550 1849 591 1865 -
605 1822 641 1881 ln
654 1818 719 1881 eolo
732 1820 824 1897 igitur
834 1836 891 1881 suo
909 1820 1034 1899 preside
1047 1818 1181 1896 legitimo
1192 1819 1282 1881 babet
1294 1834 1358 1881 em·

284 1918 358 1997 plior
370 1934 504 1995 qumque
517 1920 641 1979 serieres
654 1920 800 1981 sotionem
818 1920 965 1999 eomplete
987 1921 1044 1981 sibi
1065 1920 1228 1999 propriam,
1242 1920 1358 1982 delibe-

285 2025 375 2079 num
395 2024 428 2079 et
450 2018 588 2079 liberam
614 2018 772 2079 Multitudo
791 2036 861 2081 vero
880 2020 1057 2097 musonium,
1077 2021 1218 2097 quamvis
1240 2020 1359 2097 singula

288 2117 439 2180 bbudm
456 2117 570 2193 quibus
590 2119 780 2196 componitur
797 2118 945 2181 optionem
959 2120 1108 2198 propriam
1121 2124 1152 2179 et
1168 2117 1357 2183 deliberarem

289 2215 449 2277 etliberam
463 2214 605 2291 babeant,
629 2223 772 2291 attamen,
784 2221 933 2293 queunue
951 2225 996 2279 eet
1008 2217 1181 2297 multitudo,
1196 2234 1251 2281 neo
1264 2222 1360 2297 potest

290 2333 338 2395 per
348 2335 379 2377 se
391 2316 507 2377 babere
525 2315 673 2377 uodonem
686 2332 788 2390 unam,
799 2332 897 2393 quum
911 2334 965 2397 per
977 2334 1010 2379 se
1030 2324 1127 2379 eareat
1140 2320 1264 2380 uniutie
1278 2320 1359 2398 prlu·

299 2416 381 2495 eipio;
390 2432 446 2477 neo
457 2420 556 2495 potest
568 2416 716 2477 munnam
726 2413 929 2493 deliberatam,
942 2418 1014 2495 quia
1028 2418 1092 2479 beo
1106 2417 1279 2479 deliberatio
1292 2434 1360 2499 pos-

297 2514 364 2575 tulat
382 2516 523 2577 omnium
543 2516 694 2577 seniorum
713 2517 746 2576 in
766 2516 907 2579 eumdem
929 2516 1030 2579 looum
1051 2518 1309 2595 oougregatiouem
1331 2525 1363 2581 et

291 2624 420 2677 mauram
442 2616 617 2679 animorum
630 2616 912 2695 manifestationem,
936 2634 1004 2695 qum
1025 2618 1086 2679 duo
1107 2624 1180 2680 suut
1198 2618 1231 2680 ia
1249 2632 1360 2697 magne

289 2716 447 2779 bominum
469 2716 665 2777 multitudiue
686 2718 796 2795 pariter
818 2716 1032 2797 impossibilia;
1053 2734 1109 2779 nee
1130 2724 1227 2797 potest
1250 2718 1361 2781 bebere

287 2820 431 2880 moenem
442 2814 579 2894 liberum,
589 2818 661 2895 quia
668 2817 805 2898 plerique
815 2815 854 2880 de
863 2817 984 2898 populo,
997 2818 1151 2896 diligentie
1164 2818 1361 2882 instimtienls

286 2927 432 3000 expertes,
454 2917 561 2978 multis
580 2935 614 2979 eo
636 2919 726 2979 variis
746 2917 936 2996 passionibus
957 2919 1110 2998 implicui,
1126 2919 1158 2980 iu
1176 2921 1215 2980 iis
1235 2935 1303 2998 qun
1324 2919 1360 2980 ad

284 3019 442 3096 poblicum
455 3018 591 3095 regimen
605 3023 750 3096 spectent,
763 3018 929 3094 subleuat,
945 3024 976 3078 et
993 3033 1154 3081 eommune
1169 3019 1283 3079 bouum
1296 3031 1361 3096 per·

282 3120 398 3198 spinare
409 3123 577 3194 nequeunt.
1209 3155 1211 3158 -

320 3216 527 3292 Quamobrem
547 3216 720 3294 multitudo,
741 3223 892 3295 quatenus
913 3214 1076 3276 multitudo
1095 3221 1150 3293 eet,
1165 3217 1250 3277 omui
1263 3219 1363 3276 auoto-

281 3319 381 3378 ritstis
394 3317 544 3396 principio
555 3315 710 3391 destitute,
724 3316 874 3378 socialiter
894 3317 1011 3394 opereri
1033 3331 1094 3378 nou
1115 3321 1221 3396 potest.
1236 3315 1361 3391 Quodsi

283 3419 318 3478 in
338 3415 545 3478 multitudiuis
562 3417 619 3478 sibi
633 3415 745 3478 reliotae
757 3417 872 3478 actione
884 3430 1049 3480 consensus
1069 3415 1193 3493 quidam
1209 3417 1362 3478 interdum

284 3522 437 3597 appareat,
448 3512 478 3576 id
491 3533 528 3578 ex
536 3515 668 3577 duorum
679 3517 896 3594 prinoipiorum
906 3515 1049 3578 alterutro
1061 3515 1198 3594 provenit
1209 3531 1217 3575 ε
1227 3517 1276 3577 rel
1290 3520 1363 3593 qula

285 3615 400 3700 fictitio
412 3615 550 3696 quedam
566 3617 736 3691 auotoritas,
749 3633 818 3695 qum
829 3615 955 3678 unitatis
972 3617 1156 3696 prineipiuru
1170 3617 1373 3700 illegitimum

286 3720 337 3794 sit,
350 3717 431 3779 olam
448 3725 502 3780 aut
513 3717 612 3797 palam
627 3723 726 3779 movet
737 3734 846 3780 oseam
860 3716 1100 3792 multitudinem,
1114 3713 1184 3794 qun
1201 3722 1282 3778 tanto
1294 3715 1362 3778 inei·

287 3819 348 3880 lius
361 3820 452 3898 primi
467 3821 602 3898 eujosvis
617 3819 764 3880 moventis
785 3819 952 3897 impulsum
970 3819 1116 3894 sequitur,
1132 3822 1245 3896 quanto
1266 3820 1364 3894 malo

288 3935 353 3980 rem
366 3916 476 3996 agendi
490 3918 707 3988 nenessitatem,
722 3934 814 3994 sequa
835 3917 932 3994 ipsam
950 3915 1124 3993 ineptiorem
1138 3915 1174 3976 ad
1188 3915 1363 3978 eouoordem

290 4021 437 4080 audonem
458 4017 653 4079 obtinendam
667 4018 811 4097 persentit
816 4039 826 4094 ς
841 4017 889 4077 vel
903 4016 975 4094 quis
986 4021 1070 4076 aetus
1086 4015 1138 4077 bio
1148 4031 1230 4077 uuae
1242 4029 1364 4079 exeren-

290 4119 347 4182 dos
365 4119 499 4180 naturali
516 4119 672 4180 instinctui
690 4123 720 4178 et
738 4118 861 4180 radonis
880 4123 910 4178 et
927 4118 1101 4194 passionum
1117 4116 1191 4178 adeo
1203 4117 1364 4180 oonlormis

293 4227 346 4297 eet,
356 4227 391 4280 ut
401 4225 482 4281 totus
491 4219 556 4297 ipse
566 4217 657 4279 bomo
668 4218 705 4278 ed
717 4217 807 4278 talem
821 4223 921 4278 aetum
935 4215 1135 4294 impellature
1150 4222 1270 4293 netum,
1283 4233 1362 4296 qus,

292 4335 387 4395 quum
399 4335 464 4379 una
480 4317 648 4394 eodemque
667 4319 700 4378 iu
716 4317 858 4378 omnibus
870 4317 921 4393 sit,
936 4315 1078 4380 omnibus
1096 4318 1270 4378 ooueooiatie
1291 4318 1365 4378 uui·

292 4424 380 4480 tatem
393 4419 486 4479 relate
498 4416 537 4478 ad
549 4416 639 4477 illum
651 4423 751 4478 aetum
764 4415 895 4495 praebets

330 4519 465 4582 Quoue.
479 4521 511 4577 2.
525 4551 564 4562 -
577 4517 676 4578 altera
687 4518 744 4578 ists
756 4515 945 4578 assidentalis
956 4516 1079 4576 unitatis
1090 4529 1181 4578 eausa
1191 4521 1296 4595 sponte
1309 4527 1365 4576 sua
1404 4537 1410 4550 ·

292 4619 413 4679 modum
427 4619 563 4696 suggerit
573 4635 665 4696 quem
679 4617 798 4680 seoialis
809 4617 968 4678 auotoritas
983 4616 1015 4676 iu
1026 4614 1161 4678 societate
1175 4616 1306 4692 mgeude
1318 4629 1364 4674 ee·

295 4717 346 4794 qui
359 4715 468 4777 debeat
479 4737 490 4794 3
506 4714 559 4776 illa
573 4731 705 4792 namquo
724 4713 913 4776 aooidentalis
926 4729 1018 4774 ouusa
1031 4711 1160 4774 oemudit
1172 4727 1303 4790 quinem
1316 4711 1364 4770 de·
