3559 5675
486 724 546 787 d'ld
888 732 969 779 eunte
988 732 1149 783 namneus

530 844 563 905 4·
584 844 655 905 liae
668 838 826 920 regiminis
841 840 937 903 ferma
950 846 996 902 est
1009 840 1147 901 lieelesiae
1163 838 1261 915 utilts3

527 950 558 1007 5·
580 943 724 1007 fflmdern
746 941 879 1006 Eueleeia
898 944 956 1004 sihi
978 942 1141 1023 postulauit
1160 948 1250 1019 atqsu
1270 940 1514 1017 etiamnuninqni

485 1042 614 1108 busdam
629 1040 804 1121 regionibus
818 1040 961 1121 postulat.

524 1144 614 1222 Atqui
628 1140 683 1204 has
695 1157 801 1204 ornnes
820 1142 985 1222 positiones
1004 1156 1069 1202 esse
1086 1156 1212 1222 prorem
1231 1139 1322 1202 taleas
1342 1145 1370 1201 et
1386 1138 1516 1201 eltistane

484 1244 525 1307 rei
551 1242 638 1306 valde
657 1240 843 1322 perieuloeas
863 1240 995 1319 probant
1013 1238 1170 1303 evidenter
1190 1244 1257 1300 tum
1278 1254 1346 1318 qna
1367 1238 1398 1299 in
1415 1238 1478 1299 lilre
1490 1238 1515 1298 ll

485 1350 587 1407 eontra
596 1342 775 1406 libertinum
783 1341 920 1419 regimen
931 1340 1168 1421 disputavimus,
1182 1346 1249 1401 tum
1257 1339 1389 1403 Eeelesiae
1398 1338 1526 1400 eatldiea

482 1444 633 1525 judieium
648 1441 817 1519 intellude,
832 1446 900 1503 tum
913 1440 1103 1504 luculentum
1113 1442 1306 1522 experientis
1320 1440 1503 1502 testimenium.

525 1547 548 1606 l.
571 1542 714 1625 Regimen
728 1540 901 1604 libertinum
915 1549 960 1604 est
974 1558 1069 1625 perse
1080 1540 1418 1621 emisissemus.

525 1643 695 1707 lleeelenda
716 1642 767 1704 hie
786 1644 921 1723 primum
942 1649 988 1705 est
1014 1642 1148 1704 libertini
1166 1658 1221 1705 seu
1247 1638 1484 1718 deminutionis,
1496 1646 1519 1699 nt

483 1746 582 1822 aiunt,
596 1744 754 1823 regiminis
764 1742 900 1806 definitio
911 1744 945 1804 in
957 1742 1064 1805 endem
1074 1742 1154 1805 libre
1166 1742 1329 1805 thradita
1340 1744 1382 1804 lla
1392 1744 1451 1819 eius
1461 1756 1519 1801 nan·

485 1860 548 1923 que
560 1848 680 1923 natura,
699 1858 793 1921 quam
814 1842 946 1905 breviter
959 1846 990 1905 et
1004 1842 1084 1904 clare
1096 1842 1234 1905 delinitio
1244 1844 1383 1924 explicat,
1393 1839 1521 1903 menide

480 1944 618 2025 ejusdem
632 1944 766 2023 nequitia
780 1943 883 2004 statim
896 1943 1087 2022 intelligitur.
1101 1941 1242 2006 Liderele
1253 1944 1409 2014 nimirum,
1420 1959 1466 2002 seu
1475 1957 1521 1999 cea·

480 2042 679 2121 eluamus,
700 2041 1001 2123 neumnensium,
1021 2042 1134 2104 dieitur
1155 2042 1244 2105 eivile
1263 2048 1295 2105 et
1312 2042 1456 2124 politicum
1467 2038 1519 2101 illul

483 2144 630 2223 regimen,
648 2142 681 2204 in
698 2158 758 2221 quo
780 2143 912 2224 populus
933 2143 1096 2205 universus
1114 2150 1239 2205 comae·
1252 2150 1284 2206 et
1295 2152 1424 2205 muster
1442 2158 1468 2203 se
1477 2141 1520 2219 ips

484 2244 652 2324 gubernare
665 2260 719 2325 per
731 2242 880 2321 quosdam
896 2244 979 2305 eires
987 2244 1100 2324 abipso
1110 2244 1218 2307 eleetos
1231 2245 1271 2306 ad
1279 2246 1453 2309 veluntatem
1463 2241 1520 2301 illius

481 2352 635 2424 umquam
657 2358 830 2423 supremam
852 2342 992 2421 regulam
1013 2344 1285 2424 representsndam
1308 2350 1339 2407 et
1359 2347 1391 2405 in
1409 2340 1518 2405 omniun

481 2443 651 2507 sectandam
666 2444 758 2521 (517).
1569 2449 1570 2454 ’

521 2545 588 2606 lam
609 2542 653 2621 l·,
685 2544 830 2623 quoniam
856 2541 889 2602 hl
911 2540 1052 2625 deputati
1069 2550 1226 2623 nespreunt
1246 2546 1430 2608 veluntatem
1449 2540 1521 2623 pepuli

483 2643 617 2705 universi
636 2650 847 2721 repraesentare
866 2649 896 2705 et
908 2646 1026 2722 sectari,
1047 2646 1107 2705 nisi
1120 2646 1250 2725 populus
1269 2663 1356 2707 suam
1377 2645 1522 2707 veluntatem

482 2742 602 2823 publiee
616 2740 797 2816 manifestet,
810 2740 921 2804 ideireo
929 2744 1080 2807 universe
1093 2744 1197 2824 populi
1214 2744 1402 2807 multitudini
1409 2751 1448 2804 est
1459 2742 1521 2802 alae

483 2845 545 2906 lute
559 2844 727 2904 necessaria
740 2845 772 2904 in
796 2843 853 2905 hoe
867 2843 1017 2921 regimine
1031 2846 1120 2927 plena
1142 2844 1286 2924 loquendi
1305 2855 1336 2909 et
1355 2844 1484 2908 scribendi
1499 2841 1523 2898 le

483 2943 573 3006 rebus
583 2943 722 3006 eivilinns
734 2951 764 3006 et
782 2943 911 3023 politicis
936 2943 1066 3008 libertas.
1087 2949 1189 3020 Quare
1205 2948 1349 3024 regimini
1360 2947 1523 3008 libertineest

482 3045 676 3110 essentialiter
688 3047 854 3108 necessaria
870 3047 962 3126 plana
973 3045 1190 3130 typographus
1207 3047 1330 3111 tides-tus
1341 3042 1519 3128 (libertidelu

481 3147 612 3228 presse);
627 3154 657 3209 et
661 3150 731 3226 jnre
742 3163 777 3208 ae
787 3147 896 3208 merite
909 3153 1047 3210 densetur
1060 3147 1290 3212 liberalistieum
1305 3151 1435 3228 regimen
1446 3144 1520 3212 eren,

487 3246 685 3325 simulatque
700 3245 790 3308 alicui
805 3261 940 3308 censura
949 3247 1141 3328 typographia
1149 3249 1321 3327 subjicitur.

525 3351 559 3410 2⁰
579 3350 739 3425 Nequeunt
753 3347 882 3426 prolecto
894 3362 1001 3410 omnes
1022 3355 1050 3410 et
1062 3347 1177 3426 singuli
1195 3349 1276 3412 cives
1292 3345 1524 3418 libertatslacp·

487 3447 669 3530 pographiea
681 3465 733 3527 per
743 3465 775 3508 se
790 3449 835 3508 uti
845 3445 881 3508 ad
895 3449 1075 3509 sententiam
1084 3466 1172 3510 suam
1182 3449 1220 3511 de
1230 3465 1264 3511 re
1275 3451 1395 3529 publiea
1407 3446 1525 3509 declaren-

485 3544 566 3612 dam.
584 3547 695 3614 ideirco
709 3547 928 3628 ephemerides,
940 3551 1089 3626 quantum
1104 3549 1169 3626 deti
1182 3556 1291 3632 petest,
1307 3548 1525 3630 multiplicum,

484 3663 616 3728 quarum
639 3647 813 3725 quetidiana
836 3649 1011 3736 garrulitas,
1033 3649 1213 3730 plerumque
1234 3651 1345 3713 stolide
1366 3658 1395 3711 st
1415 3643 1524 3710 absurda.

486 3755 620 3838 censetur
632 3747 815 3836 voluntatem
827 3749 932 3828 populi
946 3749 1146 3810 manifestare.
1360 3739 1364 3746 ’

527 3849 560 3913 3⁰
581 3851 664 3912 Sient
678 3849 761 3912 cives
776 3857 881 3910 omnes
896 3856 1063 3927 nequeunt,
1079 3851 1118 3915 eb
1131 3852 1326 3930 ingeniorum
1347 3860 1378 3915 et
1390 3849 1524 3912 studieruu

485 3947 698 4022 diversitatem,
713 3949 750 4010 in
764 3947 903 4010 eamdem
923 3951 1104 4012 sententiam
1118 3951 1156 4013 de
1168 3957 1356 4032 'unaquaque
1371 3969 1402 4012 re
1413 3947 1479 4011 cirili
1490 3948 1524 4002 aut

489 4049 618 4130 politica,
633 4049 803 4126 eonvenire,
819 4049 860 4110 ita
872 4066 928 4112 nee
937 4049 1004 4112 deri
1014 4056 1120 4131 petest,
1132 4057 1167 4112 ut
1179 4052 1260 4116 idem
1272 4054 1312 4114 sit
1324 4043 1524 4122 omniumspls

495 4150 645 4213 meridum
668 4150 700 4212 iu
720 4165 905 4229 unaquaque
918 4153 1119 4214 eontrosersia
1131 4153 1293 4230 iudicium.
1303 4152 1443 4216 Censetur
1452 4155 1523 4221 seges

489 4249 594 4330 populi
606 4249 760 4312 voluntate
776 4249 854 4310 illud
872 4267 938 4312 esse
953 4251 1149 4334 quodpiam
1166 4251 1383 4334 ephemerides,
1404 4267 1435 4312 ae
1446 4239 1523 4308 deinde

484 4348 588 4430 plures
602 4349 735 4430 deputati
749 4349 913 4414 soluerint.
1215 4416 1218 4423 ,

529 4449 694 4526 Eanibus
706 4451 740 4511 iit
752 4451 950 4514 menifestum
967 4452 1144 4513 libertinam
1160 4469 1214 4514 seu
1226 4449 1522 4515 eensdtutienalemrt·

486 4549 610 4629 giminis
622 4549 750 4613 formam
761 4553 833 4629 iure
846 4553 992 4632 appellari
1010 4560 1040 4616 et
1052 4571 1117 4616 esse
1131 4571 1255 4635 regnum
1269 4553 1412 4616 libertatis
1421 4559 1522 4632 typoru-

484 4649 582 4732 pdicce
592 4647 742 4728 absolute,
758 4669 878 4732 regnum
889 4651 1118 4734 spdemm‘dum,
1132 4673 1254 4735 segnem
1264 4652 1417 4737 opinionis.
1427 4657 1520 4727 regem

484 4749 682 4831 pluralitatis.
