3559 5675
458 728 517 791 istiu
868 738 948 788 arnis
968 736 1127 787 ιιιιιιιιιιι

455 852 545 932 plane
561 847 764 930 corruptionis
781 848 925 927 perieulis
945 848 1072 911 obnoxia
1092 848 1164 923 sint,
1187 852 1217 911 et
1235 846 1338 913 iisdem
1356 840 1501 909 sinceritatis

456 952 644 1030 argumentis
661 950 694 1011 in
708 950 845 1028 prasenti
859 950 1056 1023 communita,
1070 967 1182 1011 eorum
1204 958 1302 1014 tamen
1316 952 1432 1012 alterum
1442 945 1502 1007 eiri-

455 1052 517 1131 piat
535 1050 666 1111 manime
685 1048 899 1127 approbetque,
922 1049 1086 1111 aiterume
1108 1052 1256 1113 sonnatio
1275 1058 1391 1131 spernat
1405 1047 1504 1109 omnino

454 1152 619 1233 proculque
631 1151 755 1229 rejiciat,
771 1150 797 1210 is
809 1151 940 1228 protecto
953 1150 993 1211 ab
1010 1152 1152 1213 omnibus
1165 1153 1324 1213 insaniisse
1337 1150 1503 1212 ausimum.

453 1254 546 1331 atum
560 1250 749 1313 haninsania
760 1250 917 1311 manifeste
930 1250 1192 1328 protestantismus
1206 1252 1331 1313 laborat.
1347 1254 1416 1312 Nam
1430 1246 1505 1324 Serip-

453 1352 531 1413 turis
545 1350 638 1412 simul
652 1357 682 1410 et
695 1349 919 1409 Traditionibns
930 1350 1107 1428 apostaticis
1121 1351 1218 1412 eidem
1233 1352 1352 1428 obtatis,
1366 1349 1506 1425 Scripturas

453 1452 577 1530 quidem
597 1450 955 1527 tampuamaeertissimam
978 1449 1045 1510 tidei
1064 1450 1200 1527 regulam
1219 1452 1334 1530 surripit,
1351 1447 1506 1509 inditiones

453 1568 523 1616 nero
540 1548 789 1627 indignabundus
814 1549 925 1609 ideirco
948 1549 1102 1627 repudiat,
1117 1550 1188 1627 quia
1203 1566 1262 1609 non
1273 1550 1402 1629 potuisse
1415 1545 1470 1605 itlas
1480 1541 1507 1603 ad

452 1667 508 1711 nos
526 1666 624 1727 risque
642 1649 828 1727 inoorrnptas
847 1648 1003 1725 pervenire
1022 1655 1117 1726 putat.
1137 1650 1274 1709 tamisio
1295 1647 1445 1727 Suriptura
1461 1658 1507 1703 non

452 1749 556 1809 minus
575 1754 700 1827 possunt
720 1748 871 1826 eorrumpi
896 1763 991 1824 quam
1015 1750 1136 1809 Petrum
1158 1748 1227 1809 iibri
1246 1748 1360 1825 quibus
1379 1762 1418 1806 eae
1438 1740 1508 1803 uadi.

453 1851 549 1913 tiones
566 1850 777 1922 contuentur,
799 1855 834 1907 ut
851 1853 897 1907 est
917 1864 969 1926 per
993 1864 1025 1908 so
1053 1848 1185 1909 evidens.
1210 1850 1271 1909 iios
1290 1855 1390 1910 autem
1406 1844 1507 1912 eodioos

450 1966 527 2027 quos
542 1950 575 2009 in
587 1947 730 2009 manibus
741 1947 908 2020 habemus,
928 1964 994 2009 ease
1008 1950 1180 2029 incorrupta
1194 1950 1415 2029 §scipturarum
1425 1962 1509 2009 erem-

450 2050 547 2131 plaria
560 2056 591 2110 et
603 2050 791 2126 incorruptas
803 2048 982 2109 earumdem
996 2050 1159 2123 versiones,
1180 2051 1348 2128 nequimus
1360 2061 1509 2125 cognosere

451 2150 511 2211 nisi
524 2165 578 2227 per
590 2149 694 2211 rivum
709 2146 847 2209 Ecclesia
861 2147 1081 2224 testiinonium,
1102 2156 1136 2209 ut
1155 2166 1245 2229 supra
1258 2156 1412 2211 ostensum
1424 2154 1471 2209 est.
1487 2147 1509 2205 Si

450 2266 523 2327 ergo
543 2248 601 2311 hoo
618 2248 704 2311 idem
716 2248 861 2311 helesiae
870 2250 1076 2312 testimonium
1091 2250 1192 2311 doeeat
1206 2252 1330 2311 Petrum
1345 2250 1425 2310 tibris
1435 2249 1509 2307 inmi-

448 2358 555 2430 ruptas
574 2350 727 2413 confluere
739 2350 925 2411 Traditinnes
944 2349 1139 2429 Apostolims,
1159 2350 1205 2411 lin
1227 2351 1401 2412 traditiones
1416 2347 1509 2422 eodem,

451 2469 513 2531 quo
538 2452 717 2532 Scripturas,
737 2450 898 2513 sirmautur
915 2450 1083 2512 vemeitatis
1104 2468 1139 2513 ae
1159 2450 1327 2512 divinitatis
1346 2454 1509 2527 argumenti.

451 2554 542 2629 Ergo,
557 2552 606 2613 vet
617 2558 762 2628 unumne
776 2568 930 2631 respuere,
945 2552 992 2612 vel
1007 2558 1152 2630 utresque
1171 2553 1305 2631 arripere
1320 2552 1420 2628 debes,
1433 2547 1471 2609 vel
1481 2546 1509 2617 si,

450 2651 553 2713 alteris
566 2651 698 2728 rejectis,
713 2650 821 2713 alteim
834 2668 888 2730 pro
901 2650 1001 2711 lubitu
1014 2651 1136 2730 resipis,
1149 2651 1307 2713 cerebrum
1320 2666 1384 2711 noo
1399 2650 1488 2711 natu.

495 2756 526 2812 tt
558 2748 706 2813 Facultati
718 2750 840 2811 cuidam
855 2751 1013 2829 potentiori
1029 2752 1135 2829 nequit
1148 2752 1204 2812 nisi
1222 2768 1438 2831 persummam
1449 2746 1510 2810 stui-

452 2853 548 2914 titiam
562 2853 668 2930 negari
679 2853 723 2914 vis
733 2852 848 2929 aliquid
860 2853 1032 2930 praetendi,
1045 2869 1114 2930 qun
1125 2853 1211 2914 alteri
1225 2853 1362 2914 facultati
1376 2855 1456 2928 longe
1466 2851 1511 2910 iu·

451 2951 599 3014 berilliori
619 2953 652 3012 in
670 2952 776 3014 eadem
790 2969 891 3014 rerum
911 2953 1010 3032 speeie
1030 2951 1213 3014 onnoeditur.
1239 2956 1286 3028 dt,
1305 2953 1381 3014 dnm
1399 2949 1512 3014 natan

451 3053 621 3116 christianas
632 3054 694 3115 rim
707 3053 832 3114 intactas
841 3050 1039 3112 conservandi
1053 3050 1228 3112 traditiones
1242 3055 1386 3130 pristinas
1396 3052 1511 3125 denegat,

451 3155 711 3234 protestantismns
730 3155 848 3228 statuit,
870 3152 958 3213 nulia
978 3153 1091 3214 ratione
1111 3153 1247 3228 innisus,
1263 3152 1345 3216 huno
1364 3153 1511 3229 religiosam

452 3253 622 3315 societatem
635 3253 787 3332 ⁴divinitus
807 3252 1011 3326 constitutam,
1034 3251 1065 3312 in
1085 3251 1169 3312 omni
1188 3252 1335 3314 virtutum
1355 3269 1457 3330 genere
1472 3265 1512 3328 per

451 3354 554 3416 divina
566 3355 704 3416 subsidia
720 3354 979 3434 perfectissimam,
997 3355 1086 3430 enjus
1103 3359 1192 3430 caput
1208 3369 1244 3412 ao
1266 3363 1363 3414 rector
1377 3357 1512 3432 perpetuu

451 3461 497 3516 est
510 3457 574 3534 ipse
588 3456 727 3517 Christus
747 3456 947 3532 tiemo-tiens,
960 3452 997 3515 ad
1016 3470 1108 3530 qaum
1127 3453 1390 3532 praenuntiandam
1410 3465 1512 3530 repre

453 3555 617 3633 parandam
636 3557 739 3619 omnia
755 3563 834 3616 retro
855 3554 966 3616 wenta
985 3553 1122 3615 ordinata
1140 3553 1510 3632 [uenustissimam

452 3655 1510 3735 Ecclesiamstatuitnonposseedpristinumsunmdernsetmbnrron·
1577 3717 1578 3722 ἵ

451 3757 789 3835 servandumprmstare
810 3753 887 3816 iilud
908 3755 987 3834 quod
1003 3754 1069 3816 alia
1091 3756 1237 3830 Eos-tesia,
1250 3758 1348 3819 multo
1366 3752 1510 3816 miuordtm

451 3873 469 3915 a
487 3857 547 3916 Deo
563 3855 724 3918 virtutibus
741 3856 968 3917 remunetione
984 3855 1184 3934 locupletata,
1203 3857 1401 3935 perfecerunt.
1417 3852 1510 3916 scilieet
1577 3867 1578 3890 ι

451 3957 655 4034 antiquissimi
667 3956 715 4016 itti
725 3958 836 4032 Patres,
848 3957 901 4032 qui
913 3955 944 4016 iu
956 3955 1021 4032 tege
1034 3963 1147 4016 naturae
1158 3975 1263 4018 vorum
1274 3961 1371 4018 υοιιιιι
1384 3972 1453 4037 pura
1462 3969 1510 4014 cas·

453 4063 544 4134 taque
556 4055 702 4134 religione
713 4056 885 4130 coluerunt,
899 4055 1111 4118 sarritieiorum
1124 4058 1274 4136 legitimos
1290 4060 1366 4118 ritus
1388 4067 1509 4130 serasque
1577 4053 1578 4132 ἐ

451 4153 489 4214 de
513 4157 584 4231 tien,
605 4155 642 4216 de
663 4155 797 4217 humano
815 4169 938 4232 genere,
961 4156 999 4218 de
1023 4163 1147 4218 venturo
1170 4158 1277 4218 itsssia
1298 4141 1443 4219 doetrinae
1462 4167 1508 4214 noo
1577 4173 1578 4204 2

451 4253 621 4334 seripturis,
640 4256 692 4318 sed
712 4269 836 4334 paterna
854 4255 1014 4318 traditione
1033 4259 1197 4336 patriisque
1214 4260 1351 4320 nioribus
1372 4268 1506 4320 enumera·

450 4359 533 4414 runt.
548 4354 712 4416 abrahami
727 4372 798 4416 uero
812 4373 920 4434 gersus,
936 4375 1003 4434 qttae
1020 4365 1163 4436 praeopta
1177 4363 1205 4418 et
1220 4359 1365 4438 praemissa
1376 4359 1449 4425 illes
1462 4354 1507 4414 oe

451 4453 583 4531 primum
602 4463 767 4534 receperat,
789 4457 884 4517 nullis
899 4457 1108 4519 comiireudetr
1125 4459 1292 4519 litterarum
1312 4451 1505 4524 monumentis,

450 4553 502 4614 sed
516 4556 687 4619 animorum
704 4557 821 4618 tabettis
837 4558 1030 4636 insculpunt
1049 4561 1174 4637 potitium
1193 4577 1226 4622 ae
1240 4562 1360 4640 privatas
1372 4559 1505 4620 ronsrretu·

449 4653 529 4714 diuis
545 4658 692 4716 memoria
708 4659 894 4736 consignata,
915 4677 968 4738 pier
985 4660 1139 4738 oerirplnra
1162 4662 1282 4738 sae-uda,
1300 4664 1330 4723 in
1354 4663 1414 4742 ipsa
1433 4655 1503 4718 etan

449 4757 617 4838 captivitate
634 4760 821 4838 AEgyptiara‚
850 4759 977 4822 fideliter
1002 4764 1137 4824 ratiuuit.
1164 4765 1192 4826 td
1219 4767 1243 4827 si
1267 4766 1366 4828 divino
1388 4756 1501 4844 praesidio
