3559 5675
432 729 509 792 all·
840 741 919 788 susis
940 737 1098 786 strumus

434 853 580 929 religiose
596 853 626 911 in
644 851 729 911 illam
749 851 801 929 jus
823 849 959 926 babenti,
981 847 1105 927 plenum
1125 843 1212 903 debet
1233 841 1401 918 relinquere
1414 837 1496 899 dorni·

434 955 520 1014 nium
535 960 564 1012 et
577 952 701 1012 liberam
714 949 939 1030 dispositionem
952 947 1100 1007 benorum
1115 943 1162 1004 rel
1176 940 1338 1002 mobilium
1348 939 1393 1000 rel
1405 940 1499 996 immo

435 1054 544 1114 bilium
567 1069 635 1130 quar
649 1053 723 1112 lorte
738 1053 770 1111 in
792 1068 825 1110 ea
853 1052 973 1127 regione
994 1045 1167 1128 possideret.
1194 1045 1287 1120 igitur
1309 1039 1501 1102 scelestissimi

437 1155 531 1227 iures,
551 1152 688 1229 sacrilegi
701 1153 843 1227 latrones,
863 1149 960 1211 civilis
982 1145 1168 1228 proprietatis
1185 1149 1215 1204 et
1234 1141 1382 1203 libertatis
1403 1140 1503 1212 hostes,

313 1243 317 1252 ¹
437 1251 597 1330 anarcbiae,
617 1252 791 1325 socialismi,
805 1247 1020 1311 eommunismi
1035 1255 1064 1308 at
1075 1243 1224 1306 barbariei
1236 1243 1369 1304 fautores
1387 1238 1504 1300 habendi

437 1371 473 1416 sc
484 1353 604 1415 dicendi
618 1359 690 1413 sunt
704 1368 801 1429 reges,
816 1351 976 1430 principes,
989 1363 1094 1409 eorum
1108 1345 1252 1422 ministri,
1266 1341 1416 1421 deputati,
1430 1355 1506 1399 sena-

440 1459 531 1531 tores,
543 1451 668 1530 syndici,
683 1458 772 1528 atque
788 1454 977 1510 exsecutores
991 1453 1019 1509 et
1038 1447 1108 1507 socii
1127 1445 1265 1522 quilibet,
1281 1441 1508 1520 quotiescunque

440 1552 565 1614 domum
587 1551 733 1628 religiosa
754 1551 885 1626 alieuius
908 1547 1031 1610 familia
1052 1545 1164 1607 audent
1185 1541 1340 1619 invadere,
1353 1557 1412 1603 usu
1428 1540 1510 1601 libero

439 1653 487 1715 vel
501 1654 626 1715 omnine
638 1653 685 1713 vel
704 1653 814 1731 partim
826 1650 911 1710 illam
931 1651 1053 1710 invitam
1068 1650 1197 1728 privare,
1215 1648 1282 1724 ejus
1300 1643 1384 1705 bona
1396 1641 1442 1704 sel
1455 1657 1509 1702 me

441 1753 515 1815 bilia
528 1751 576 1812 rel
590 1751 762 1812 immobilia
771 1767 930 1828 usurpare.

485 1848 572 1912 1349.
588 1852 656 1910 l’os.
670 1849 756 1910 662¹.
772 1881 812 1893 -
829 1847 961 1909 Ecclesia
975 1849 1046 1923 jure
1064 1845 1166 1906 divino
1186 1845 1277 1906 babet
1291 1845 1417 1924 plenam
1431 1839 1511 1902 lacul-

443 1956 534 2012 tatem
558 1948 736 2026 temporalia
755 1965 811 2008 sua
834 1949 913 2008 bona
933 1947 1026 2007 libere
1049 1944 1279 2007 administrandi
1306 1960 1326 2006 a
1348 1957 1513 2022 quacunque

443 2049 577 2110 bumana
586 2053 731 2125 potestate
744 2046 1006 2126 independentem.

484 2151 629 2209 Pses-
643 2147 886 2208 liberandorum
905 2146 1053 2207 bonerum
1068 2145 1289 2208 administratio
1311 2151 1360 2207 est
1381 2146 1443 2225 ipse
1454 2158 1515 2202 usus

445 2247 586 2326 dominii,
596 2245 675 2325 qued
690 2247 761 2323 quis
773 2245 805 2306 in
815 2245 894 2306 bona
905 2245 1011 2306 eadem
1024 2243 1144 2306 babeat.
1158 2247 1237 2322 Ergo
1248 2245 1430 2324 quicunque
1444 2241 1517 2302 habet

446 2362 553 2410 rerum
566 2348 600 2408 in
612 2346 751 2426 quendam
764 2346 842 2407 bona
853 2345 1037 2419 dominium,
1048 2345 1141 2406 habet
1156 2347 1247 2407 etiam
1265 2345 1393 2426 plenam
1413 2342 1517 2408 laeulte

449 2455 508 2509 tem
527 2447 566 2508 dn
580 2447 641 2507 illis
656 2445 805 2508 statuendi
822 2451 978 2524 utcunque
992 2443 1050 2506 sibi
1065 2445 1173 2508 utilius
1186 2461 1251 2507 esse
1260 2445 1456 2524 judicaverit,
1472 2443 1518 2502 nisi

451 2547 525 2609 torte
544 2546 597 2606 ille
614 2546 666 2620 sit,
688 2545 727 2605 ob
744 2544 957 2606 accidentalem
979 2543 1111 2621 aliquam
1132 2545 1243 2607 mentis
1258 2538 1518 2625 impotentiam,ad

450 2663 519 2707 earn
529 2662 593 2707 rem
611 2646 740 2723 ineptus.
760 2645 851 2722 Atqui
873 2645 1014 2722 Ecclesia,
1034 2661 1102 2723 quae
1116 2645 1153 2706 ad
1168 2662 1266 2724 genus
1279 2645 1445 2708 hominum
1463 2645 1520 2704 uni·

451 2761 573 2810 versum
592 2743 760 2806 docendum
783 2761 817 2806 ac
835 2745 1001 2821 regendum
1032 2761 1048 2806 s
1075 2749 1134 2808 beo
1158 2747 1322 2806 constituta
1349 2750 1413 2820 est,
1436 2743 1520 2820 nequit

452 2850 518 2907 sine
529 2862 648 2908 summa
661 2842 785 2906 stultitia
806 2846 865 2906 diei
879 2848 991 2926 inepta,
1007 2846 1046 2908 eb
1060 2848 1169 2908 mentis
1184 2848 1412 2928 impotentiam,
1429 2846 1462 2907 ad
1480 2860 1520 2903 sur

454 2949 535 3010 bona
547 2946 797 3009 administranda.
811 2949 901 3023 Ergo,
919 2954 973 3007 ete.

496 3046 583 3109 1³50.
599 3048 731 3108 conam
741 3047 831 3106 -Ex
842 3046 957 3122 iisque
970 3048 1227 3127 supraperspicue
1240 3052 1311 3108 sunt
1326 3046 1521 3115 demonstrata,

455 3146 519 3210 bac
528 3146 591 3207 dun
600 3145 686 3206 facile
697 3144 885 3221 colliguntur
900 3162 907 3205 r
1213 3148 1217 3155 ’
1405 3146 1408 3151 “

498 3250 520 3307 Ι.
543 3244 705 3306 Petitiram
732 3245 881 3306 bonorum
916 3244 1128 3322 temporalium
1149 3246 1422 3309 ecclesiastieorum
1443 3241 1523 3304 doni·

457 3348 544 3409 nium
560 3347 591 3407 in
603 3361 744 3426 suprema
754 3346 893 3406 Ecclesia
904 3346 1094 3421 anctoritate,
1106 3346 1257 3407 nimirum
1267 3348 1303 3407 in
1318 3344 1523 3407 RomanePou·

458 3447 535 3507 tidce
555 3446 665 3508 residet
688 3448 813 3525 (1156),
837 3450 867 3506 at
886 3445 1072 3507 eorumdem
1088 3445 1263 3508 dominium
1287 3446 1378 3509 cr'cile
1390 3452 1480 3508 totum
1493 3448 1526 3502 est

459 3549 491 3607 in
505 3548 596 3607 rariis
609 3547 801 3622 dioecesibus,
814 3546 978 3624 paroeeiis,
992 3545 1142 3625 collegiis,
1168 3548 1290 3627 piisque
1303 3548 1374 3608 aliis
1389 3544 1524 3614 institutis,

460 3645 598 3723 aquibus
611 3646 662 3705 illn
685 3647 801 3705 luerint
816 3644 855 3707 ad
877 3646 944 3725 pios
959 3660 1034 3705 usus
1050 3646 1208 3724 aequisita.
1235 3648 1365 3709 Romani
1379 3662 1448 3723 ergo
1462 3645 1525 3704 Pon·

461 3747 548 3808 tibcis
561 3754 617 3822 est,
632 3748 669 3808 de
684 3747 772 3808 benis
782 3746 991 3808 ecclesiasticis
1004 3748 1176 3809 universim
1193 3766 1228 3810 ea
1253 3747 1415 3810 decernere
1428 3739 1524 3823 quaed

462 3864 566 3914 eorum
597 3850 815 3927 possessionem
840 3854 870 3908 et
896 3864 987 3909 usum
1007 3849 1233 3911 accommodate
1259 3850 1296 3909 ad
1321 3849 1472 3930 publicum
1495 3840 1524 3900 ni

462 3950 632 4010 christiane
645 3946 838 4030 commodum
852 3956 935 4010 recte
950 3948 1156 4011 ordinandum
1171 3952 1322 4031 pertinere
1337 3945 1488 4011 censuerit.
1499 3944 1525 4000 tt

465 4048 527 4109 bec
549 4048 628 4108 bona
641 4064 820 4109 consumere
843 4046 1030 4129 adproprias
1054 4068 1131 4111 usus
1146 4056 1276 4129 possunt
1287 4051 1403 4130 optimo
1424 4048 1485 4123 Jure
1501 4054 1525 4098 at

464 4148 573 4209 debent
593 4149 625 4208 in
643 4148 777 4226 singulis
797 4147 870 4209 locis
891 4149 945 4210 ille
968 4152 1126 4214 individua
1141 4153 1190 4214 vel
1207 4152 1370 4227 consortia,
1391 4147 1525 4228 quibuse

465 4250 547 4309 luere
560 4244 778 4309 adoratoribus
791 4247 948 4311 destinata.
965 4250 1009 4312 td
1024 4252 1187 4334 politicum
1196 4260 1299 4314 autem
1314 4252 1372 4313 hnc
1383 4244 1524 4310 dominium

467 4342 601 4405 Romane
611 4347 746 4408 Pontifici
760 4356 933 4426 competens
944 4352 1074 4429 pertinet
1089 4352 1249 4413 manileste
1258 4354 1312 4429 jus
1323 4336 1524 4412 uibuurunal
1562 4401 1564 4403 ,

467 4443 572 4503 endem
587 4447 816 4523 erigendorum.
835 4451 938 4528 Neque
951 4452 1033 4513 enim
1045 4454 1227 4529 gubernatio
1243 4454 1401 4515 nationum
1413 4445 1523 4511 omniunt

468 4542 619 4617 possibilis
632 4551 676 4606 est
689 4546 754 4607 sine
767 4548 858 4610 certis
870 4550 1038 4613 redditibus
1050 4553 1082 4613 in
1093 4570 1158 4614 eam
1172 4570 1238 4617 rem
1249 4550 1435 4615 adhibendis.
1449 4548 1523 4619 Quare

470 4639 546 4699 banc
561 4649 736 4720 potestatem
752 4646 843 4708 habet
867 4651 1026 4713 Romanus
1054 4656 1190 4715 t’entiisr
1204 4666 1271 4717 tnm
1288 4674 1321 4717 ex
1334 4658 1402 4733 jure
1421 4642 1522 4712 naturali

472 4746 535 4797 tum
550 4744 666 4817 es'jttre
680 4745 807 4819 positivo
829 4748 945 4811 dit'iuo.
