3559 5675
574 824 682 871 suase.
704 842 744 856 -
765 824 850 869 monn
869 822 1018 893 succursus.
1295 806 1334 866 cu

290 937 328 994 ,tt
340 949 416 996 vero
437 932 503 994 haec
520 927 769 992 indissolubilitas
782 930 968 991 matrimonii
981 928 1055 989 tanti
1068 928 1214 989 momenti
1226 932 1271 990 est
1280 944 1335 1009 pru

251 1032 438 1127 individuali
461 1036 493 1093 et
506 1030 670 1093 domestico
688 1036 719 1091 et
731 1029 814 1092 cirili
837 1029 927 1101 buno,
954 1034 988 1089 ut
1008 1026 1088 1093 nulli
1109 1026 1226 1089 homini
1248 1027 1336 1091 liceat

250 1134 433 1213 quempiam
444 1130 485 1194 ab
501 1132 555 1193 illa
567 1132 733 1193 immunem
747 1130 854 1191 tacere.
878 1178 882 1184 .

671 1318 876 1383 surrectus
886 1319 922 1382 V.

254 1472 498 1537 dammone
523 1470 750 1554 dependenticu
766 1466 1098 1533 consecracionem
1124 1467 1228 1555 quidue
1251 1468 1335 1533 homo

719 1581 866 1637 versetur.
1458 1578 1461 1584 '

290 1722 364 1784 ant.
381 1722 453 1783 Poe.
471 1720 556 1783 396¹.
568 1752 610 1766 -
623 1720 649 1781 t
660 1718 772 1800 triplici
794 1719 944 1793 societate,
960 1718 1134 1795 domestica,
1144 1719 1229 1781 civili
1241 1727 1271 1783 et
1288 1736 1336 1783 re·

251 1824 373 1900 ligioss,
386 1826 515 1901 possunt
525 1819 614 1881 varic
624 1818 704 1897 leges
715 1819 907 1881 matrimonio
920 1818 1053 1880 ineundo
1067 1820 1235 1899 provenire.

290 1926 387 1987 Peon.
402 1953 443 1967 -
458 1922 517 1996 Qui
528 1920 755 1982 matrimonium
769 1920 847 1983 inire
872 1924 995 2003 parant,
1007 1921 1040 1982 in
1063 1918 1174 2001 triplici
1197 1922 1335 1987 societate

254 2028 320 2103 jam
331 2028 446 2085 natura
457 2038 515 2083 sua
527 2027 685 2082 versantur
700 2036 709 2080 t
723 2021 755 2081 in
769 2020 942 2099 domestice,
959 2021 992 2082 in
1005 2020 1086 2082 cirili
1099 2025 1129 2082 et
1141 2022 1333 2100 inreligiosa.

256 2126 430 2203 Unicuique
445 2122 558 2185 harum
572 2124 750 2184 societatum
761 2126 860 2183 certus
872 2120 943 2182 finis
956 2122 1178 2201 propositusest
1185 2138 1239 2202 per
1257 2128 1337 2185 certe

259 2224 360 2287 media
369 2209 615 2302 consequendos.
631 2222 686 2283 llis
704 2228 805 2284 autem
828 2220 949 2296 mediis,
962 2222 1204 2300 quotiescunque
1217 2222 1255 2284 ed
1266 2240 1337 2303 pro·

260 2323 358 2401 prium
369 2337 478 2383 esrom
488 2322 664 2383 societatum
678 2320 771 2381 tinem
785 2319 848 2380 sint
857 2336 982 2398 prorsus
996 2321 1175 2396 necessaria,
1191 2327 1244 2382 aut
1253 2324 1337 2399 Juste

266 2419 421 2497 alegitima
433 2420 609 2480 auctoritate
622 2419 812 2498 prescripta,
825 2416 950 2479 totidem
963 2414 1060 2479 officia
1070 2434 1088 2479 a
1099 2416 1186 2479 sociis
1200 2417 1342 2481 omnibus

262 2520 401 2582 cenanda
424 2518 616 2599 respondent.
629 2520 710 2580 luter
723 2517 787 2579 hoc
800 2515 897 2579 officia
911 2523 1009 2599 potest
1018 2514 1142 2595 aliquod
1157 2534 1222 2581 esse
1233 2522 1340 2600 eonju-

257 2618 376 2697 galinus
385 2616 496 2678 officiis
509 2615 598 2695 plane
617 2614 790 2692 adversum,
803 2632 876 2679 cum
889 2616 990 2695 iisque
1003 2617 1047 2677 ita
1059 2633 1195 2702 pugnare
1205 2624 1240 2680 ut
1252 2617 1341 2682 nullo

254 2725 336 2799 pecto
347 2718 523 2799 possiteum
538 2714 646 2777 iisdem
659 2714 823 2779 conciliari.
839 2719 939 2779 Potest
951 2717 1042 2779 etiam
1056 2733 1162 2779 eorum
1172 2716 1340 2782 officiorum

253 2818 375 2900 aliquod
388 2817 541 2880 adversari
566 2816 758 2879 matrimonio
773 2832 834 2880 non
848 2816 973 2897 quidem
1001 2818 1179 2900 simpliciter
1202 2819 1338 2884 conside-

253 2929 329 2998 rato,
352 2919 410 2982 sed
431 2918 533 2981 solum
545 2924 581 2979 ut
593 2918 797 2981 contrahendo
821 2935 892 2980 cum
916 2919 973 2979 hoc
994 2918 1042 2981 vol
1063 2919 1117 2981 illo
1139 2937 1337 2999 personarum
1458 2955 1464 2974 .

250 3039 362 3101 genere
374 3022 412 3082 in
424 3021 629 3102 peculiaribus
640 3019 826 3098 quibusdam
849 3019 1080 3079 circumstantiis
1093 3020 1333 3080 constitutorum.

288 3123 384 3199 ano,
399 3137 497 3199 quum
511 3119 610 3181 officia
625 3119 687 3194 illa,
709 3135 746 3180 ex
757 3118 848 3180 ramis
866 3116 1018 3196 ejusmodi
1032 3115 1220 3178 societatibus
1231 3133 1335 3197 prore·

250 3224 379 3295 nientia,
395 3223 458 3283 sint
470 3223 629 3298 anteriora,
643 3228 673 3284 et
688 3222 815 3302 perfecte
829 3224 899 3284 ante
912 3219 1141 3280 matrimonium
1154 3220 1335 3283 contrahen-

250 3322 324 3384 dum
338 3321 488 3400 obligent,
508 3321 756 3402 perpendendum
775 3318 935 3398 diligenter
947 3319 1016 3395 erit,
1029 3335 1127 3398 quum
1145 3319 1255 3398 aliquis
1267 3337 1336 3383 con·

247 3424 372 3502 jugium
387 3422 467 3482 inire
492 3420 664 3498 meditatur,
681 3419 840 3499 numquod
861 3417 1014 3497 ejnemodi
1030 3418 1280 3500 impedimentum
1300 3437 1337 3484 ex

249 3520 490 3601 procedentibus
505 3519 611 3583 officiis
625 3521 785 3584 socialibus
798 3519 905 3582 obstet.

288 3625 360 3684 822.
379 3621 450 3684 Pos.
467 3621 550 3684 397·.
563 3653 601 3666 -
618 3623 644 3683 Α
663 3622 801 3683 societate
824 3620 985 3682 domestica
1010 3619 1146 3700 provenit
1168 3619 1218 3682 lex
1231 3622 1334 3684 matri·

250 3723 394 3784 menium
429 3721 594 3801 prohibens
615 3720 654 3784 eb
681 3720 986 3799 consanguinitatem,
1009 3717 1058 3782 vel
1084 3717 1269 3783 rectilineam
1282 3722 1333 3784 rel

249 3821 465 3900 collateralem,
477 3828 568 3900 atque
579 3821 618 3882 ob
628 3820 815 3883 affinitatem.

290 3926 479 3988 norimus.
494 3953 536 3969 -
547 3922 797 4000 consanguinitas
813 3921 966 3984 rectilinea
986 3924 1030 3983 est
1043 3937 1079 3982 ea
1098 3937 1166 3999 quae
1189 3921 1270 3998 inter
1282 3939 1334 4003 pa·

253 4031 355 4086 rentes
369 4028 401 4085 et
411 4021 492 4085 filios
506 4021 662 4084 intercedit
674 4008 872 4084 :collateralis
884 4037 956 4084 vero
974 4025 1018 4083 est
1032 4035 1069 4082 ea
1089 4036 1150 4100 qua
1161 4017 1267 4083 tratres
1281 4030 1334 4084 aut

249 4142 377 4198 sorores,
392 4130 423 4186 et
441 4124 569 4184 tranum
582 4122 631 4185 sel
644 4139 780 4185 summm
795 4121 852 4183 tilii
867 4123 946 4184 inter
961 4139 993 4184 se
1006 4121 1240 4200 conjunguntur.
1256 4121 1334 4184 Alii-

248 4226 326 4286 nitas
335 4229 384 4285 est
395 4223 502 4284 relatio
512 4222 731 4300 conjunctionis
737 4221 903 4303 personalis
913 4221 1062 4283 interndn
1073 4221 1332 4304 comanguineum

248 4333 276 4384 et
291 4326 457 4403 conjugem
471 4323 695 4400 consanguinei.

285 4428 382 4488 esee.
405 4439 472 4486 ros.
503 4429 534 4484 ι·
561 4429 749 4486 snus-1·
775 4428 857 4487 inter
877 4427 1052 4504 conjunctos
1076 4428 1332 4506 consanguinitate

250 4528 405 4589 rectilinea
427 4531 473 4586 est
496 4524 697 4587 immutabilis
717 4525 823 4588 relatio
848 4527 1011 4606 superioris
1024 4532 1055 4588 et
1073 4526 1188 4589 subditi
1201 4545 1269 4607 quae
1283 4545 1333 4591 es-

249 4627 414 4690 sentialiter
428 4629 580 4706 repugnat
592 4627 784 4688 matrimonio
800 4628 878 4689 inter
891 4643 942 4710 eos
954 4628 1121 4706 iungendo.
1139 4631 1214 4692 Nam
1227 4629 1335 4690 matri·

250 4731 351 4790 monio
365 4727 528 4789 essentiale
546 4732 593 4788 est
602 4729 772 4789 societatem
781 4729 909 4808 perlecto
922 4729 1079 4790 amicalem
1094 4729 1172 4790 inter
1189 4733 1334 4809 conjuges

250 4827 400 4890 inducere.
421 4827 513 4906 Atqui
536 4828 660 4889 societas
682 4827 828 4905 amicalis,
842 4829 960 4908 proprie
968 4828 1057 4907 dicta,
1070 4833 1106 4889 ut
1116 4844 1185 4908 quse
1206 4827 1329 4906 aequali·
