3559 5675
570 756 691 805 'sustu
713 778 755 793 -
775 764 859 810 uses
879 766 1028 815 sorriana.
1305 758 1345 821 db

260 875 378 921 novum
388 862 573 941 eonjugium
585 880 657 927 cum
669 866 729 927 alia
741 885 868 948 persona
880 871 1011 951 ineatur,
1022 872 1120 953 priore
1133 873 1237 938 relicta
1249 890 1258 937 ι
1272 882 1344 939 tunc

258 960 343 1020 enim
359 960 433 1021 linis
446 964 633 1025 matrimonii
640 967 706 1042 jam
719 968 824 1045 neqmt
839 971 970 1051 amplius
981 972 1121 1035 obtineri.
1135 976 1224 1053 Ergo,
1241 980 1297 1037 etc.

296 1059 330 1120 3ο
344 1059 432 1139 Filii,
445 1065 691 1142 quamprimum
705 1067 902 1147 adoleverint,
915 1072 981 1151 lege
993 1074 1122 1137 naturali
1137 1078 1277 1137 tenentur
1290 1087 1342 1156 pa·

257 1159 397 1223 mutibus
405 1164 633 1227 senescentibus
645 1183 696 1229 eas
710 1184 799 1231 curas
809 1171 966 1234 restituere
976 1190 1028 1253 per
1038 1190 1114 1254 quas
1125 1176 1182 1256 ipsi
1196 1176 1235 1239 ad
1249 1176 1342 1239 vitam

255 1259 419 1339 physicam
427 1268 457 1323 et
465 1264 612 1327 moralem
621 1266 739 1331 educati
748 1270 883 1333 inerunt.
890 1273 993 1351 ittam,
1005 1281 1041 1336 ut
1049 1275 1218 1338 hocallliis
1230 1274 1343 1342 adultis

256 1354 456 1429 tatum
466 1369 627 1427 osteorum
637 1374 775 1447 parentes
784 1375 1342 1452 perpetuooonjunctoemanerernam

256 1462 282 1520 si
297 1460 448 1525 alteruter
458 1472 629 1545 parentum,
639 1469 735 1532 altero
747 1474 918 1551 superstite,
932 1473 1039 1536 adalia
1049 1478 1187 1555 anugia
1198 1482 1340 1553 trmseet‚

256 1566 287 1619 et
303 1559 361 1621 filii
376 1578 415 1623 ex
429 1565 529 1643 priore
543 1569 685 1646 conjugio
704 1569 787 1631 enati
797 1574 832 1655 ,et
848 1570 925 1633 alter
943 1574 1055 1651 conjux
1073 1573 1152 1635 nibil
1165 1592 1197 1637 se
1212 1575 1258 1637 illi
1273 1594 1342 1641 am·-

255 1657 339 1737 plius
348 1659 462 1724 debere
472 1679 535 1726 non
546 1666 659 1743 inp'uria
669 1668 894 1731 existimabunt.
906 1672 985 1749 Ergo
998 1673 1144 1736 naturalis
1157 1674 1241 1747 ordo,
1252 1676 1341 1737 sicuti

255 1755 314 1819 boc
327 1758 467 1823 offidum
488 1763 559 1825 tiliis
578 1766 688 1829 adultis
704 1768 844 1847 imponit,
863 1770 906 1831 sic
926 1772 1017 1833 etiam
1031 1773 1159 1835 unitatis
1173 1774 1341 1838 domestice

256 1862 757 1938 perpemitatem,adhocoffioium
767 1867 958 1949 implendum
969 1874 1182 1952 necessariam,
1193 1874 1339 1955 precipit.

296 1960 331 2021 t·
352 1962 583 2026 ttatrimoninm
602 1974 648 2029 est
672 1967 796 2031 societte
817 1970 948 2033 maxime
968 1973 1104 2037 amicalis
1126 1972 1221 2052 (811).
1247 1975 1340 2053 Atqui

258 2064 383 2127 societas
402 2064 542 2128 amicalis
562 2074 667 2147 suapte
687 2075 795 2131 nature
811 2072 1004 2151 permittet
1022 2074 1062 2135 sit
1079 2079 1221 2155 perpetua
1241 2074 1338 2155 (792).

259 2164 296 2223 Et
304 2182 375 2227 vero
387 2164 583 2229 vehementer
591 2169 706 2231 rationi
720 2169 779 2231 hoc
797 2187 966 2250 repugnare
982 2172 1179 2235 manifestum
1191 2178 1249 2249 eet,
1264 2170 1341 2235 duas

260 2283 401 2344 persoms
415 2284 485 2347 qua
498 2270 696 2332 secretissima
715 2286 846 2350 quaeque
865 2271 991 2335 consilia
1010 2279 1040 2334 et
1064 2274 1185 2337 intimos
1205 2288 1340 2351 quosque

264 2363 383 2429 mecm
396 2374 427 2430 et
444 2369 601 2433 entissime
618 2388 746 2449 quemve
763 2371 885 2448 negotia
904 2372 1051 2451 reciproce
1066 2374 1147 2434 inter
1160 2390 1193 2435 se
1206 2388 1342 2434 commu-

265 2466 435 2541 nicaverint,
450 2475 482 2531 et
496 2470 528 2531 in
543 2470 664 2531 assidua
677 2476 707 2532 et
724 2470 856 2532 maxime
869 2469 1013 2532 familiari
1030 2471 1247 2533 consuetudine
1261 2472 1342 2535 vixe-

262 2566 331 2641 rint,
351 2568 420 2629 talis
437 2570 577 2631 amicitia
595 2568 723 2633 vinculis
739 2570 898 2652 disruptis,
912 2576 1043 2634 veterem
1062 2572 1130 2634 vita
1149 2571 1340 2635 eonsuemdi·

258 2682 328 2727 nem
350 2670 500 2748 rejiciant.
522 2678 558 2731 ut
579 2686 691 2733 norem
713 2688 783 2735 cum
808 2670 869 2734 alia
890 2688 1018 2753 persona
1037 2672 1206 2736 societatem
1225 2674 1337 2735 ineant.

257 2768 346 2844 Ergo,
360 2774 419 2829 etc.

293 2870 326 2929 5·
339 2871 527 2931 tlatrimomi
541 2876 648 2934 natura
664 2872 728 2952 ipsa
738 2872 869 2952 requirit
878 2870 1001 2952 plenem
1013 2873 1093 2935 inter
1105 2875 1250 2952 conjuges
1263 2870 1341 2934 ildu-

254 2968 334 3028 eiam
351 2969 540 3047 reciprocam
559 2987 595 3031 ox
615 2970 786 3032 rationabili
801 2971 1023 3033 existimatione
1037 2971 1187 3053 reciproca
1208 2975 1339 3033 enatam.

255 3069 346 3146 Atqui
360 3085 499 3148 persorm
520 3087 590 3149 qum
612 3071 744 3150 priorem
767 3073 932 3148 conjugem
952 3069 1129 3150 deseruerit,
1150 3085 1342 3149 nequaquem

254 3175 351 3248 potest
364 3170 585 3232 rationabiliter
606 3172 676 3234 talis
699 3169 895 3245 existimatio,
914 3169 1048 3248 adeoque
1070 3185 1126 3232 neo
1143 3169 1252 3231 fiducia
1271 3183 1342 3247 erga

256 3269 342 3330 ittam
366 3270 487 3332 baberi.
508 3273 567 3346 Qui
584 3273 667 3335 enim
695 3273 827 3353 priorem
849 3271 1012 3349 conjugem
1033 3269 1172 3350 repudiat
1192 3276 1227 3333 ut
1248 3285 1342 3334 noves

254 3371 378 3450 nuptias
405 3369 508 3447 adeat,
532 3377 563 3433 et
586 3372 706 3435 malum
732 3373 867 3435 amicum
886 3376 917 3433 et
938 3371 1160 3434 inconstantem
1183 3370 1341 3434 hominem

254 3471 412 3532 evidenter
424 3487 459 3532 se
473 3489 538 3534 esse
552 3472 690 3534 ostendit.
708 3474 788 3550 ltrgo
804 3471 915 3551 prioris
928 3469 1115 3532 matrimonii
1132 3467 1245 3532 solutio
1265 3475 1340 3551 apte

253 3572 429 3650 posterioris
460 3574 666 3652 conjunctioni
701 3571 873 3636 necessario
906 3570 1093 3634 adversatur.
1121 3569 1213 3648 Atqui
1238 3575 1341 3632 tamen

253 3673 338 3752 prins
350 3673 531 3751 eonjugium
544 3672 653 3735 idcireo
665 3672 895 3747 dissolveretur,
906 3677 940 3734 ut
953 3671 1085 3732 alterrmt
1099 3670 1231 3732 ineatm.
1247 3669 1339 3747 nrgo,

254 3777 333 3836 sicat
341 3775 496 3855 posterius
507 3773 699 3853 coniugium,
713 3772 813 3853 priore
826 3772 957 3848 conjuge
970 3770 1140 3850 superstite,
1155 3767 1260 3848 nequit
1271 3771 1341 3847 apte

250 3878 340 3953 Juxta
352 3881 472 3936 natura
485 3875 568 3952 leges
581 3875 669 3953 adiri,
683 3875 729 3935 ite
741 3873 835 3934 etiam
851 3877 931 3932 recto
944 3870 1070 3931 rationis
1080 3868 1179 3932 ordini
1192 3870 1342 3950 repugnat

254 3977 339 4054 prins
355 3975 539 4053 coniugium
559 3973 683 4036 dissolri
705 3979 741 4035 nt
752 3973 902 4053 posterius
920 3970 1000 4032 illud
1013 3969 1148 4032 adeatur.

293 4078 327 4138 6⁰
342 4076 514 4138 tlivortium
535 4077 562 4137 ei
581 4075 702 4153 conjugi
714 4074 768 4152 qui
786 4073 825 4135 ab
838 4072 931 4134 altero
948 4071 1132 4151 repudiatur,
1150 4083 1271 4148 gravem
1286 4067 1339 4130 in·

252 4179 370 4254 iuriam
391 4177 494 4238 intert.

293 4283 373 4341 Nam
394 4283 422 4338 l.
447 4278 502 4355 qui
523 4279 634 4355 conjux
657 4276 787 4338 alterum
809 4271 960 4354 repudiat,
980 4277 1111 4334 veterem
1135 4266 1342 4332 existimatio-

255 4395 338 4457 nem,
362 4377 508 4440 tiduciam
529 4383 561 4438 et
577 4377 717 4438 intimam
740 4373 993 4438 consuetudinem
1014 4388 1102 4433 sueni
1121 4370 1167 4432 illi
1183 4368 1293 4444 aulert,
1306 4371 1342 4430 nt

256 4481 562 4559 inaliampersonam
571 4479 636 4540 hac
644 4477 748 4540 omnia
758 4475 930 4538 transierat.
942 4475 1044 4551 tiqui,
1056 4474 1082 4533 si
1092 4471 1241 4551 hosdem
1252 4469 1341 4530 domo

253 4583 361 4659 eiicere
375 4581 561 4658 injuriosum
574 4586 629 4652 est,
647 4579 745 4640 multo
761 4577 887 4655 majoris
904 4574 1026 4653 injurie
1040 4573 1096 4634 erit
1114 4588 1181 4634 eum
1196 4587 1214 4633 a
1228 4585 1260 4630 se
1273 4581 1343 4646 pro·

254 4681 302 4743 cul
324 4679 491 4744 amandare
511 4696 685 4759 personam,
709 4693 805 4758 quem
829 4676 900 4754 quis
924 4673 1055 4751 elegerat
1075 4677 1243 4734 consortem
1268 4663 1342 4728 tenti

252 4785 363 4863 opert,
377 4787 531 4862 quantum
548 4788 594 4844 est
607 4797 685 4844 nova
708 4775 965 4842 entiaretionalia
979 4789 1147 4852 procreare,
1161 4783 1254 4929 ἓοιοι
1266 4761 1342 4826 divi·

384 4897 419 4947 ιι.
