3559 5675
548 751 656 798 sunna.
682 768 726 808 ·-‚
740 753 824 800 cisen
847 755 1037 802 oeconomus.
1265 727 1323 805 otu

244 853 306 912 vim
325 853 436 918 babere
458 857 491 919 in
514 835 661 920 animam
676 859 902 939 Apostolorum,
920 878 1051 938 qnorum
1077 871 1186 924 nmen·
1199 877 1323 942 corpora

244 954 362 1029 possint
372 955 514 1018 occidere.
524 960 627 1036 Atqui,
637 961 663 1020 si
673 977 691 1020 a
702 960 778 1022 laica
789 966 932 1038 potestate
943 962 1074 1041 Apostoli
1086 963 1116 1022 in
1130 963 1166 1024 iis
1180 981 1246 1041 urire
1259 983 1322 1042 per·-

244 1055 343 1113 tinent
362 1055 396 1115 ad
422 1059 625 1134 evangelium,
644 1058 856 1147 dependerent,
870 1061 1024 1136 ⁴heberent
1038 1063 1168 1141 prolecto
1183 1080 1267 1140 reges
1289 1081 1323 1125 ac

239 1154 387 1229 presides
400 1157 533 1235 aliquam
550 1159 613 1220 rim
627 1161 664 1220 in
686 1161 819 1221 animam
837 1161 934 1240 ipsam
950 1161 1168 1240 Apostolorum
1176 1177 1186 1238 3
1203 1169 1323 1240 possent

238 1255 324 1312 enim
340 1254 410 1317 illos
424 1259 488 1318 suis
498 1261 651 1338 praeceptis
665 1261 819 1322 moraliter
828 1262 973 1341 obligare,
987 1279 1079 1339 quam
1094 1263 1237 1323 moralem
1248 1263 1324 1323 obli·

239 1353 396 1427 gallonem
409 1357 435 1416 si
458 1359 589 1435 Apostoli
608 1359 767 1433 violarent,
785 1377 889 1420 eorum
904 1362 1004 1421 anirna
1024 1360 1218 1438 occideretur,
1233 1367 1323 1440 atque

239 1449 280 1510 ad
293 1452 464 1527 gebennam
477 1463 557 1516 essct
567 1458 764 1518 mittenda-
774 1462 928 1534 Praeterea,
942 1476 1040 1536 quum
1055 1461 1154 1521 omnis
1166 1461 1324 1522 auctoritas

240 1552 381 1612 bumana
393 1555 431 1613 sit
444 1554 552 1616 divine
568 1559 751 1618 auctoritatis
771 1559 957 1636 participatio
972 1559 1064 1639 (327),
1080 1560 1253 1638 quicunque
1266 1561 1323 1620 bu-

239 1665 345 1710 mana
359 1655 528 1713 auctoritati
542 1656 668 1733 resistit,
684 1657 744 1717 Deo
764 1658 884 1718 resistit.
906 1659 997 1735 Atqui
1019 1658 1158 1719 Christus
1177 1661 1323 1720 Domitius

237 1753 346 1827 aperte
359 1749 455 1829 docet,
470 1753 626 1832 Apostolos
639 1755 724 1815 laicas
743 1757 880 1833 potestati
901 1757 930 1816 in
952 1757 989 1816 iis
1003 1774 1071 1834 qnae
1084 1757 1118 1816 ad
1133 1758 1323 1834 evangelium

237 1855 389 1928 spectant,
412 1852 586 1924 resistendo,
610 1871 802 1932 nequaquam
822 1859 881 1917 beo
906 1857 1052 1933 resistere,
1074 1851 1125 1918 sed
1148 1859 1246 1935 potius
1265 1859 1324 1920 ileo

239 1950 373 2027 [eiecere.
391 1953 466 2010 Nam
479 1952 600 2028 regibus
610 1970 644 2013 ac
656 1956 834 2032 presidibus
847 1957 901 2034 qui
914 1964 1042 2035 possunt
1053 1971 1161 2036 corpus
1180 1958 1323 2034 occidere,

237 2049 367 2126 opponit
378 2051 524 2112 Dominus
538 2068 608 2112 eum
622 2055 675 2130 qrri
690 2061 790 2134 potest
803 2061 833 2115 et
846 2057 980 2117 animam
996 2063 1025 2118 et
1037 2073 1144 2136 corpus
1159 2059 1278 2136 perdere
1293 2059 1325 2119 in

240 2148 431 2224 gebennam,
453 2167 562 2231 rrernpe
578 2151 712 2212 diuinam
730 2155 956 2233 auctoritatem
972 2164 1133 2233 monetque
1151 2163 1185 2216 ut
1205 2157 1325 2220 illosne

240 2250 382 2320 timeant,
398 2249 451 2310 sed
472 2253 571 2328 potius
584 2251 667 2312 bnnc
689 2269 788 2312 unum
806 2253 1026 2331 pertimescant.
1050 2257 1128 2330 Ergo
1149 2272 1210 2316 non
1224 2259 1325 2318 solum

241 2363 309 2407 non
320 2349 409 2426 jubet
426 2351 582 2430 Aptntolos
601 2352 684 2412 laicae
699 2353 848 2430 potestati,
865 2367 962 2428 quum
982 2351 1019 2414 de
1040 2355 1195 2430 evangelio
1214 2357 1324 2432 egitur,

243 2444 382 2525 obedire,
396 2448 448 2509 sed
462 2450 596 2528 precipit
609 2451 794 2527 gravissimis
807 2451 906 2512 uerbis
921 2459 955 2511 ut
968 2452 1089 2528 regibus
1101 2469 1135 2513 ec
1148 2453 1325 2531 presidibus

245 2547 399 2624 resistant,
416 2550 448 2609 in
459 2549 629 2626 gebennam
638 2550 795 2630 perdendi,
809 2553 834 2611 si
844 2569 897 2631 per
912 2551 1062 2628 ignaviam
1077 2552 1209 2632 profanis
1220 2567 1324 2613 corum

245 2650 343 2724 jussis
355 2647 386 2710 in
396 2667 429 2711 re
441 2651 612 2728 evangelica
624 2669 740 2714 morem
753 2659 868 2729 gerant.
883 2655 959 2730 11131
973 2653 1059 2715 nullo
1072 2659 1158 2733 pacto
1170 2653 1326 2733 Apostolos

247 2751 284 2809 in
305 2749 467 2811 christiana
481 2769 514 2812 re
536 2753 695 2813 assentari
718 2759 858 2832 potestate
876 2753 1006 2831 pendere
1026 2754 1162 2814 Christus
1181 2755 1327 2814 Dominus

248 2850 300 2911 bis
313 2851 415 2912 verbis
430 2851 600 2913 denuntiat.

292 2952 339 3011 lt'.
351 2953 386 3012 ln
397 2953 435 3014 iis
444 2964 512 3030 qua
522 2954 559 3014 sd
571 2954 622 3014 Dei
633 2955 750 3016 cultum
763 2956 976 3031 internumque
987 2954 1081 3013 animi
1092 2952 1227 3014 ordinem
1240 2954 1328 3015 unice

247 3058 396 3131 spectant,
417 3052 506 3114 nullo
521 3060 606 3131 pacto
626 3054 764 3115 homines
785 3054 922 3131 singulos
944 3052 1156 3129 humanasque
1175 3054 1328 3115 societates

246 3170 267 3211 a
280 3150 409 3211 seculari
423 3158 563 3230 potestate
577 3154 707 3232 pendere
721 3154 913 3214 notissimum
931 3153 1015 3213 omni
1029 3168 1146 3230 semper
1160 3157 1243 3211 etate
1257 3152 1325 3211 tuit.

246 3249 451 3311 (bleberrima
465 3258 520 3329 est,
536 3255 614 3314 inter
627 3254 686 3314 alia
699 3252 836 3331 exempla
849 3252 1022 3327 innumera,
1035 3252 1127 3313 trium
1137 3250 1326 3340 'belrraeorum
1363 3252 1368 3255 ’

241 3354 399 3427 ,iuvenum
411 3354 590 3427 constantia,
602 3353 654 3429 qui
669 3368 767 3429 aroge
781 3354 972 3429 Assyriorum
984 3368 1110 3412 aureum
1123 3352 1243 3427 siguum
1256 3350 1329 3413 ado·

246 3466 317 3509 rara
332 3452 426 3527 jussi,
447 3468 518 3511 cum
538 3452 631 3511 minis
651 3452 868 3531 promptissimi
887 3466 922 3512 ac
943 3451 1101 3512 sanissimi
1123 3450 1273 3530 supplicii,
1296 3450 1328 3510 ni

246 3550 351 3609 statim
364 3550 529 3627 obedirent,
545 3552 707 3612 fortissima
725 3552 778 3612 illa
794 3550 1033 3631 responderunt:
1048 3573 1062 3606 e
1075 3552 1141 3612 Non
1152 3556 1266 3631 oportet
1275 3567 1329 3611 nos

249 3648 290 3708 de
304 3648 362 3709 bac
375 3667 408 3708 re
426 3650 604 3729 respondere
619 3651 725 3711 tibi...-.
746 3652 855 3711 Notum
872 3651 911 3711 sil
924 3651 991 3725 tibi,
1006 3666 1071 3725 rex,
1085 3651 1157 3727 quia
1177 3650 1248 3711 deos
1263 3657 1330 3711 tuiis

251 3764 317 3808 non
338 3749 480 3825 colimus,
503 3758 532 3810 et
559 3757 687 3813 statuam
712 3766 844 3820 auream,
868 3765 960 3825 qrram
980 3750 1118 3823 erexisti,
1144 3765 1204 3813 nun
1226 3750 1329 3809 adura·

248 3864 323 3907 mus
337 3870 354 3904 n
370 3847 423 3926 (a).
437 3852 536 3923 Quam
552 3852 641 3911 trium
654 3852 800 3925 iuvenum
813 3849 1011 3909 constantiam
1024 3846 1165 3926 praeclaro
1184 3848 1331 3908 miraculo

249 3952 331 4008 tiens
344 3951 557 4028 cumprobarit.
570 3953 632 4011 Nec
646 3951 750 4009 minus
764 3949 896 4009 illustria
907 3954 980 4009 sunt
993 3942 1106 4026 septem
1125 3948 1251 4007 fratrum
1265 3962 1330 4007 ma-

251 4049 365 4126 trisque
381 4066 484 4109 eorum
490 4095 500 4126 ,
518 4051 681 4111 fortissima
693 4056 723 4110 et
738 4050 958 4130 sapientissima
972 4048 1052 4110 dicta
1067 4054 1097 4109 et
1112 4048 1187 4109 lacta
1201 4049 1232 4107 in
1245 4048 1332 4108 diris-

249 4148 339 4208 simis
363 4150 545 4210 cruciatibns
563 4150 739 4228 tolerandis,
751 4166 790 4211 ne
804 4151 882 4227 regis
896 4150 981 4227 jussa
994 4149 1131 4227 religioni
1142 4164 1205 4209 suar
1218 4164 1330 4227 repug-

254 4250 359 4310 nantia
376 4251 522 4320 facerent3
534 4268 666 4328 quorum
684 4251 822 4327 ultimus,
837 4256 903 4329 post
914 4266 966 4310 sex
977 4248 1050 4310 alios
1061 4250 1164 4309 trabes
1175 4246 1332 4309 horrendis

251 4351 408 4429 suppliciis
427 4366 524 4429 nuper
541 4352 727 4430 absumptos,
748 4359 844 4411 matre
864 4350 1051 4412 sanctissima
1072 4350 1219 4425 hortante,
1231 4366 1331 4411 eoram

249 4452 347 4529 impie
367 4466 436 4526 rege
456 4452 623 4513 exclamat:
639 4475 651 4505 ι
668 4452 765 4525 Quem
786 4451 956 4512 sustinetis?
980 4453 1042 4512 Non
1062 4450 1169 4511 obedio
1191 4457 1333 4529 praecepto

248 4554 342 4629 regis,
357 4552 408 4612 sed
422 4555 567 4632 praecepto
580 4553 666 4630 legis,
682 4570 749 4629 quae
765 4552 833 4611 data
847 4559 892 4612 est
910 4552 995 4613 uobis
1010 4568 1062 4631 per
1075 4554 1217 4629 Moysen»
1233 4550 1286 4632 (b).

286 4759 445 4821 (sibenin,
459 4761 496 4817 iti,
510 4764 546 4809 lt.
560 4786 590 4797 -
600 4760 636 4822 (b)
647 4760 668 4810 11
681 4759 794 4812 11111111.
807 4774 850 4817 in,
862 4762 901 4811 30.
