3559 5675
560 763 669 812 sunus.
691 782 733 800 -
754 765 839 812 crasa
859 768 1049 823 nuooscrucc.
1275 756 1331 820 cti

256 857 330 924 dulo
342 873 389 929 est
405 869 720 948 animadvertendum,
731 874 869 952 exempla
885 875 995 936 Christi
1013 884 1042 937 et
1058 885 1203 958 praccepta
1219 895 1279 940 non
1297 877 1335 940 ed

253 963 379 1026 clericos
401 969 482 1030 solos
504 971 666 1050 pertinere,
687 973 739 1033 scd
758 975 795 1032 ad
820 974 924 1035 iideles
945 993 1062 1056 omncs,
1083 981 1144 1040 sive
1162 979 1260 1040 clerici
1273 981 1335 1040 sire

253 1061 325 1122 laici
339 1065 411 1136 sint.
427 1072 538 1142 Quare,
559 1070 586 1130 si
604 1070 743 1132 Christus
763 1088 865 1132 rerum
884 1075 1087 1136 materialium
1101 1079 1270 1140 dominium
1287 1093 1336 1140 vc·

254 1163 375 1238 ruisset,
390 1168 468 1231 nulii
478 1169 677 1245 ertidslilrus,
689 1173 751 1232 sive
760 1168 868 1232 clerico
882 1174 945 1234 sive
958 1173 1045 1253 laico,
1056 1175 1160 1238 liceret
1169 1177 1334 1256 quidquam

252 1266 419 1341 temporale
431 1267 595 1346 possidere,
608 1275 643 1352 ut
653 1271 728 1329 olim
738 1265 900 1330 Fruticettr‘
909 1272 1088 1336 docuerunt.

296 1365 430 1428 tusone.
446 1372 481 1444 3„
493 1400 529 1414 -
541 1370 594 1429 Est
604 1371 695 1429 etiam
712 1370 791 1429 illud
805 1372 966 1448 diligenter
982 1376 1162 1451 nomadum,
1180 1377 1334 1460 principiis

250 1463 371 1541 quasin
384 1463 441 1526 hac
452 1483 484 1527 re
504 1484 521 1528 a
536 1468 802 1532 Pseudo-Ponticis
815 1478 982 1551 ponuntur,
997 1489 1110 1552 purum
1124 1492 1159 1538 ac
1170 1485 1279 1556 putum
1289 1497 1336 1542 ro·

248 1559 421 1625 cadomum
431 1567 544 1628 induci.
557 1570 677 1634 litorum
690 1569 734 1630 sic
751 1569 1024 1648 illitatiocinautur
1036 1588 1045 1633 ι
1059 1575 1222 1638 Ecclesiam
1234 1577 1336 1640 Chris·

249 1669 305 1721 tus
321 1664 387 1724 sinc
404 1666 471 1726 ullo
484 1683 586 1728 rerum
603 1668 816 1748 temporalium
830 1669 966 1734 dominio
979 1675 1148 1752 constituit3
1165 1692 1237 1752 ergo
1248 1677 1337 1758 quid-

249 1762 331 1840 quid
356 1781 393 1825 ea
417 1768 567 1845 possidet,
582 1786 601 1829 a
618 1771 793 1848 principum
820 1775 1012 1836 mcccssione
1034 1779 1145 1857 accepit
1152 1795 1167 1856 3
1185 1780 1337 1859 principes

251 1875 362 1924 autem
371 1865 447 1926 dum
458 1867 524 1929 hec
534 1871 741 1944 concederent,
752 1886 810 1949 nec
825 1871 991 1946 voluerunt
1003 1891 1059 1936 nac
1070 1884 1233 1956 potuerunt
1244 1881 1336 1956 regiis

250 1965 290 2022 in
303 1981 354 2024 eas
363 1981 411 2025 res
419 1968 544 2045 juribus
557 1970 725 2048 quidquam
743 1972 909 2050 derogarc3
929 1989 1012 2051 ergo,
1028 1992 1125 2053 quum
1138 1979 1227 2054 regia
1240 1985 1336 2058 potes·

249 2073 307 2123 tati
318 2068 421 2126 omnia
431 2070 605 2146 temporalia
617 2074 679 2131 sint
691 2073 891 2136 essentialiter
906 2073 1038 2153 subdita,
1052 2078 1179 2155 plenum
1191 2081 1245 2158 jus
1257 2081 1349 2157 regi--

249 2169 314 2224 trus
327 2181 362 2241 ac
371 2165 558 2247 principuus
569 2178 615 2230 cst
625 2170 705 2232 bona
714 2171 914 2251 ecclesiastice
927 2173 986 2234 cini
1000 2176 1186 2255 vindicandi,
1201 2179 1334 2256 quoties·

249 2281 375 2342 cunque
389 2267 418 2328 id
433 2269 554 2350 publica
566 2271 749 2350 ²necessitate
762 2269 912 2350 postulari
921 2272 1074 2348 iudicent.

295 2345 390 2448 iqui
402 2365 466 2430 huc
478 2372 582 2430 omnia
594 2386 679 2448 asqce
693 2369 731 2431 de
743 2371 870 2450 privatis
883 2386 920 2432 ac
933 2370 1075 2434 civilibus
1094 2375 1344 2454 uniusoujmque.

254 2455 392 2545 hominis
404 2484 439 2530 ac
456 2468 494 2530 dc
509 2471 718 2535 aeclesiasticis
737 2472 867 2532 tortunie
882 2487 954 2532 rora
971 2473 1098 2548 suntsi
1117 2489 1213 2551 quem
1223 2473 1338 2538 habent

255 2569 422 2628 veritatem.
442 2571 517 2630 liam
535 2585 790 2650 unumquemque
802 2571 1062 2634 etrurnhominem
1074 2573 1268 2638 individuum
1280 2593 1337 2638 na·

257 2677 328 2730 tura
338 2669 443 2732 eduxit
453 2673 519 2734 aina
532 2672 598 2734 ullo
612 2688 715 2733 mrum
727 2675 939 2751 temporalium
951 2673 1100 2736 dominio.
1117 2676 1195 2751 Ergo
1207 2676 1337 2754 privatas

258 2771 350 2830 etism
363 2772 606 2853 uniuscnjusque
620 2776 693 2834 civis
712 2787 785 2853 opes
797 2774 906 2852 poterit
919 2776 1068 2854 princepe,
1090 2775 1340 2855 quandocunque

255 2871 303 2930 rlii
316 2872 354 2929 sd
372 2873 530 2956 publicum
542 2877 658 2935 nonum
676 2878 828 2957 pertinere
845 2874 877 2935 id
890 2876 1055 2952 videbitur,
1070 2875 1211 2937 invadere
1229 2892 1264 2937 ac
1282 2884 1334 2954 pei

256 2987 321 3029 vim
335 2986 490 3050 occupare.

298 3068 429 3136 theom.
442 3074 676 3150 deunculum
688 3078 743 3154 jus
756 3076 929 3154 possidendi
948 3076 1029 3137 bona
1042 3076 1165 3139 mobilia
1181 3084 1211 3137 et
1227 3079 1337 3139 immo-

254 3174 332 3233 lsilra
341 3175 437 3232 oritur
451 3174 623 3235 immediate
637 3178 734 3253 ajuro
748 3178 894 3236 existendi
908 3178 1018 3253 suique
1027 3177 1238 3255 consecrandi,
1246 3180 1336 3255 eique

255 3276 582 3354 erasquorespcndet,
593 3277 717 3337 tamilla
727 3277 948 3352 ltadgiosorum
963 3292 1017 3337 sau
1035 3276 1246 3352 segusium,
1260 3284 1338 3338 sicut

256 3376 431 3458 habentius
441 3376 588 3437 existmdi
600 3378 912 3455 iuquocuuquatoco,
922 3392 985 3439 non
996 3392 1083 3454 eccm
1093 3392 1128 3439 ac
1138 3377 1204 3439 alia
1215 3379 1343 3445 tanitico

255 3475 411 3555 qualibet,
427 3477 662 3558 independenter
674 3498 694 3539 a
705 3494 889 3555 quacunque
910 3477 993 3541 laice
1016 3479 1272 3559 praeacuentes
1290 3482 1340 3541 rel

256 3578 462 3654 concessione,
483 3580 527 3639 lta
549 3580 643 3641 ctiam
660 3579 897 3662 independenter
915 3580 953 3643 ab
974 3581 1058 3641 omni
1078 3578 1174 3658 hujus
1188 3584 1340 3658 potestatis

256 3680 449 3739 concessione
470 3679 585 3741 habent
604 3679 731 3758 plenum
748 3682 973 3764 perlectumque
990 3683 1043 3757 J'us
1063 3679 1143 3741 bona
1164 3681 1289 3741 mobilia
1310 3689 1341 3742 et

258 3777 428 3838 immobilia
448 3780 632 3857 possidendi.
656 3785 842 3857 Quapropter
861 3779 937 3841 laica
963 3787 1113 3857 potestas,
1130 3780 1219 3839 sicud
1235 3782 1342 3855 nequit

256 3877 320 3937 uisi
342 3894 394 3955 per
414 3879 600 3954 tyrannicam
619 3879 812 3957 iniquitatem
832 3877 979 3957 impedire
1001 3892 1041 3937 nc
1059 3877 1219 3953 Regularie
1237 3878 1341 3955 aliqua

254 3976 375 4037 tamilla
380 3979 414 4037 in
426 3978 514 4040 terrie
526 3980 710 4039 illisunditis
722 3980 862 4039 consistat
871 3992 907 4037 sc
917 3976 1092 4055 tranquille,
1105 3976 1222 4037 nemini
1232 3986 1340 4039 utcuu·

255 4092 319 4153 que
333 4092 456 4156 nocens,
470 4087 684 4154 commoretur,
706 4080 749 4139 ita
760 4080 867 4155 nequit
880 4078 942 4137 ursi
956 4092 1009 4154 pei·
1023 4074 1204 4151 sacrilegum
1217 4076 1340 4135 latroci-

256 4158 540 4252 nium'ttequtsrem
554 4177 650 4237 ullam
660 4178 810 4237 tamiliam
822 4176 952 4255 spoliare
966 4174 1031 4235 ulia
1043 4180 1124 4252 parto
1138 4174 1287 4235 nouorum
1301 4176 1340 4235 alr

254 4294 294 4335 ea
306 4275 442 4351 legitime
455 4279 682 4353 acquisitorum.
697 4281 784 4351 Quod
798 4281 824 4338 ei
834 4294 887 4357 per·
902 4277 1090 4355 ipramtlcam
1103 4274 1255 4337 licentiam
1265 4278 1338 4337 velit

253 4380 383 4436 omnino
398 4376 475 4437 laica
486 4386 617 4455 potestas
634 4378 809 4457 religiosam
824 4379 961 4454 aliquam
983 4376 1133 4437 lautitiam
1155 4374 1188 4437 iu
1209 4375 1274 4438 suis
1290 4392 1339 4439 re·

251 4477 398 4551 gionilrus
414 4477 483 4551 jun
498 4479 746 4537 consistentema
768 4478 834 4540 sule
852 4476 966 4536 duilius
980 4488 1118 4549 educere,
1139 4474 1221 4537 bona
1239 4482 1341 4535 tamon

252 4576 475 4635 dimiscritis
487 4576 729 4638 velmulriliavci
740 4576 923 4653 immobilia,
935 4576 1012 4635 sicut
1024 4574 1234 4635 atiuslarniliae
1245 4576 1342 4635 civilis

247 4676 417 4754 cujuslicet
429 4679 572 4755 innoxias,
583 4680 690 4757 nequit
701 4680 846 4755 ultojure
855 4678 915 4737 sibi
930 4676 1100 4748 rinditarc3
1113 4677 1203 4753 eique
1215 4676 1339 4737 familia

249 4784 405 4861 religiosas
425 4784 469 4843 sic
491 4786 681 4863 tyrannicos
702 4780 909 4843 suisscdiirus
935 4778 1080 4861 expulsa,
1103 4779 1151 4839 vol
1174 4780 1331 4841 auctoritct
