3559 5675
484 698 544 763 oct
891 708 971 753 roais
992 708 1149 753 samatus

485 837 592 883 aarum
616 818 696 898 apard
720 818 889 879 societatem
911 814 995 875 itiam
1019 815 1242 893 propagandum
1266 816 1416 881 auctoritati
1434 835 1510 897 mope-

485 928 599 982 rentur.
614 920 645 979 Si
659 936 730 979 vero
741 924 787 979 cst
798 915 940 992 indebita,
956 916 988 973 in
1009 914 1179 990 neglectum
1193 924 1222 976 et
1235 918 1408 979 oscitantiam
1419 919 1510 996 recidit;

485 1038 662 1100 quanquam
684 1018 741 1079 irco
764 1016 1048 1091 tolerantiaegcnus,
1070 1023 1105 1075 ut
1129 1016 1210 1093 quod
1234 1006 1328 1095 magis
1352 1019 1511 1089 voluptarium

485 1130 542 1199 est,
563 1125 677 1199 majore
690 1120 780 1180 otiam
793 1116 949 1177 seueritate
963 1121 1008 1175 cst
1021 1117 1155 1181 aviciois
1167 1118 1499 1196 gentibuscastigaodun.

527 1225 686 1295 (Lutorrrm,
711 1220 743 1279 iu
767 1217 904 1296 qualibet
928 1216 1065 1277 societate
1088 1218 1246 1279 auctoritas
1272 1219 1399 1296 legitima
1413 1227 1514 1281 concute

486 1330 614 1403 spectata
628 1321 710 1381 sacia
721 1318 864 1381 doctrinis
876 1320 966 1393 atque
984 1316 1083 1377 ordini
1101 1316 1217 1393 sociali,
1231 1323 1265 1378 ut
1276 1318 1440 1397 plurimum,
1451 1320 1513 1379 iuret.

488 1425 594 1501 igitur,
617 1419 762 1499 quamdiu
782 1418 918 1494 legitima
939 1417 1098 1477 auctoritas
1122 1418 1203 1497 apud
1222 1420 1386 1481 societatem
1399 1420 1516 1498 parturba-

488 1532 549 1585 tam
562 1520 821 1591 aatisvalidaatat,
831 1516 1060 1594 nonagentos,
1073 1517 1156 1577 iltius
1166 1520 1238 1594 jura
1246 1520 1517 1597 protegendusaiqsu

487 1623 630 1685 indirecte
656 1623 789 1680 tuentur.
816 1617 1015 1694 Quapropter,
1041 1616 1188 1692 quamdiu
1212 1620 1369 1681 incolumis
1396 1620 1518 1681 auotoritas

487 1724 620 1801 legitima
644 1719 725 1798 apud
754 1718 906 1779 nationem
933 1716 1137 1795 perturbatam
1164 1726 1284 1798 perstat,
1313 1736 1456 1797 nunquan
1477 1720 1518 1779 icc

485 1824 586 1885 iicebit
605 1822 673 1881 otiis
687 1819 826 1897 gentibus
840 1817 920 1897 apud
934 1814 1018 1877 iliam
1034 1818 1127 1879 armis
1141 1820 1335 1896 intervenire,
1350 1822 1404 1881 uisi
1422 1820 1454 1881 ab
1465 1819 1516 1895 iegi-

486 1926 559 1985 tima
586 1921 757 1981 auctoritate
781 1916 992 1979 advocantur:
1021 1916 1076 1979 irco
1099 1934 1231 1995 namquo
1257 1922 1390 1999 primum
1410 1934 1520 1998 suprema

477 2022 668 2085 auctoritatis
680 2022 801 2097 jaceat,
816 2024 850 2078 ut
864 2018 1013 2098 populum
1029 2018 1085 2079 sihi
1104 2020 1274 2098 subjectum
1287 2023 1352 2102 ipsa
1365 2040 1415 2101 per
1426 2038 1453 2089 se
1464 2022 1522 2081 ordi·

487 2130 539 2186 net
559 2138 593 2185 ac
613 2126 813 2201 recomponat.

487 2340 1525 2385 ‚za-xm

918 2538 1059 2646 aaron
1083 2570 1124 2644 11.
1197 2572 1200 2580 ·

509 2790 561 2842 wo
578 2784 718 2839 uncti·
740 2782 1118 2837 tuterntiunatttrma
1142 2784 1184 2837 Ιιι
1205 2788 1312 2840 statu
1333 2792 1463 2852 meato
1479 2788 1517 2842 ad

540 2877 767 2942 materialia
776 2875 1010 2956 roctetqtum
1019 2877 1238 2940 oeqnattmm
1252 2882 1357 2936 nona
1370 2885 1516 2944 spectu·

540 2972 656 3024 ctam.

963 3163 1089 3188 —dn--a

895 3343 1100 3405 ARTICULUS
1122 3345 1144 3406 Ι.

488 3529 532 3592 oe
551 3525 821 3590 immediatum
841 3525 972 3590 dominii
995 3527 1111 3588 sociatis
1132 3529 1331 3614 curjumuaquc
1358 3529 1530 3596 rotationibus.

527 3724 613 3782 1152.
631 3717 1006 3784 Notandum-Primum
1026 3739 1060 3784 ao
1073 3725 1258 3803 praecipuum
1274 3727 1410 3790 officium
1430 3730 1530 3788 interm·

484 3822 594 3885 tionaie
615 3839 633 3882 a
656 3823 753 3901 primo
776 3821 922 3900 principio
944 3825 1054 3884 amoris
1081 3825 1179 3885 mutui
1202 3825 1239 3886 ad
1265 3829 1408 3890 canonas·
1425 3829 1492 3888 inter
1509 3837 1544 3880 sc

482 3921 613 4001 aquales
625 3922 773 4000 applicato
793 3920 954 3981 dimanans
967 3923 1119 4001 superiore
1139 3925 1234 4002 capite
1247 3928 1442 4004 exposuimus
1448 3943 1457 4004 3
1473 3919 1530 4000 quoi

484 4024 607 4104 quidam
635 4021 769 4082 officium
792 4039 828 4082 eo
851 4027 948 4081 totum
976 4027 1096 4100 spectat,
1121 4029 1155 4083 ut
1177 4026 1285 4102 cuique
1308 4027 1424 4087 natium
1439 4022 1530 4103 putitio

485 4125 568 4185 illius
581 4123 737 4184 existentia
751 4121 912 4182 incolumis
929 4127 1074 4182 servetur.
1089 4123 1126 4184 tt
1142 4124 1270 4201 proiecto
1282 4141 1343 4186 non
1359 4121 1531 4188 suffieiteris·

486 4225 582 4284 tentia
606 4224 719 4282 bonurn
741 4223 845 4282 amicis
862 4225 1017 4299 utcunque
1030 4223 1109 4282 veile
1128 4237 1135 4281 :
1153 4225 1291 4302 prasidio
1309 4226 1414 4298 simui,
1438 4215 1528 4302 quoad

484 4321 569 4384 iliam
584 4321 808 4381 sustentandam
823 4321 990 4381 necessaria
1003 4327 1087 4398 aurit,
1104 4323 1208 4384 iisdem
1223 4326 1317 4403 optari
1338 4333 1368 4386 et
1381 4341 1433 4404 pro
1443 4321 1531 4384 uiribus

484 4419 667 4500 suppeditari
683 4425 808 4498 oportet.
832 4421 901 4480 iimo
918 4427 1019 4480 autem
1045 4421 1156 4498 media,
1182 4413 1326 4500 quodiam
1349 4425 1467 4486 societas
1488 4417 1530 4476 ht·

485 4536 575 4582 mana
588 4537 623 4579 ex
635 4518 799 4580 indiuiduis
812 4521 913 4580 animo
923 4526 953 4580 ct
966 4537 1085 4600 corpore
1099 4523 1271 4602 compositis
1285 4529 1312 4585 et
1322 4515 1532 4586 moraiirioculo

483 4622 650 4697 contiuno-tis
660 4626 785 4696 mactat,
801 4625 831 4680 et
844 4620 1013 4698 spiritualia
1027 4621 1131 4699 utiquo
1142 4629 1170 4682 et
1184 4625 1349 4685 materialia
1361 4641 1424 4686 csse
1434 4619 1530 4682 debent·

482 4723 584 4798 ltaque
598 4719 813 4800 inquirendum
827 4719 915 4782 nobis
926 4727 971 4782 cst
984 4739 1123 4801 quraeoum
1134 4727 1205 4805 jura
1228 4733 1257 4786 ct
1273 4724 1371 4789 otiicia
1387 4717 1532 4786 nationibus
