3559 5675
460 761 518 825 rto
868 776 948 823 ronta
969 774 1127 823 urrnnrus

460 888 544 945 state
556 882 588 944 in
600 882 775 944 elementari
788 882 974 944 institutione
993 882 1077 961 pueri
1092 878 1331 957 ducentenarius
1352 878 1542 957 temporibus

458 982 629 1062 prodigium
641 982 794 1061 quoddam
809 982 941 1045 scientiae
955 981 1093 1042 habitum
1107 985 1195 1041 esset.
1248 978 1252 983 '

500 1082 632 1145 Corone.
656 1086 686 1143 2.
706 1083 831 1155 -Quae
852 1081 889 1143 de
911 1080 1081 1143 scientificis
1102 1096 1135 1141 ac
1155 1078 1307 1141 litterariis
1327 1078 1500 1158 disciplinis
1522 1098 1540 1139 a

459 1184 599 1245 societate
618 1181 829 1263 promovendis
848 1180 993 1242 hactenus
1015 1179 1161 1256 diximus,
1181 1178 1218 1239 ad
1238 1179 1405 1240 technicam
1429 1178 1542 1256 pariter

457 1282 678 1343 institutionem
691 1281 868 1361 applicanda
889 1286 971 1341 sunt.
993 1280 1111 1341 Artium
1135 1294 1266 1356 nomque
1289 1278 1543 1340 mechanicarum

459 1383 641 1461 perfectio-et
652 1384 785 1443 muitum
797 1382 835 1444 ad
850 1382 965 1443 morale
978 1382 1128 1443 sociorum
1147 1380 1262 1441 bonum
1276 1380 1402 1455 confert,
1423 1386 1453 1440 et
1476 1380 1544 1458 plu-

458 1482 572 1543 rimum
592 1483 741 1545 materiali
764 1484 911 1545 societatis
931 1482 1102 1561 perfectioni
1117 1480 1247 1561 prodest,
1262 1486 1291 1541 et
1304 1482 1401 1559 prima
1414 1488 1460 1540 est
1474 1499 1542 1558 quae

458 1582 491 1642 in
503 1582 606 1645 oculos
617 1584 739 1645 advenae
748 1582 946 1645 observatoris
960 1583 1102 1643 incurrat.
1117 1580 1197 1641 Nihil
1212 1580 1261 1641 hic
1275 1580 1363 1641 nobis
1374 1579 1538 1641 dicendum

458 1690 504 1743 est
516 1683 553 1745 de
565 1684 672 1744 modiis
683 1682 719 1744 ad
732 1690 810 1744 artes
822 1682 1019 1761 perficiendas
1034 1680 1163 1757 idoncis3
1176 1687 1279 1741 utrum
1290 1678 1397 1740 utilius
1406 1678 1443 1741 ad
1457 1680 1540 1740 hunc

459 1785 550 1844 finem
571 1784 611 1844 sit
631 1800 682 1845 eas
695 1784 836 1864 opificum
851 1783 1005 1845 industria
1024 1782 1111 1863 piane
1129 1782 1312 1861 permittere,
1334 1796 1374 1842 an
1388 1780 1539 1842 artificum

459 1881 594 1960 collegia,
615 1884 728 1962 quibus
748 1870 854 1944 earum
868 1882 991 1943 directio
1009 1882 1224 1952 committetur,
1238 1882 1411 1956 instituere3
1433 1887 1540 1940 utrum

459 1981 617 2060 privilegia
629 1982 754 2061 prosint,
767 1998 806 2042 an
817 1982 934 2059 obsint;
947 1988 1049 2043 utrum
1064 1984 1199 2061 patentes
1218 1980 1320 2040 titterae
1340 1975 1446 2039 dandae
1465 1979 1539 2056 sint,

460 2098 552 2141 necne
558 2096 568 2157 3
580 2088 609 2141 et
619 2081 678 2142 alia
694 2080 883 2159 hujusmodi,
902 2097 969 2160 quae
987 2080 1022 2143 ad
1036 2078 1169 2141 ordinem
1182 2080 1262 2159 juris
1273 2079 1386 2158 publici
1398 2080 1543 2139 materia·

459 2180 521 2241 lem
534 2182 694 2260 pertinent.
710 2184 791 2241 intra
801 2180 926 2241 moralis
936 2179 1051 2242 ordinis
1065 2179 1176 2240 limites
1186 2178 1361 2240 disserendo
1372 2176 1423 2238 hic
1435 2179 1538 2239 sotum

460 2280 634 2341 notabimus
647 2279 684 2341 ad
700 2280 868 2342 technicam
889 2281 1039 2341 sociorum
1061 2278 1278 2338 institutionem
1299 2278 1538 2358 promovendam

460 2380 554 2441 teneri
564 2380 706 2441 socialem
718 2381 936 2452 anctoritatem,
949 2395 1009 2440 non
1021 2378 1110 2439 morto
1123 2378 1161 2438 ob
1173 2378 1337 2439 materialis
1349 2378 1540 2457 perfectionis

460 2479 581 2541 socialis
603 2479 796 2559 procurandae
815 2478 966 2552 officinm,
990 2478 1042 2539 sed
1065 2478 1153 2539 etiam
1181 2477 1219 2538 ob
1237 2477 1320 2539 atiud
1343 2476 1480 2539 officium
1502 2476 1539 2538 ab

460 2576 622 2639 universali
637 2578 833 2641 humanitatis
851 2578 918 2655 lege
937 2582 967 2639 et
983 2595 1001 2637 a
1018 2579 1088 2655 jure
1106 2576 1289 2655 hypotactico
1300 2577 1492 2657 proveniens,
1508 2583 1540 2637 ut

461 2678 575 2739 scilicet
586 2678 710 2738 societas
723 2678 862 2756 pessimae
878 2682 1012 2738 occurrat
1031 2678 1157 2753 ignauiae
1178 2672 1343 2737 multorum
1360 2683 1537 2756 parentum,

461 2776 527 2852 qui,
548 2776 603 2837 etsi
618 2774 747 2836 fortunis
765 2782 912 2854 carentes,
926 2774 962 2836 ad
981 2774 1115 2854 aliquam
1135 2782 1235 2834 temen
1252 2789 1323 2835 suos
1338 2774 1417 2837 tilios
1428 2782 1538 2851 artem,

460 2879 549 2953 cnjus
563 2892 619 2954 ope
628 2877 721 2936 vitam
733 2879 899 2938 sustentare
913 2881 1036 2954 queant,
1054 2876 1211 2936 instituere
1225 2877 1350 2954 prorsus
1367 2875 1542 2956 negligunt,

461 2982 551 3053 atqrm
568 2977 610 3037 ita
629 2993 681 3056 per
698 2975 861 3037 socordiam
881 2981 911 3037 et
919 2975 1059 3037 inertiam
1078 2975 1114 3036 ad
1127 2975 1300 3055 pauperiem
1319 2981 1410 3054 atque
1424 2993 1540 3038 aarum·

461 3093 529 3152 uas,
552 3093 606 3155 per
619 3076 675 3136 bes
686 3077 722 3136 ad
740 3075 846 3138 delicta
867 3076 966 3136 omnis
978 3076 1094 3152 generis
1111 3091 1161 3136 eos
1173 3077 1342 3137 miserrime
1360 3087 1540 3158 praeparant.

501 3177 572 3238 903.
594 3179 662 3238 Pes.
680 3175 764 3238 438⁸.
780 3207 821 3220 -
835 3175 940 3237 Civilis
953 3177 1113 3236 auctoritas
1127 3181 1272 3254 potestate
1289 3175 1377 3238 debet
1394 3179 1539 3240 terhmcae

463 3279 626 3355 puerorum
640 3275 819 3336 institutioni
831 3282 999 3355 opportune
1011 3274 1188 3355 prospicere.

502 3375 597 3435 Peon.
616 3406 658 3420 -
677 3375 816 3435 Parentes
837 3375 952 3453 quique
969 3379 1110 3435 tenentur
1123 3375 1186 3435 suis
1200 3376 1340 3436 omnibus
1354 3376 1425 3439 titiis
1440 3379 1541 3440 media

462 3474 658 3550 congruentia
685 3473 835 3552 praebere,
863 3475 974 3552 quibus
1006 3474 1052 3534 illi
1075 3473 1112 3534 ad
1135 3473 1248 3534 victum
1275 3475 1455 3555 cultumque
1484 3495 1539 3538 ne-

462 3571 588 3632 cessaria
605 3571 720 3649 possint
732 3587 787 3650 pro
800 3571 923 3633 familia
943 3589 1005 3632 sum
1025 3571 1195 3632 conditione
1215 3573 1272 3633 sibi
1295 3589 1471 3653 comparare
1488 3591 1497 3636 τ
1513 3583 1541 3638 et

463 3669 626 3748 superioris
646 3669 829 3731 auctoritatis
849 3675 895 3732 est
921 3671 1102 3734 auctoritatis
1123 3670 1321 3733 subordinatas
1345 3691 1460 3736 munus
1484 3694 1538 3737 eu-

463 3769 559 3853 ptcre,
580 3775 697 3850 quoties
712 3773 777 3836 hoc
789 3773 886 3836 officio
900 3791 956 3836 suo
969 3774 1056 3837 desit.
1072 3774 1148 3852 Ergo
1164 3775 1243 3836 cirili
1259 3777 1428 3840 auctoritati
1439 3783 1494 3858 jus
1511 3788 1539 3842 et

464 3872 598 3934 officium
620 3881 665 3937 est
678 3874 802 3937 curandi
816 3873 981 3952 efficaciter,
1005 3881 1041 3934 ut
1058 3875 1142 3954 pueri
1162 3891 1267 3936 ornnes
1286 3883 1466 3955 congruenti
1491 3884 1540 3943 in-

463 3975 618 4036 stitutione
637 3977 822 4052 excolantur,
844 3977 944 4036 statim
965 3991 999 4036 ac
1020 3976 1099 4036 vires
1120 3981 1149 4037 et
1168 3979 1299 4056 corporis
1318 3981 1488 4042 strationis
1510 3985 1541 4043 in

461 4074 571 4136 iisdem
585 4076 681 4138 evolvi
694 4077 847 4156 coepcrint.
862 4076 894 4136 si
908 4075 991 4137 enim
1004 4076 1141 4137 strictum
1161 4075 1257 4138 civilis
1271 4080 1458 4142 auctoritatis
1471 4081 1541 4143 otii-

462 4176 543 4236 cium
564 4183 609 4237 est
629 4177 770 4255 opitulari
793 4177 830 4238 iis
851 4177 951 4252 sociis,
964 4175 1017 4254 qui
1032 4175 1089 4236 sibi
1106 4175 1178 4256 ipsis
1195 4178 1350 4240 consulere
1371 4175 1540 4260 nequeunt,

462 4275 560 4336 multo
579 4277 673 4354 magis
687 4281 805 4338 tenetur
820 4275 926 4338 eadem
940 4276 1098 4338 auctoritas
1121 4293 1208 4356 opem
1230 4276 1308 4339 terre
1329 4280 1539 4345 innocentibus

464 4373 501 4434 iis
514 4376 627 4454 pueris,
642 4377 708 4455 qui,
726 4394 778 4456 per
799 4375 1007 4438 incredibilem
1021 4367 1393 4462 parentum'ignariamjet
1406 4384 1539 4446 crudeli-

464 4479 566 4550 tatem,
587 4477 669 4537 omni
687 4476 755 4538 utili
774 4476 949 4538 educatione
969 4475 1102 4537 destituti
1116 4476 1198 4538 abire
1213 4481 1441 4562 permittuntur,
1466 4486 1540 4546 dum

464 4574 520 4653 ipsi
540 4575 578 4636 ad
592 4592 662 4638 snas
675 4578 812 4638 miserias
826 4593 886 4637 non
902 4577 1000 4637 sotum
1018 4577 1232 4656 propulsandas
1246 4579 1297 4642 sed
1313 4581 1402 4643 etiam
1416 4601 1539 4665 cognos-

463 4675 571 4737 cendas
585 4676 684 4739 adhoc
696 4695 750 4760 per
762 4684 879 4740 atatem
894 4677 985 4756 inepti
1003 4683 1084 4738 sunt.

504 4777 574 4840 904.
589 4779 708 4842 coron
730 4815 761 4827 -
773 4778 910 4857 Quisque
924 4777 1003 4839 videt
1016 4779 1085 4858 jure
1099 4781 1212 4862 optimo
1226 4797 1280 4845 nos
1294 4785 1385 4865 panio
1399 4791 1536 4871 superins
