3559 5675
886 750 967 803 ttidts
987 752 1145 803 tttwnttrs

872 978 1077 1043 anniculus
1098 983 1149 1043 lli.

573 1151 618 1228 Dc
632 1155 720 1225 ct'ot‘lt'
731 1155 954 1229 individuorum
974 1161 1067 1227 tutela
1080 1168 1183 1227 contro
1197 1164 1437 1246 mortiseffertos.
1508 1238 1513 1243 ¹

1594 1280 1595 1313 l

514 1365 582 1426 861.
609 1366 789 1429 Norannnra.
803 1399 841 1411 —
855 1366 935 1441 Quid
955 1368 1048 1449 possit
1061 1382 1095 1430 aa
1109 1364 1215 1431 debeat
1234 1366 1331 1429 civilis
1345 1366 1462 1431 societas
1474 1364 1527 1429 effi·

472 1482 536 1528 cere
560 1468 595 1529 ad
623 1468 841 1531 individualem
869 1468 1055 1532 existentiam
1075 1476 1178 1532 contra
1201 1470 1306 1533 mortis
1327 1466 1455 1549 pericula
1478 1468 1527 1531 sire

472 1570 636 1631 mnslantia
659 1570 721 1631 sive
742 1570 864 1633 tortuite
886 1570 1166 1653 praemuniendam,
1195 1572 1226 1631 iu
1249 1572 1408 1650 postremis
1428 1566 1527 1630 duobus

472 1667 606 1731 articulis
623 1669 802 1751 explicatum
825 1674 880 1732 eat.
896 1671 946 1749 At,
961 1676 1118 1751 postquam
1138 1670 1243 1731 mortis
1264 1668 1337 1731 taloe
1358 1668 1527 1731 individuum
1594 1664 1595 1669 ’

472 1766 594 1850 aliquod
609 1770 675 1845 jam
695 1768 785 1833 luerit
797 1770 943 1845 excisum,
960 1770 1068 1850 triplici
1080 1770 1160 1849 'erga
1173 1770 1262 1831 illum
1276 1768 1374 1831 officio
1388 1769 1476 1833 civilis
1489 1785 1528 1831 so·

471 1866 563 1929 cistas
576 1868 772 1947 obstringitur
792 1885 800 1931 τ
824 1870 856 1930 1⁰
876 1869 967 1933 Debet
981 1870 1065 1932 illius
1087 1872 1258 1935 inanimum
1271 1887 1380 1951 corpus
1394 1887 1427 1932 ao
1446 1868 1528 1949 sepul·

471 1982 556 2032 mum
573 1975 746 2052 protegere;
764 1970 797 2033 2⁰
815 1970 907 2033 Debet
925 1972 997 2049 jura
1016 1971 1142 2035 illius-er
1155 1970 1252 2035 officia
1265 1972 1298 2032 in
1312 1971 1350 2032 iis
1364 1972 1415 2049 qui
1429 1975 1528 2031 mortuo

471 2068 645 2149 succedunt,
671 2069 765 2149 tueri,
790 2071 828 2154 3⁰·
842 2071 936 2133 Delam
960 2072 1121 2134 domestico
1143 2072 1305 2147 consortio,
1326 2071 1376 2133 cui
1401 2070 1471 2133 torte
1487 2070 1528 2131 ille

470 2170 605 2250 preerat,
616 2170 761 2251 peculiari
774 2171 875 2248 modo,
888 2172 914 2232 si
929 2188 1005 2253 opus
1019 2172 1069 2251 sit,
1084 2172 1262 2256 prospicere.
1279 2170 1342 2235 llisi
1355 2170 1436 2234 enim
1448 2166 1528 2233 civilis

470 2271 628 2333 auctoritas
650 2269 774 2334 sollicite
793 2272 916 2346 caverit,
930 2270 1019 2334 facile
1032 2273 1191 2333 usuveniet
1212 2277 1246 2333 ut
1265 2270 1378 2333 mortui
1391 2269 1460 2333 ciris
1473 2283 1527 2330 ossa

469 2375 499 2431 ot
516 2375 587 2450 jura
609 2377 639 2433 ct
662 2370 777 2461 familia
797 2378 958 2453 superstes,
982 2376 1048 2453 ejus
1067 2371 1205 2453 praesidio
1219 2371 1338 2449 orbata,
1362 2370 1401 2432 ab
1421 2367 1528 2431 scelesto

468 2472 610 2551 quopiam
632 2472 755 2535 lromine
773 2473 935 2537 violentur.

510 2572 579 2632 862.
606 2576 673 2635 l‘os.
693 2574 775 2636 417¹.
791 2606 832 2620 -
846 2573 1003 2652 corporcis
1024 2574 1172 2651 cujmque
1196 2570 1269 2633 civis
1296 2570 1446 2634 demortui
1472 2566 1527 2629 reli·
1594 2618 1595 2621 ,

468 2671 549 2752 quiis
563 2688 728 2750 earumque
743 2672 881 2754 sepulcro
901 2672 1045 2735 honorem
1060 2688 1094 2735 ac
1112 2671 1237 2734 tutelam
1257 2678 1433 2751 perpetuam
1448 2664 1528 2732 civilis
1594 2730 1595 2751 ,

468 2772 591 2833 societas
611 2772 708 2837 debet.
1594 2755 1595 2833 Ϊ

506 2873 601 2936 Paos.
615 2907 654 2920 ·-
669 2877 699 2936 t·
712 2877 889 2939 llumanum
909 2891 1017 2954 corpus
1037 2881 1081 2936 est
1094 2890 1171 2954 opus
1190 2873 1243 2935 Ilei
1262 2872 1457 2954 praclarum3
1472 2869 1528 2931 ani·
1594 2891 1595 2950 p

466 2989 553 3037 mum
567 2973 749 3052 humanum,
762 2977 817 3054 qui
828 2975 937 3040 divina
952 2976 1047 3056 ipsius
1061 2980 1176 3037 natura
1188 2973 1435 3054 prestantissima
1445 2973 1527 3046 imago
1594 3019 1595 3024 1

466 3079 530 3152 est,
556 3077 670 3137 socium
694 3076 785 3140 hebet
804 3093 875 3138 cum
893 3093 988 3156 eoque
1010 3075 1175 3137 arctissime
1196 3075 1229 3136 in
1249 3075 1373 3135 unicam
1386 3085 1527 3154 personent

465 3178 671 3254 corrjuugltur.
691 3178 813 3255 ltaque,
836 3175 889 3239 ulii
916 3177 1035 3238 animus
1056 3173 1130 3236 illud
1155 3171 1333 3253 deseruerit,
1355 3190 1425 3254 pars
1442 3178 1527 3232 tameo
1594 3167 1595 3170 ’

464 3275 522 3354 luit
534 3293 643 3356 corpus
657 3277 787 3340 hnmani
799 3278 967 3360 compositi,
982 3293 1016 3338 ac
1030 3274 1155 3358 proinde
1166 3275 1318 3336 aedanum
1330 3272 1486 3337 moralium
1497 3267 1527 3329 alr
1594 3335 1595 3360 ἶ

465 3377 567 3437 animo
580 3378 781 3455 protectamm
794 3377 954 3460 particeps,
965 3383 993 3438 et
1003 3375 1131 3456 dignum
1143 3374 1245 3454 aliqua
1258 3379 1340 3455 parte
1354 3371 1473 3450 honoris
1485 3365 1528 3462 qui
1594 3417 1595 3436 2

465 3477 567 3537 animo
586 3477 722 3540 debetur.
1594 3559 1595 3564 ἵ

504 3579 538 3637 2⁰
558 3578 719 3658 llnnranus
746 3577 868 3641 animm
890 3583 936 3641 est
955 3577 1152 3654 immortalis,
1184 3583 1215 3640 et
1242 3574 1280 3638 ad
1306 3575 1396 3641 illum
1415 3573 1529 3656 pertinet

464 3674 668 3741 demortuum
684 3695 806 3760 corpus,
831 3681 957 3760 quicum
977 3679 1049 3742 olim
1073 3679 1105 3744 in
1128 3679 1214 3740 terris
1230 3683 1365 3741 versatus
1386 3682 1440 3739 est.
1462 3675 1528 3748 Ergo
1594 3673 1595 3676 ’

463 3776 516 3839 ille
527 3780 580 3856 jus
593 3779 684 3841 habet
697 3778 892 3860 impediendi,
911 3796 949 3841 ne
968 3797 1022 3841 suo
1037 3780 1170 3860 corpori,
1186 3779 1324 3859 quamvis
1340 3781 1470 3857 separato
1491 3773 1528 3830 in-

434 3873 437 3881 '
459 3878 544 3958 juria
565 3880 630 3942 ulla
654 3881 810 3944 inferatur.
838 3883 928 3960 lltqui
952 3897 1013 3942 non
1032 3885 1127 3960 potest
1147 3879 1177 3940 id
1199 3896 1252 3960 per
1271 3895 1303 3940 se
1323 3879 1387 3958 ipse
1413 3873 1525 3938 efficere.

463 3979 541 4060 Ergo
560 3980 641 4041 cirili
665 3983 799 4044 societati
821 3979 953 4042 officium
977 3983 1044 4058 ejus
1063 3980 1107 4040 rei
1126 3977 1272 4058 curanda]
1286 3974 1445 4050 incumbit.
1461 3969 1529 4035 Ciri-

462 4077 647 4160 lienemque
670 4083 795 4144 societas
820 4087 936 4142 nactur
952 4083 1024 4159 jura
1048 4081 1196 4158 cujusque
1214 4079 1286 4140 socii
1307 4075 1453 4140 custodire
1472 4081 1526 4133 tun

463 4181 605 4258 maxime,
620 4199 717 4261 quum
731 4182 843 4250 illesui
863 4181 968 4244 tuendi
979 4181 1059 4258 juris
1078 4181 1227 4260 impotens
1240 4180 1364 4240 omuino
1379 4183 1431 4240 ost.

503 4280 535 4341 3⁰
550 4282 664 4344 Publici
677 4283 820 4358 honores,
840 4282 951 4360 quibus
966 4281 1077 4343 civium
1091 4280 1151 4340 rito
1163 4279 1335 4366 irritator-nm
1356 4275 1528 4358 sepulturam

461 4380 559 4444 civilis
580 4383 704 4444 societas
721 4383 912 4464 prosequitur
935 4380 1068 4442 multum
1092 4379 1249 4441 conterunt
1265 4377 1302 4438 ad
1321 4383 1400 4439 certo
1417 4387 1527 4452 cognos

463 4481 594 4544 cendum
614 4499 654 4543 an
670 4484 696 4544 is
719 4483 772 4561 qul
797 4481 987 4562 sepeliendus
1009 4486 1070 4557 cst,
1094 4495 1196 4540 revera
1218 4479 1257 4539 sit
1275 4485 1414 4539 mortuus
1427 4497 1434 4536 :
1449 4475 1527 4550 cujus

461 4581 532 4643 iacti
553 4584 683 4660 cognitio
703 4584 805 4660 magni
820 4583 959 4643 omnium
974 4579 1074 4651 refert,
1098 4583 1161 4640 turn
1185 4578 1293 4658 nequis
1314 4578 1398 4640 vivus
1423 4567 1526 4634 timulo

463 4683 618 4759 obruatur,
637 4689 703 4745 tum
726 4689 761 4744 nt
780 4683 817 4744 ad
840 4698 960 4758 necem,
976 4697 1036 4759 qua
1055 4680 1125 4758 quis
1146 4679 1269 4742 tortasse
1282 4677 1431 4740 conlectus
1452 4677 1526 4734 esta

462 4780 590 4864 latrone,
605 4782 812 4866 detegendam,
827 4789 894 4843 tum
913 4779 1044 4864 danique
1055 4781 1094 4843 ob
1107 4781 1288 4844 relationum
1305 4777 1457 4842 socialiom
1469 4785 1527 4832 mu·
