3559 5675
564 758 673 806 eunus.
698 771 734 792 -
756 758 839 808 utem
859 758 995 804 omerus.
1270 739 1325 802 l'll

245 867 390 946 privatur.
408 899 440 912 -
461 865 494 928 3·
507 865 626 934 Luerie
639 867 824 930 mutuatione
837 864 1085 946 perripientiispe
1096 861 1227 935 sublate,
1239 862 1328 924 nulle

242 969 304 1042 J'em
325 965 402 1026 ratio
416 971 567 1044 superest,
587 981 640 1026 eur
654 967 779 1046 peounio
798 973 899 1028 nostra
920 982 974 1026 ooo
994 967 1074 1044 ipsos
1094 965 1272 1043 spoliemus,
1292 969 1327 1023 ot

245 1081 308 1126 eant
332 1065 404 1128 aliie
423 1071 565 1132 mutuam
587 1065 709 1128 tlemus.
726 1066 807 1140 Quin
828 1067 889 1128 imo
913 1063 1079 1134 absurdum
1101 1064 1178 1124 laetu
1196 1062 1327 1136 videtur,

244 1165 381 1244 peoumm
390 1181 454 1226 eum
465 1181 526 1226 eeu
536 1165 668 1242 seipsum
682 1182 734 1246 per
747 1164 861 1242 aliquot
871 1181 967 1226 annos
981 1165 1106 1242 privare.
1118 1169 1165 1236 ot,
1175 1162 1224 1222 leis
1237 1161 1327 1222 nonis

243 1264 364 1343 elapsis,
389 1263 475 1324 illam
498 1264 594 1324 oolam
617 1263 1001 1342 eamdemqueeummem,
1022 1278 1116 1338 qnam
1132 1261 1202 1338 quie
1220 1269 1327 1323 mutuo

244 1363 378 1438 tradidit,
393 1379 501 1427 snmus
516 1363 640 1442 recipiet
650 1369 680 1422 et
693 1363 771 1424 nihii
786 1370 939 1441 preterea,
949 1363 1024 1424 dnm
1037 1361 1250 1422 mutuatarius.
1263 1363 1330 1436 eius

243 1480 373 1525 summm
393 1479 464 1547 neu.
488 1479 612 1538 magnae
634 1462 759 1526 lortaese
778 1462 897 1524 divitiae
915 1461 1082 1538 aequisivit.
1104 1459 1182 1536 lirgo
1203 1477 1257 1537 pre
1274 1477 1323 1537 pe·

242 1564 331 1625 cunia
347 1568 457 1624 mutuo
473 1561 587 1630 tradita.
605 1562 659 1628 elsi
673 1563 723 1624 illa
738 1561 819 1641 apud
837 1565 1026 1624 mutuantem
1039 1557 1323 1637 inlruetileraesset,

241 1660 329 1720 lenus
343 1665 448 1720 temen
462 1658 613 1736 aliquado
628 1661 810 1724 mutuatorie
822 1659 958 1720 debetur.

276 1757 351 1821 otti.
372 1759 464 1822 urse.
489 1774 531 1820 ιιι
554 1763 608 1820 1·ue
628 1780 636 1815 ι
657 1791 696 1804 -
717 1760 800 1822 Neon
820 1772 981 1822 tennerunt.
1003 1756 1102 1819 Prima
1121 1769 1252 1832 namque
1269 1754 1324 1817 itta

242 1859 406 1937 propositio
419 1858 468 1918 rel
486 1858 614 1922 naturali
629 1857 789 1922 hominum
807 1856 1043 1936 independeotire
1059 1860 1216 1934 repugnat,
1228 1853 1277 1916 rel
1289 1854 1323 1916 in

242 1975 272 2018 se
286 1961 350 2036 ipse
364 1967 413 2019 est
431 1959 668 2022 eontradiotorie.
693 1959 716 2018 l.
731 1957 762 2018 Si
776 1957 837 2024 itta
847 1973 933 2018 voees
946 1973 1008 2018 nun
1019 1953 1142 2030 pecuare
1154 1953 1324 2029 signinum

241 2059 393 2138 pecuum
411 2075 480 2137 quor
492 2076 555 2118 mee
569 2057 640 2138 suit,
657 2063 729 2120 tutio
744 2058 937 2136 peroptatum
950 2063 996 2128 est
1008 2072 1076 2120 eam
1090 2055 1323 2132 pecunianrnon

245 2175 304 2218 esse
317 2157 456 2235 amplius
469 2173 579 2230 meam,
597 2157 710 2218 seilicet
725 2155 854 2216 alierum
865 2170 950 2222 esee.
967 2154 1057 2230 atum
1071 2155 1218 2228 injustum
1234 2154 1323 2232 plena

248 2265 288 2316 est
302 2257 387 2320 velle
404 2263 440 2316 ιιι
460 2256 561 2318 aliene
580 2257 707 2334 petuma
727 2255 840 2320 iruetut
856 2255 933 2318 milti
948 2254 1057 2332 pariet,
1070 2253 1261 2329 alienamque
1273 2255 1323 2313 ina

253 2355 390 2420 toruum
403 2355 484 2416 mihi
499 2355 633 2420 servire:
651 2355 681 2416 id
694 2356 776 2418 enim
792 2359 870 2416 estet
884 2353 980 2414 elium
995 2351 1161 2424 hominem,
1178 2352 1232 2426 qui
1246 2351 1324 2416 mitri

254 2455 421 2519 naturaiiter
440 2455 566 2533 aquatis
585 2461 639 2526 est,
652 2469 775 2516 servum
798 2452 873 2518 milti
894 2450 1010 2515 eliioere
1027 2451 1104 2513 velle
1116 2450 1212 2529 (795).
1224 2453 1324 2524 Quare

250 2556 353 2616 fulsum
380 2563 427 2616 eet
445 2557 548 2630 etiam,
569 2553 650 2634 qood
671 2556 704 2616 io
722 2554 887 2628 otrjeotione
906 2552 1057 2626 subditur,
1072 2551 1155 2614 illius
1178 2553 1322 2631 peeuniae,

246 2671 332 2730 qoem
350 2661 459 2714 mutuo
470 2653 615 2724 dederim.
632 2671 681 2716 me
694 2653 792 2715 adltue
805 2669 870 2712 esee
882 2651 1053 2712 dominum.
1065 2652 1131 2712 lam
1141 2653 1222 2712 enim
1234 2668 1323 2731 supe·

243 2755 303 2814 rius
319 2755 512 2815 ostendimus
530 2755 685 2834 pennulam
703 2754 849 2833 pertinere
866 2751 904 2812 ad
921 2751 995 2810 illud
1012 2768 1238 2828 geneseorum,
1258 2769 1324 2829 qua

242 2872 300 2915 usu
315 2858 520 2931 emittuntur3
536 2856 645 2915 harum
666 2870 767 2914 rerum
786 2855 998 2930 temporariam
1015 2854 1179 2912 censionem
1199 2860 1321 2913 metoe-

241 2956 355 3015 liooem
370 2956 597 3033 propr-ieronem
623 2954 720 3029 tetii„
746 2970 797 3032 per
824 2953 1044 3012 mutuationem
1072 2953 1189 3029 proprie
1213 2952 1322 3013 dietam

239 3056 341 3133 ipsum
358 3056 403 3113 rei
419 3054 590 3115 dominium
607 3054 788 3114 mutuatorie
805 3051 981 3129 temporarie
1000 3050 1077 3111 cedi.

281 3154 321 3214 li.
347 3152 434 3226 Quod
450 3154 476 3212 si
491 3154 551 3213 ittae
566 3170 661 3223 voees,
678 3172 741 3213 meo
753 3150 893 3232 pecunia,
908 3150 1077 3227 significant
1093 3166 1143 3210 me
1158 3148 1255 3209 adhue
1271 3168 1325 3228 pe-

241 3252 340 3313 cunia
359 3258 467 3325 mutuo
481 3251 596 3313 traditae
614 3252 783 3313 dominium
797 3267 928 3325 serpere,
944 3254 1015 3308 tuno
1026 3256 1194 3311 eonuautue
1212 3250 1324 3325 mutui,

241 3369 304 3411 non
320 3360 369 3412 est
380 3361 551 3412 contractus
566 3351 672 3428 ιιιιιιιιί,
686 3351 737 3411 sed
752 3356 921 3411 contractus
933 3346 1095 3422 societatis,·
1107 3349 1187 3427 quod
1201 3358 1247 3410 est
1256 3366 1326 3411 eon·

241 3450 465 3511 tradietorium.
481 3452 605 3511 Possum
626 3452 732 3529 utique
752 3456 935 3509 eontraetum
955 3448 1098 3509 societatis
1117 3449 1215 3527 potius
1230 3448 1326 3537 lauare

242 3569 336 3629 quum
361 3558 546 3615 eontraetuto
567 3552 687 3627 mutui3
703 3557 733 3611 at
754 3566 915 3627 nonquam
937 3547 1053 3609 ellinere
1070 3556 1181 3627 potero,
1199 3554 1233 3608 ut
1256 3567 1325 3610 mu·

243 3659 331 3710 tuom
353 3651 393 3713 eit
411 3652 543 3711 societas.

283 3754 331 3811 An
348 3747 424 3809 2⁰⁰¹:
443 3766 634 3812 -rttsusntr
649 3754 703 3809 tet²
717 3763 881 3811 teneurunt.
896 3748 954 3811 Sed
964 3766 1152 3827 nequaquam
1164 3768 1200 3810 er
1214 3750 1327 3811 ratione

244 3850 377 3909 addente
392 3852 584 3927 consequitor
603 3850 691 3910 lenus
711 3849 804 3927 aoeipi
822 3850 893 3925 jure
910 3865 996 3927 posse
1009 3866 1063 3927 pro
1077 3851 1263 3910 mutuatione
1277 3867 1328 3928 pe·

244 3952 343 4009 cunise
363 3949 555 4009 infructifera
566 3964 574 4008 τ
587 3950 619 4009 in
637 3964 672 4009 ea
685 3964 816 4025 namque
830 3956 924 4009 status
939 3949 1111 4025 questionis
1130 3965 1251 4027 prorsus
1264 3950 1324 4009 irn-

246 4056 395 4109 mutator.
411 4050 529 4109 Etenim
543 4049 589 4109 vel
610 4056 753 4109 mutuans
767 4048 818 4108 ille
838 4048 1008 4109 decreuerat
1025 4066 1061 4108 ea
1074 4048 1200 4125 pecunia
1210 4052 1328 4125 jacente

246 4152 375 4209 minime
393 4150 546 4225 negotiari,
568 4166 675 4227 nempe
695 4166 730 4209 ee
744 4150 871 4227 pecunia
886 4166 947 4209 non
960 4151 1020 4225 uti3
1035 4155 1064 4209 et
1082 4154 1167 4223 tone,
1181 4166 1272 4209 usum
1292 4149 1328 4208 il·

246 4248 305 4309 lius
319 4248 499 4323 amittendo,
518 4248 596 4308 nihil
610 4249 718 4309 utnittit
734 4264 742 4307 ι
756 4248 803 4309 vel
823 4266 888 4309 aem
907 4250 1064 4328 pecuniam
1083 4248 1116 4308 in
1134 4255 1272 4327 promptu
1286 4257 1329 4309 te-

248 4350 349 4423 nebat,
366 4354 402 4407 ut
420 4348 485 4423 illo,
502 4348 554 4407 ulti
576 4349 709 4427 primum
729 4354 897 4411 occurreret
917 4348 1043 4421 oomein,
1061 4348 1175 4409 utiliter
1195 4349 1329 4425 negotia-

248 4456 348 4523 retur;
373 4456 405 4507 et
427 4454 498 4507 tuoe
523 4451 618 4525 potest
643 4448 747 4523 utique
770 4446 901 4507 fructum
921 4446 1050 4524 aliquem
1075 4448 1328 4527 pmportionatom

248 4546 345 4623 luero,
359 4546 442 4625 quod
463 4546 514 4607 ille
529 4547 648 4618 amittit,
672 4564 707 4607 ex
726 4564 761 4607 ea
783 4547 942 4626 percipere.
964 4550 1060 4625 Atque
1081 4548 1119 4609 ob
1138 4548 1216 4609 hane
1232 4550 1328 4627 ipsam

248 4662 367 4707 mmmm
392 4646 520 4707 morales
534 4646 666 4707 doctores
684 4646 777 4707 lenus
792 4646 916 4723 aliquod
938 4648 1015 4725 erigi
1036 4664 1123 4728 poese
1142 4649 1325 4722 existimant,

248 4748 488 4823 quotiescunque
507 4746 654 4807 mutuetio
669 4744 705 4806 ad
719 4738 843 4823 longum
861 4750 982 4825 tempos
1005 4747 1055 4819 lit;
1069 4749 1142 4824 quia
1161 4747 1274 4807 scilieet
1291 4763 1328 4806 ea
