3559 5675
564 793 671 840 sunna.
698 815 731 826 ·-
757 791 839 842 einen
860 795 983 842 necinus
1257 779 1313 842 uui

264 899 342 962 venit.
355 899 444 975 utqui
460 898 596 976 populus,
619 901 645 959 si
660 915 751 977 penas
772 899 859 960 ilium
879 899 999 976 noejus
1012 902 1176 978 originario
1195 901 1317 976 residet,

260 1001 319 1074 jnrs
340 999 559 1075 potestutiquc
581 999 628 1060 vai
652 1000 752 1062 minus
774 999 943 1077 prurientes
957 1002 1040 1062 cives
1061 1001 1184 1077 eligere,
1199 1003 1246 1062 uei
1257 1002 1318 1063 -sibi

262 1099 308 1174 ipsi
318 1097 527 1172 bocjurlicium
541 1097 700 1160 rirnticare.
718 1099 802 1160 Tunc
825 1105 926 1160 auum
940 1101 972 1158 in
986 1100 1148 1162 absurdam
1160 1099 1319 1162 effrenato·

261 1213 318 1256 mm
332 1196 510 1258 liberalium
519 1199 711 1273 senentiam,
725 1213 818 1276 quam
835 1214 933 1276 nuper
950 1201 1196 1276 memoravimus,
1211 1200 1318 1262 recidi·

261 1304 310 1356 mr·
566 1353 571 1360 ι
1230 1324 1234 1330 .

291 1395 363 1454 orn
377 1396 507 1473 porrina
521 1396 701 1456 tumultibus
715 1397 804 1456 euram
825 1397 846 1456 n
864 1397 918 1473 qur
932 1399 1141 1476 prudentiores
1154 1399 1316 1474 namnum,
1418 1383 1433 1408 ⁰

259 1494 360 1572 irrigari
379 1496 523 1576 opinione
545 1496 620 1556 trabi
634 1513 665 1556 se
680 1497 797 1572 sinunt,
817 1504 869 1558 aut
891 1497 997 1559 saltem
1018 1498 1106 1560 facile
1128 1497 1318 1576 decipiuntur

257 1593 589 1666 iriiacibusrationibus,
603 1597 739 1671 testibus,
752 1597 935 1659 clamoribus
949 1600 1043 1675 partis
1055 1597 1215 1659 audiuere.
1322 1605 1327 1610 “

290 1693 317 1754 i·
329 1697 449 1759 Etiamsi
461 1696 670 1775 prudentiores
681 1697 702 1756 ii
717 1697 865 1774 designari
880 1703 1001 1778 possem
1014 1705 1045 1760 ct
1057 1715 1112 1778 pro
1124 1715 1180 1760 aua
1190 1698 1320 1777 pruden-

259 1794 291 1852 tia
305 1795 435 1873 judicare
455 1795 581 1864 vetlem.
604 1795 690 1870 nulla
711 1796 773 1866 iliis
798 1803 876 1858 essct
894 1799 972 1859 ratio
997 1799 1029 1859 in
1065 1814 1164 1860 unum
1191 1797 1321 1860 coeundi

258 1893 355 1971 iocum,
370 1901 400 1955 st
418 1894 457 1956 rie
473 1895 596 1973 publica
617 1913 648 1958 re
665 1896 861 1958 deliberandi.
879 1901 966 1974 Nam,
989 1899 1016 1958 si
1037 1898 1175 1983 princeps
1189 1899 1320 1976 patiatur

258 1991 346 2054 baberi
366 1993 496 2056 concilia
518 2009 584 2070 que
614 1994 651 2056 ria
678 1995 764 2056 iilius
788 1996 1096 2071 remuneraturus,
1115 1996 1246 2074 proiecto
1268 1994 1319 2058 ilic

257 2094 415 2170 neutiquam
430 2101 581 2171 tyrannus
593 2101 649 2171 est,
663 2102 752 2170 sique
768 2095 878 2158 idcirco
889 2097 1055 2174 tranquilla
1064 2099 1108 2158 rei
1127 2097 1255 2176 publica
1268 2095 1319 2157 ad·

258 2192 417 2254 ministratio
431 2194 477 2254 ilii
490 2199 537 2254 est
550 2193 757 2270 relinquenda.
779 2197 809 2256 Si
828 2213 899 2256 vero
918 2196 1075 2271 tyrannico
1095 2212 1198 2274 reapse
1210 2194 1320 2272 guber·

256 2299 305 2362 nat,
318 2293 548 2371 prudentiorum
558 2295 712 2354 conciones
726 2279 784 2356 illae
797 2293 998 2371 impossibiles
1007 2301 1090 2355 sunt.
1205 2330 1210 2341 «

286 2393 465 2466 &Quanam
485 2391 547 2452 sint
566 2391 673 2454 delicta
693 2394 731 2455 ob
745 2409 812 2470 qum
827 2395 969 2471 princeps
987 2393 1164 2453 auctoritate
1176 2408 1236 2453 aua
1247 2409 1320 2470 spo-

257 2489 311 2552 liari
322 2495 420 2570 possit,
436 2509 579 2571 quanam
594 2494 762 2554 testimonis
772 2495 889 2554 sincera
900 2492 1122 2554 atsutiicicntia
1131 2492 1233 2553 futura
1246 2492 1318 2569 rint,

256 2591 326 2650 uuila
339 2591 384 2652 ier
396 2592 593 2664 determinat,
608 2591 660 2652 ubi
671 2593 808 2669 princeps
819 2597 863 2652 est
874 2591 1014 2654 absolute
1023 2591 1241 2670 independens.
1256 2592 1318 2654 Nisi

257 2696 341 2750 auum
354 2691 519 2752 bananica
531 2691 592 2750 sint
606 2692 778 2764 constituta,
791 2691 877 2751 nulia
888 2691 1319 2770 prudentioribusiiiianormr

257 2795 403 2868 uterque
421 2795 588 2869 agnoscant
613 2797 715 2852 utrum
732 2791 869 2871 princeps
890 2797 1038 2868 tyranrnrs
1057 2793 1107 2868 ait,
1127 2796 1233 2851 utrum
1243 2807 1318 2853 oon-

257 2891 341 2951 renim
353 2893 389 2953 ad
398 2876 604 2971 judicandum
619 2892 735 2969 possint
747 2892 793 2951 vei
807 2892 899 2952 etiam
915 2890 1058 2952 debeantss

288 2992 318 3049 6⁰.
328 2994 479 3072 Princeps,
496 2991 587 3051 ctiam
599 2990 679 3050 male
693 3008 757 3051 rem
774 2990 925 3069 publicam
939 3005 1056 3068 gerens,
1070 2992 1319 3068 nunqnam'solua

257 3095 301 3163 ast,
316 3091 391 3151 sada
414 3091 522 3153 multis
534 3092 561 3151 ei
580 3091 749 3151 faventibus
763 3092 946 3151 sustinetur.
966 3091 998 3156 Si
1012 3092 1095 3151 enim
1111 3089 1220 3150 validis
1235 3093 1319 3167 ejus-

258 3191 324 3251 modi
345 3193 555 3255 defensoribus
568 3200 691 3261 careret,
708 3192 849 3251 urriversa
869 3191 956 3251 ilium
978 3190 1169 3251 subditorum
1183 3190 1319 3251 multitu-

257 3286 314 3349 dino
332 3300 499 3364 aversante,
524 3294 590 3369 jam
609 3292 776 3369 principatu
800 3306 856 3351 suo
878 3289 985 3351 tuimet
999 3289 1142 3368 dejectus.
1154 3291 1230 3351 -iam
1249 3306 1319 3351 vcro

258 3384 284 3444 bi
296 3392 433 3470 principis
457 3390 628 3451 defensores
643 3396 715 3449 sunt
739 3394 770 3449 et
799 3390 856 3469 ipsi
871 3390 1002 3451 nononis
1026 3390 1117 3450 totius
1138 3406 1206 3468 pars
1222 3395 1252 3449 et
1265 3388 1320 3451 aii·

258 3488 363 3559 quando
376 3491 541 3571 praecipua.
567 3492 644 3565 Ergo
667 3489 744 3551 bium
769 3488 880 3551 adsum
894 3490 1027 3549 nationis
1045 3490 1194 3549 universae
1207 3494 1318 3566 partes.

259 3600 373 3659 quarum
391 3591 487 3651 altera
501 3590 627 3668 principi
649 3588 834 3661 adversatur,
853 3590 947 3650 altera
968 3589 1066 3666 iacet3
1086 3588 1182 3651 altere
1196 3604 1267 3649 cum
1280 3586 1319 3651 dc

261 3682 312 3745 ioco
333 3688 478 3767 dejicere,
494 3690 586 3749 altera
613 3688 755 3749 eumdem
777 3690 809 3749 in
826 3687 994 3767 principatu
1018 3705 1074 3751 suo
1093 3689 1222 3750 retinere
1240 3686 1316 3749 vuit.

260 3784 327 3845 inter
343 3788 430 3851 binas
452 3796 554 3849 autem
572 3788 627 3849 has
649 3793 747 3865 partae
761 3788 869 3849 nulius
884 3788 1013 3855 inueniri
1032 3793 1129 3867 potest
1139 3786 1232 3863 judex
1254 3786 1317 3847 ido·

259 3896 323 3945 ncus
336 3888 388 3963 qui
402 3906 468 3949 rem
483 3888 613 3949 dirimat.
631 3889 709 3963 Ergo
722 3902 881 3963 nunquam
893 3887 996 3949 licebit
1005 3886 1091 3947 citeri
1104 3883 1318 3962 nunonisparti

258 3992 346 4045 muira
357 3989 521 4067 principem
532 3994 623 4065 atque
638 3986 763 4047 aiteram
778 3994 893 4064 partem
913 3986 965 4046 iili
984 3986 1131 4049 insontem
1150 3984 1316 4060 insurgere.

291 4086 319 4142 7·
343 4088 478 4165 Denique
501 4087 635 4149 doctores
658 4087 719 4162 isti,
734 4088 785 4164 qui
803 4086 912 4165 populo
943 4100 1117 4169 supremam
1140 4083 1338 4161 plenamque

261 4189 419 4255 bobonum
433 4186 681 4265 abjudicandum
700 4186 737 4249 rie
756 4188 890 4265 principe
903 4188 945 4247 ita
956 4186 1106 4258 tribuunt,
1121 4192 1156 4246 ut
1167 4188 1264 4245 certas
1279 4189 1320 4259 ta·
1438 4176 1442 4199 ¹

261 4299 321 4345 men
338 4290 490 4353 cautiones
512 4288 636 4347 omnino
658 4286 842 4349 adhibendas
864 4304 929 4347 esso
948 4284 1320 4362 jndicerrt,‘similcssunt

262 4380 345 4459 iliius,
359 4388 412 4463 qui
428 4388 543 4449 bonrini
555 4388 668 4449 amenti
681 4402 715 4447 ac
733 4387 846 4449 furioso
865 4387 995 4449 securim
1014 4386 1168 4463 praeberet.
1181 4400 1252 4445 eum
1274 4382 1319 4443 rai

263 4484 374 4557 publice
387 4489 486 4549 solum
500 4488 659 4549 dominum
677 4504 711 4549 ac
721 4500 900 4565 supremum
909 4486 1043 4562 judicem
1055 4484 1157 4563 palam
1172 4492 1202 4544 et
1211 4497 1319 4547 corum

263 4582 316 4658 ipso
337 4587 546 4667 uepraeuieans,
568 4586 617 4647 sari
644 4587 738 4647 simui
765 4586 907 4647 sunniam
929 4602 1037 4667 rogans
1051 4592 1141 4663 etque
1161 4584 1320 4645 obsecrans

262 4698 306 4755 per
319 4687 362 4745 sui
377 4688 470 4765 ipsius
490 4702 637 4759 amoram,
653 4702 706 4764 par
726 4686 794 4745 boni
812 4684 924 4763 publici
938 4685 1087 4756 studium,
1114 4690 1148 4745 ut
1167 4696 1205 4743 na
1219 4680 1317 4755 ierint,

262 4786 332 4843 utne
349 4800 405 4847 sua
418 4791 559 4867 potestate
581 4786 734 4847 abutatur.
755 4778 887 4863 Poputns
899 4785 983 4847 enbn
995 4783 1125 4858 iunoni
1145 4792 1319 4860 supremum
