3559 5675
439 677 499 741 -ia'iti
846 694 926 740 ruitis
946 694 1107 740 remensus

439 800 611 863 credibilem
632 801 867 881 imprudentiam
885 802 1068 880 prestitisse,
1083 798 1174 878 penio
1186 798 1314 861 interius
1328 796 1490 859 ridebimus.

439 904 476 963 m
489 918 571 976 vero,
586 916 683 979 quum
694 901 773 982 apud
783 916 889 963 omnus
899 900 1061 962 catholicos
1068 898 1126 960 hoe
1136 899 1177 959 sit
1185 897 1275 976 piane
1286 896 1462 975 exploratum
1468 901 1495 956 et

438 1000 619 1079 noniessum,
631 998 747 1061 nuliam
759 1000 852 1061 diuini
864 999 949 1061 verhi
959 998 1233 1077 interpretationem
1240 1002 1337 1057 tutam
1344 1001 1374 1055 et
1383 994 1498 1055 numen

440 1100 528 1161 tinam
542 1116 624 1178 esse„
643 1100 765 1161 etiamsi·
778 1116 796 1159 a
807 1098 935 1159 counitio
949 1098 1160 1177 episeoporum
1178 1093 1342 1156 universali
1357 1093 1420 1153 hae
1435 1108 1498 1171 pro-

439 1197 539 1275 dierit,
553 1211 647 1277 qnam
662 1214 723 1259 nnn
733 1197 905 1278 probaverit
917 1200 1074 1258 Romanus
1085 1195 1219 1257 Pontifex
1234 1194 1403 1271 ultimoque
1413 1192 1499 1253 sauri·

438 1299 533 1375 verit;
545 1298 598 1375 qui
614 1297 736 1377 plenem
753 1296 849 1376 hujus
865 1296 1016 1359 Pontifieis
1030 1284 1208 1375 potestatem
1228 1295 1261 1354 in
1280 1292 1501 1354 controversiam

438 1404 535 1472 vocat,
551 1403 642 1458 totam
660 1398 758 1476 ipsam
774 1396 970 1457 christianam
984 1396 1076 1457 fidem
1089 1395 1122 1455 in
1136 1392 1264 1455 duhinm
1278 1392 1412 1471 conjicit,
1422 1390 1503 1451 iilud·

439 1513 499 1574 que
509 1496 728 1573 magisterium,
739 1512 801 1573 quo
811 1512 874 1555 uno
883 1494 981 1556 dooeri
995 1510 1168 1574 possumus,
1183 1492 1258 1571 quid
1270 1489 1449 1554 eathotienm
1458 1491 1502 1567 sit,

440 1594 514 1673 qnid
526 1594 718 1669 haereticum,
733 1608 801 1671 que
814 1580 852 1654 ad
865 1592 1062 1655 christianam
1072 1591 1239 1654 doctrinam
1252 1591 1433 1670 pertineant,
1443 1606 1504 1666 que
1576 1585 1577 1588 ’

357 1738 360 1745 -
439 1693 478 1755 eh
493 1692 547 1754 illa
567 1692 758 1771 abhorreant,
774 1692 941 1771 prodigiosa
952 1698 1058 1773 eaptus
1070 1692 1204 1756 menda
1218 1691 1376 1753 lahetaetm
1387 1704 1422 1751 ae
1434 1688 1505 1750 tun·

439 1791 522 1853 ditus
534 1792 650 1853 evertit.

479 1894 547 1965 Qno
562 1874 654 1951 etiam
668 1890 781 1952 fretum
800 1906 919 1968 semper
934 1896 981 1951 est
996 1905 1030 1951 ao
1045 1906 1165 1971 semper
1177 1888 1239 1966 iiet,
1256 1894 1293 1949 nt
1308 1888 1504 1968 quicunquae

440 1988 681 2051 rernehristiana
691 1988 749 2049 fide
758 2004 793 2049 an
804 1986 1115 2065 religionodetioiunt,
1127 1987 1207 2049 nihil
1216 1988 1312 2067 prius,
1322 1986 1404 2049 nihii
1416 1986 1506 2048 aerius

439 2087 497 2147 sihi
509 2086 680 2149 tumendum
692 2091 834 2161 statuant,
848 2102 942 2163 quam
956 2092 991 2147 ut
1000 2087 1129 2148 Romani
1144 2085 1294 2149 Pontidois
1306 2086 1505 2147 auctoritatem

441 2188 523 2249 omni
539 2187 582 2262 vi,
593 2188 675 2251 omni
690 2186 992 2267 handeoppnguent.

845 2406 1051 2471 iuncosus
1071 2410 1108 2468 11.

481 2574 524 2637 De
539 2577 699 2659 proempm's
711 2576 885 2659 praehendam
901 2528 1046 2641 Ecetranis
1064 2547 1477 2659 supramemoratum

872 2676 1085 2740 essentialiter.

484 2859 572 2920 enne.
596 2843 832 2922 nmamm.‘-
853 2858 897 2920 an
915 2875 969 2920 ans
989 2858 1113 2937 usqum
1132 2861 1253 2938 putus
1273 2860 1509 2937 ugnosoennum

442 2976 634 3038 nequaquam
650 2961 720 3020 satis
738 2966 783 3020 est
796 2959 984 3040 perspicuam
997 2962 1064 3036 eius
1077 2958 1285 3022 definitionem
1294 2961 1448 3022 statuisse.
1463 2963 1512 3022 ite

442 3059 539 3121 finitio
552 3075 684 3138 namque
694 3076 744 3120 eas
758 3059 838 3120 solas
851 3059 930 3120 entis
942 3059 1135 3152 proprietates
1145 3059 1275 3133 exhibet,
1286 3059 1512 3138 quaemffieiunt

442 3161 480 3222 ad
492 3159 569 3222 illud
583 3160 621 3220 ah
630 3160 764 3222 alioente
777 3176 957 3240 quoeunque
967 3159 1211 3237 discernendum,
1226 3167 1256 3222 et
1265 3177 1333 3238 qne
1345 3169 1422 3222 eunt
1431 3162 1512 3239 qnasi

443 3259 511 3320 fons
526 3258 605 3320 unde
620 3264 730 3320 cmterae
743 3259 826 3322 illius
838 3262 1033 3342 proprietates
1045 3259 1195 3322 defluunt.
1209 3262 1248 3322 At
1260 3260 1306 3320 hu
1320 3262 1511 3340 proprietates

444 3358 510 3420 atie
521 3356 779 3434 suntsingiliatim
790 3359 1016 3446 pempioiendm,
1031 3365 1066 3424 ut
1076 3359 1215 3424 distincte
1226 3365 1257 3420 et
1265 3358 1425 3436 admonete
1434 3359 1511 3421 iltius

444 3463 552 3519 natura
565 3463 714 3518 notentur.
731 3458 870 3520 Emlesiae
880 3460 973 3537 igitur
983 3454 1156 3522 definitione
1168 3464 1237 3539 apte
1249 3460 1422 3536 eonsilium,
1438 3477 1511 3539 pre·

443 3559 538 3636 cipue
546 3561 612 3636 Jam
621 3558 812 3635 proprietates
823 3559 960 3636 ejusdem
971 3560 1009 3620 nh
1018 3559 1075 3621 hae
1088 3559 1262 3622 definitione
1271 3564 1432 3620 manemus
1443 3573 1513 3620 ron·

444 3657 607 3720 siderandae
619 3663 706 3720 sunt:
717 3675 848 3740 quarum
862 3658 987 3736 quidem
1001 3658 1056 3721 has
1070 3677 1122 3720 sex
1134 3660 1297 3739 precipuas
1308 3675 1373 3720 esse
1387 3659 1513 3719 arhitra·

445 3776 527 3834 mur,
537 3758 681 3820 nimirum
694 3757 775 3836 quod
789 3775 823 3820 ea
834 3759 874 3820 sit
886 3760 1012 3822 societas
1023 3760 1170 3840 specialis,
1181 3758 1510 3839 spititualis,·visihilis,

446 3859 546 3934 unica,
561 3857 764 3937 independens
777 3863 806 3917 et
820 3857 1005 3936 obligatoria.

487 3958 575 4020 1270.
591 3959 659 4019 Poe.
675 3955 758 4018 624¹.
776 3989 811 4002 -
833 3957 1001 4021 Christiana
1019 3959 1150 4022 Emissis
1161 3965 1207 4021 est
1229 3960 1354 4022 societas
1377 3959 1511 4038 quadum

442 4056 588 4139 speciales.
676 4133 680 4138 Ι

484 4161 578 4222 Pron.
592 4191 632 4203 -
647 4159 759 4222 Omnes
778 4156 929 4236 homines,
942 4158 1000 4221 hm
1012 4161 1077 4240 ipso
1090 4159 1172 4240 qnod
1186 4159 1364 4221 naturaiiter
1375 4159 1413 4221 ad
1426 4177 1510 4222 eum·

443 4259 512 4320 dem
531 4257 674 4320 ultimum
687 4259 778 4322 tinem
792 4267 864 4322 eunt
876 4261 1016 4341 ordinati,
1031 4261 1195 4339 eademque
1208 4267 1318 4323 natura
1329 4261 1454 4341 proditi,
1468 4277 1512 4321 so·

443 4360 548 4421 dietate
567 4359 698 4436 quadam
714 4361 793 4422 inter
805 4379 837 4424 se
850 4365 1026 4441 conjunctos
1039 4379 1105 4426 esee
1117 4364 1186 4440 iam
1202 4362 1279 4424 libro
1292 4377 1326 4424 ιν
1344 4360 1425 4440 (437)
1438 4359 1509 4420 vidi·
1576 4392 1577 4411 r

444 4474 531 4531 mne3
542 4474 633 4536 quam
648 4460 817 4524 societatem
830 4465 1003 4527 venerimus
1015 4463 1223 4536 remmom.
1234 4479 1270 4525 eo
1281 4461 1362 4542 quod
1380 4466 1441 4522 tam
1452 4459 1508 4519 late
1576 4440 1577 4473 ¹

443 4557 495 4620 ilia
512 4563 621 4637 pateat,
635 4575 727 4636 quam
745 4561 810 4641 ipsa
828 4569 938 4626 natura
956 4564 1203 4646 humann,nujus
1215 4569 1330 4627 natnru
1341 4560 1508 4624 eommuuio

445 4663 489 4721 est
507 4657 631 4720 unionm
651 4657 743 4738 hujus
762 4664 909 4726 societatis
925 4667 1091 4729 vincutum.
1104 4664 1380 4746 Atquiohr'istimu
1391 4661 1508 4726 someth-
