3559 5675
478 747 539 816 ffl
885 769 966 816 sunu
985 765 1147 816 aarumms

479 885 556 960 ergo
569 897 695 964 persons
703 901 771 962 que
779 885 983 946 auctoritatem
991 885 1078 961 gerit,
1090 889 1135 944 est
1146 883 1239 944 veluti
1251 880 1384 944 medium
1395 879 1520 959 quoddam

477 981 514 1044 ati
527 984 674 1046 societatis
683 983 851 1046 tollentem
866 983 1052 1046 ordinatum.
1063 981 1153 1058 Atqui
1165 981 1329 1042 absurdum
1346 981 1522 1058 mtfinemip·

477 1091 695 1160 sumevertere,
711 1100 749 1145 ne
766 1083 901 1146 medium
916 1083 1038 1161 aliquod
1052 1081 1187 1142 indatur.
1205 1083 1282 1158 Ergo
1292 1080 1452 1142 absurdum
1463 1088 1523 1140 esset

478 1187 625 1250 societatis
632 1184 745 1246 bonirm
754 1185 870 1249 eilieere
880 1186 1126 1267 impossibilem
1136 1185 1278 1263 principis
1284 1188 1364 1261 jura,
1372 1199 1437 1262 qne
1443 1183 1524 1243 omnia

476 1283 512 1344 ad
533 1285 679 1346 constatis
702 1285 816 1346 bonum
841 1283 1021 1348 naturaliter
1032 1285 1170 1346 ordinata
1181 1290 1264 1354 suut,
1289 1283 1443 1344 letantur.
1459 1282 1524 1339 -l·

477 1385 536 1445 llos
552 1385 608 1463 ipsi
618 1384 805 1447 admittimus
819 1385 923 1464 (loos)
936 1384 1127 1462 tyrannidem
1140 1401 1193 1462 per
1207 1399 1239 1444 se
1252 1399 1318 1443 esse
1329 1397 1446 1442 raumm
1458 1379 1524 1440 sulti·

476 1483 614 1560 cientem,
629 1501 683 1546 our
698 1487 833 1564 princeps
848 1485 1022 1547 auctoritato
1035 1501 1091 1545 sua
1104 1485 1223 1560 politica
1232 1483 1348 1544 excidat
1363 1497 1372 1540 t
1386 1480 1461 1559 quod
1471 1495 1525 1539 rans

476 1582 604 1644 evidenti
620 1587 734 1646 ratione
748 1585 903 1647 tundetur.
925 1587 1012 1657 Nam,
1034 1593 1070 1644 ut
1084 1597 1140 1644 nos
1153 1584 1209 1662 ipsi
1222 1583 1383 1644 docuimus
1393 1579 1445 1655 (il.
1455 1576 1522 1659 prot.

479 1684 509 1740 1·
528 1687 638 1763 pera),
664 1685 809 1760 qnoniam
833 1685 993 1746 auctontas
1006 1681 1206 1743 essentialiter
1220 1691 1265 1742 est
1284 1685 1339 1759 jus
1349 1681 1489 1741 societatis
1499 1677 1525 1736 al

476 1797 637 1844 commune
657 1783 771 1844 bonum
793 1782 978 1860 ordinanda,
1005 1783 1203 1843 essentialiter
1217 1781 1248 1840 in
1260 1774 1388 1859 persona
1401 1788 1526 1857 prisme-

478 1880 624 1940 toritatem
639 1885 733 1957 gerat,
749 1881 827 1942 bine
838 1880 1202 1961 aptltutlinesueeesssrie
1216 1885 1307 1954 sunt3
1321 1877 1415 1938 altera
1426 1875 1523 1944 inentis

479 1981 511 2036 ul
523 1977 693 2052 societatem
707 1980 779 2040 sciat
791 1987 857 2058 apte
870 1980 1015 2057 diripera3
1028 1979 1123 2039 altera
1133 1977 1309 2048 volrmtstis,
1322 1982 1356 2036 ul
1365 1975 1489 2036 eamdam
1500 1969 1526 2030 sl

477 2075 591 2138 borium
605 2079 676 2138 velit
697 2079 868 2158 perducere.
893 2083 981 2156 Ergo,
1003 2079 1056 2140 ubi
1072 2076 1206 2156 pnnceps
1220 2075 1375 2152 tyrannice
1392 2075 1525 2151 gribemet

473 2173 539 2248 lam
553 2175 647 2236 altera
668 2193 703 2236 ex
724 2177 842 2240 duabus
858 2179 923 2239 istis
945 2175 1156 2238 essentialibus
1167 2175 1392 2236 conditionibus
1409 2178 1493 2239 caret;
1506 2173 1527 2228 et

477 2269 585 2334 idoneo
597 2291 632 2333 es
646 2275 740 2352 ipsius
750 2277 793 2336 rei
806 2281 926 2351 nature,
940 2279 1016 2353 quin
1029 2275 1154 2336 alterius
1175 2275 1270 2334 ullius
1286 2271 1465 2334 auctoritatis
1476 2283 1527 2328 sen·

477 2373 571 2432 tentia
577 2373 738 2448 judiciaria
749 2377 913 2436 neoesuria
926 2376 975 2445 sit,
986 2393 1005 2434 a
1018 2374 1187 2452 principatu
1199 2369 1332 2432 excidit:
1348 2369 1447 2430 codam
1459 2366 1526 2444 pisus

480 2469 580 2540 morlo,
605 2485 666 2548 quo
693 2475 832 2552 princeps
857 2473 1063 2534 auctoritatem
1087 2487 1176 2532 susm
1196 2470 1319 2541 amittit,
1346 2463 1529 2532 uelamentis

449 2617 457 2630 .
478 2575 619 2646 perpetua
634 2570 757 2632 laboret.
774 2573 850 2648 Ergo
862 2571 894 2630 in
906 2588 978 2632 casu
994 2570 1173 2646 tyrannidis,
1183 2573 1262 2630 sicut
1275 2570 1307 2628 ln
1321 2565 1527 2632 recisamentis,

479 2673 513 2726 ut
528 2665 662 2746 princeps
675 2671 846 2731 auctoritate
856 2670 1048 2744 suadecitlat,
1062 2667 1146 2730 nulla
1155 2678 1284 2746 opusost
1298 2662 1528 2731 auctoritatate,
1578 2710 1579 2719 ,

478 2779 545 2843 que
558 2767 720 2845 prinoipem
733 2769 1197 2850 auotoritatapoliticacsspoliot3
1209 2769 1285 2828 iacto
1296 2768 1380 2826 enim
1391 2767 1482 2845 ipsust
1491 2761 1528 2820 ie·

478 2864 555 2925 lectu
577 2869 727 2929 esserrtiali
745 2871 810 2945 jam
829 2878 873 2929 est
899 2871 1066 2947 principatu
1086 2869 1248 2947 spotiatus3
1274 2866 1326 2927 setl
1349 2858 1527 2927 taetumiiiul
1579 2859 1580 2906 ἶ

478 2966 644 3028 essentialis
665 2970 872 3049 ineptitudlais
892 2969 1083 3032 solummodo
1106 2966 1437 3047 comprobandumest.
1458 2957 1528 3035 luti

480 3065 535 3127 hoe
549 3066 664 3129 effluere
690 3070 746 3147 ipsi
769 3070 884 3131 subditi
900 3078 1026 3149 possunt
1051 3070 1083 3129 in
1106 3086 1178 3129 casu
1193 3066 1362 3144 tyrannidis
1373 3081 1432 3125 non
1447 3063 1528 3123 minu

479 3183 570 3243 quam
590 3168 621 3229 in
644 3186 716 3230 casu
737 3172 885 3231 amentias.
912 3173 991 3246 Ergo
1009 3170 1053 3229 sic
1064 3168 1210 3228 evertitur
1223 3166 1313 3227 unica
1326 3167 1412 3235 ratio.
1436 3165 1530 3241 propter

479 3282 569 3343 quam
587 3284 746 3345 negamus,
762 3270 926 3347 principem
948 3268 1196 3347 intlepenrleritem
1211 3266 1365 3341 tyrannice
1384 3263 1529 3340 gubernan-

480 3372 539 3425 tem
551 3384 664 3445 possea
677 3368 786 3446 populo
797 3370 917 3446 expelli,
929 3369 1003 3445 quia
1013 3368 1127 3428 scilieet
1138 3366 1225 3426 nulla
1238 3372 1411 3443 competens
1423 3356 1529 3421 auctori·

477 3472 523 3525 tas·
534 3464 572 3525 ad
586 3482 657 3525 eum
666 3465 866 3543 judicandum
880 3467 973 3527 adest.
990 3498 1031 3510 -
1042 3468 1073 3525 5·
1089 3465 1201 3523 Saltem
1215 3463 1346 3543 populus
1362 3464 1396 3523 in
1409 3460 1457 3521 tali
1470 3470 1526 3517 cast

480 3562 571 3624 habet
595 3566 647 3641 jus
672 3564 745 3625 belli
772 3571 875 3629 eontra
896 3582 990 3626 suum
1026 3564 1194 3643 principem
1215 3560 1351 3639 gerendi.
1386 3564 1455 3621 Nam
1471 3557 1530 3615 iuter

470 3662 620 3740 aqueus,
635 3663 688 3725 uhi
702 3665 893 3727 elterrationi
912 3665 1016 3728 celere
1038 3665 1124 3735 nolit,
1148 3665 1235 3739 altor,
1255 3680 1307 3740 pro
1321 3679 1383 3739 quo
1395 3659 1529 3723 mearet,

477 3763 684 3824 stremonium
700 3765 729 3824 vi
755 3778 929 3845 oppugnare
951 3770 1054 3843 potest
1079 3796 1116 3807 -
1131 3764 1165 3823 6⁰
1187 3762 1243 3831 tus
1261 3768 1367 3823 eontra
1387 3757 1529 3838 principem

480 3871 641 3940 tyrannum
663 3864 840 3941 insurgendi
862 3870 908 3925 nst
928 3870 1045 3925 certum
1060 3863 1092 3924 in
1105 3864 1254 3939 cujusque
1267 3862 1342 3923 civis
1360 3853 1528 3921 mnsotentits

478 3978 546 4041 quc
560 3978 657 4025 eurise
672 3965 825 4041 jnstitiam
842 3965 955 4043 optilam
967 3978 1146 4041 cognoscere
1158 3978 1193 4023 ac
1207 3960 1347 4039 judicare
1356 3964 1455 4039 potest.
1469 3954 1529 4025 5¹8⁰

479 4060 535 4123 hec
544 4062 721 4126 uerutudine
731 4064 856 4125 innixus
870 4070 964 4143 potest
974 4062 1192 4143 popmuajuste
1208 4060 1376 4139 principum
1388 4062 1527 4133 tyranuum

480 4162 639 4240 expellere.
654 4166 742 4239 Ergo,
758 4170 814 4225 etc.

518 4263 608 4323 1015.
623 4264 715 4323 llssr.
732 4278 773 4323 sn
789 4265 864 4323 1⁰¹⁰:
879 4294 916 4307 -
929 4264 1014 4327 Nsoo
1023 4276 1092 4325 sss.
1107 4276 1144 4323 rr
1158 4275 1225 4323 uls.
1238 4260 1378 4335 priosum
1391 4264 1526 4332 ememus

477 4364 549 4442 quia
561 4361 656 4421 multa
666 4368 738 4422 sunt
751 4362 811 4423 alia
823 4362 973 4441 ejusmodi
993 4363 1159 4425 infortunia
1173 4360 1360 4437 gravissima,
1370 4374 1435 4433 que
1446 4344 1527 4416 miseri

477 4463 651 4522 innocentes
664 4463 720 4539 pati
736 4480 772 4523 ex
794 4460 1002 4541 inpleturum
1023 4462 1183 4523 hominum
1205 4461 1362 4536 iniquitate
1382 4474 1417 4517 ae
1436 4448 1528 4513 write

477 4560 604 4637 debent·
617 4562 693 4639 quin
712 4564 755 4623 eis
774 4562 862 4623 liceat
882 4566 987 4623 eontra
1006 4576 1197 4639 oppressores
1216 4572 1288 4621 suos
1309 4576 1361 4637 per
1378 4556 1435 4618 uim
1447 4554 1528 4611 insur-

410 4730 412 4735 ,
476 4676 545 4736 gers
568 4662 676 4740 equod
702 4668 799 4723 milton
821 4668 850 4724 et
871 4662 929 4739 ipsi
956 4660 1116 4721 advesarii
1139 4660 1281 4724 latemur.
1302 4660 1422 4734 Semper
1441 4646 1526 4724 utique

475 4761 605 4823 luerunt·
618 4779 654 4823 ac
672 4776 791 4841 semper
812 4766 903 4821 erunt
923 4759 1013 4824 multi
1038 4776 1184 4840 pauperes
1203 4758 1333 4819 divitum
1348 4756 1423 4818 suu
1445 4758 1524 4811 totu·
