3559 5675
583 742 691 791 tome.
714 764 752 779 -
773 734 858 795 bruna
878 745 1069 799 omanorum.
1301 737 1359 802 dot

281 834 376 900 tiense
397 838 529 923 danique
542 846 705 914 Gallicanis
718 857 975 941 acceptissimum
991 864 1082 936 oqtto
1094 858 1127 919 in
1137 857 1360 937 quintadecima

278 938 414 1003 sessione
426 958 516 1023 poena
535 944 660 1013 carceris
675 952 806 1016 duorum
827 944 980 1019 meusium
993 960 1023 1018 'et
1039 960 1359 1022 excommunicationis

276 1044 391 1102 statute
401 1051 446 1105 est
454 1046 666 1125 perliceretom
674 1053 784 1127 silentii
796 1066 899 1118 eontra
908 1074 1013 1119 onanes
1026 1056 1276 1119 deliberationum
1290 1075 1359 1140 per·

277 1140 461 1218 turbatores,
475 1147 591 1209 etiamsi
598 1151 804 1232 imperiosius!
818 1157 917 1236 reptili
928 1154 1073 1233 dipnttoie
1085 1158 1130 1218 ilii
1144 1155 1357 1238 proscipeo'um

276 1254 368 1316 aquo
378 1238 409 1301 in
419 1249 550 1341 sessione
562 1250 677 1313 docimo
687 1254 1077 1333 septimadooernituromni
1089 1260 1201 1320 bonore
1214 1260 1242 1320 el
1258 1258 1356 1337 digni·
1388 1251 1390 1254 ’

277 1343 353 1413 tate,
369 1338 478 1421 ollloio,
489 1346 634 1411 benetioio
645 1355 843 1417 ecclesiastico
857 1357 903 1418 vel
917 1359 1045 1418 seorrlari
1057 1360 1122 1419 esso
1136 1357 1200 1437 ipso
1210 1362 1285 1420 lacto
1300 1359 1358 1440 pii·
1409 1366 1413 1372 ’

276 1444 384 1499 vatum
393 1460 475 1518 eum,
483 1447 656 1527 quicunque
668 1451 719 1515 ille
727 1456 777 1525 sit,
787 1456 848 1517 sive
857 1472 920 1527 rex,
933 1459 994 1518 sire
1003 1456 1355 1537 mrotnattupeottuba,

275 1536 531 1623 archiepiscopus,
548 1550 717 1630 episcopus,
735 1554 797 1616 sive
816 1554 896 1629 dux,
911 1558 1068 1636 princeps,
1083 1573 1193 1633 comes,
1213 1556 1356 1634 marolilo,

276 1642 351 1713 ete,
361 1642 414 1716 qui
429 1643 594 1724 impediret,
614 1652 757 1727 turbaret,
772 1664 889 1716 vetaret
903 1657 1175 1733 quomodocunque
1190 1648 1359 1734 Sigi's'rnu'n·

275 1736 353 1796 dnm
367 1739 577 1839 imperatorem
590 1748 634 1808 rel
648 1751 781 1827 aliquem
794 1740 909 1830 emejus
923 1754 1100 1818 llomitiibu's
1109 1754 1140 1815 in
1153 1756 1260 1817 itinere
1275 1753 1354 1833 qu'od

278 1837 460 1917 suscipiebat
478 1844 512 1904 ad
529 1846 756 1912 deliberandum
780 1854 817 1914 de
839 1870 908 1933 pace
926 1856 1059 1916 Ecclesia
1072 1859 1143 1916 ‘oum
1157 1854 1227 1932 rege
1241 1848 1358 1933 slago-

280 1936 359 2012 niae3
385 1956 402 1997 a
417 1957 478 2017 quo
497 1946 598 2022 plures
617 1950 683 2011 aliae
697 1958 852 2015 secuntias
867 1954 1186 2017 excommunicationis
1200 1963 1230 2016 et
1242 1955 1356 2036 deposi-

279 2036 371 2099 tionis
386 2041 453 2103 lata
466 2054 538 2107 sunt
551 2060 652 2111 contra
664 2056 762 2115 varios
776 2054 926 2136 principes
939 2058 1116 2135 singillatim
1130 2068 1160 2120 et
1172 2057 1273 2121 cutilia
1289 2068 1356 2121 om-

279 2150 336 2195 nes
355 2139 491 2202 universe
507 2146 656 2226 principes
677 2153 876 2227 quarumdam
896 2154 1000 2231 legum
1022 2157 1183 2217 violatores
1198 2152 1231 2217 i'n
1245 2160 1356 2219 sessio-

279 2234 372 2295 nibus
387 2238 544 2317 vigesima,
566 2238 720 2324 trigesima
740 2253 849 2331 prima,
874 2253 1027 2329 trigesima
1043 2247 1181 2331 sep‘tirna,
1203 2257 1356 2333 trigesima

280 2337 1357 2426 nona5qoodeniqueapprobenteCoboill'o,llartinusv‚sum1iausPon-

277 2430 368 2507 tifex,
383 2438 517 2517 praocipit
529 2444 678 2523 Fpiscopls
689 2454 718 2507 ct
730 2450 982 2526 inquisitoribus,
995 2455 1029 2509 ul
1045 2448 1203 2511 sectatores
1215 2456 1245 2511 et
1257 2449 1355 2529 patro·

283 2545 337 2637 nos
353 2531 464 2596 l'icleiii
483 2544 513 2597 et
531 2538 655 2604 Joannis
679 2548 743 2608 ilos
755 2546 908 2625 inquirant
919 2556 948 2609 et
961 2550 1101 2628 puniant,
1122 2554 1294 2631 quocunque
1310 2550 1353 2610 illi

282 2625 425 2705 depredato
437 2638 653 2719 prorfirlpeout,
676 2647 766 2707 etiarn
793 2647 900 2729 repud,
917 2648 1046 2728 reptante·
1064 2647 1176 2709 duculi:
1196 2646 1266 2719 Quae
1291 2664 1355 2711 om·

172 2800 173 2803 Ἴ
282 2728 334 2789 nia
346 2732 384 2790 ab
399 2733 447 2793 bis
467 2734 595 2815 aliisque
613 2743 753 2805 conciliis
773 2754 801 2806 et
814 2748 1007 2809 Ponddcibus
1021 2749 1139 2810 decreta
1154 2739 1183 2809 et
1196 2750 1355 2810 constituta

281 2836 365 2906 suot,
380 2834 440 2893 loto
458 2832 512 2897 illo
530 2843 572 2898 tot
588 2841 757 2905 seculorum
777 2836 918 2921 decursu,
935 2847 1105 2918 scientibus,
1120 2864 1180 2909 nou
1201 2865 1268 2909 raro
1282 2858 1355 2926 pra·

277 2927 429 3002 sontibus,
440 2948 501 2994 non
514 2937 759 3018 reclamantibus,
776 2946 925 3021 quinimo
937 2946 1038 3025 palam
1050 2947 1286 3026 approbantibus
1306 2965 1355 3005 re·

276 3025 368 3101 gibus
380 3047 414 3092 ac
423 3035 622 3116 principibus
636 3045 689 3120 qui
707 3045 831 3121 quidem
846 3052 875 3106 et
890 3036 939 3106 'liis
954 3046 1078 3108 decretis
1095 3041 1352 3124 obtemperabant,

277 3132 309 3186 at
322 3127 360 3186 de
373 3129 508 3208 legitima
519 3137 575 3200 hac
594 3142 731 3204 Ecclesia
746 3152 887 3222 potestate
904 3146 1022 3206 nnllam
1039 3159 1176 3224 uuquam
1191 3145 1354 3205 dubitatio-

280 3241 353 3287 nem
371 3232 546 3309 objecerunt
556 3242 610 3318 (o).
1250 3264 1254 3272 ’

322 3328 423 3405 Neque
437 3340 480 3393 eet
501 3352 621 3401 necesso
639 3343 760 3422 singula
780 3345 928 3422 ejusmodi
951 3345 1086 3425 exempla
1106 3346 1353 3418 commemorare,

277 3437 377 3501 quum
385 3429 644 3502 doctrinaanobis
652 3435 754 3524 'nuper
763 3437 1073 3524 explicota‚Cardinali
1083 3446 1280 3525 Duperrouio‚
1290 3444 1354 3502 tiro

279 3526 452 3592 doctissimo
469 3541 499 3594 et
518 3541 707 3616 gravissimo,
723 3562 823 3605 coram
838 3545 968 3606 statibus
982 3545 1180 3606 Generalibus
1202 3555 1353 3603 annorum

223 3713 225 3722 y
281 3627 360 3690 tort
374 3637 403 3690 et
418 3631 496 3698 tul5
509 3644 647 3716 testante,
660 3643 699 3702 sit
710 3642 846 3704 Ecclesia
861 3643 1043 3704 Universalis
1054 3643 1196 3716 doctrina,
1213 3645 1244 3703 iu
1257 3641 1355 3703 olunt·

281 3731 338 3794 bus
353 3737 464 3800 sobolis
474 3740 626 3802 catholicis
640 3749 782 3820 perpetuo
795 3741 902 3802 tradita
915 3741 972 3820 (d).

287 3961 290 3966 ·
311 3945 349 4008 (o)
360 3947 398 3998 Ci.
412 3951 492 4010 quoad
505 3951 559 4002 buo
569 3957 654 4002 ornnte
668 3949 798 4011 balaeum,
809 3941 922 4015 i'liptise
935 3955 959 3999 et
971 3939 1056 4010 l'iftot,
1068 3957 1087 4000 t.
1102 3963 1128 4008 u,
1139 3950 1184 3999 tib.
1199 3963 1232 4006 ιι,
1244 3963 1302 4009 cup.
1316 3952 1340 4001 b.

312 4019 434 4082 tolonum
442 4023 539 4074 Tertius
547 4028 633 4075 stolus
641 4028 735 4090 peteret
743 4031 771 4074 ut
781 4024 890 4073 statibus
899 4023 1352 4085 Genemllbussauotretur‚tamquaur

280 4099 346 4154 reem
357 4097 396 4148 lex
407 4097 729 4161 lundomenlalts‚elsoiota
737 4101 790 4150 nac
798 4103 868 4160 regim
877 4103 1005 4163 potestatis
1015 4091 1214 4161 independentta.
1226 4097 1278 4146 bac
1289 4099 1353 4147 lutor

278 4167 328 4215 alta
341 4168 521 4230 liupernrntus,
534 4175 641 4223 altorum
655 4171 762 4222 duorum
773 4171 891 4222 statuunt
902 4173 1013 4228 nomine,
1026 4181 1071 4232 pro
1083 4172 1201 4218 concione
1214 4170 1349 4218 dtmeroite

281 4255 293 4278 ι
306 4237 339 4287 Ge
358 4239 420 4290 n’et
434 4245 503 4303 point
521 4255 578 4302 mov
591 4245 632 4304 qul
647 4242 714 4303 parte
732 4255 762 4291 en
774 4247 836 4292 cette
846 4253 930 4298 cause,
940 4242 1006 4289 mals
1016 4245 1071 4287 tout
1082 4237 1106 4288 ia
1123 4251 1195 4300 corps
1215 4239 1246 4287 de
1256 4237 1351 4290 l'0rtlre

278 4309 469 4375 occideruntque,
479 4317 504 4363 et
521 4319 578 4364 tout
596 4313 666 4376 celuy
682 4315 712 4362 de
723 4313 747 4362 le
762 4313 882 4373 noblesse,
897 4313 939 4373 qul
954 4311 991 4360 iol
1009 4310 1350 4372 compositionemque

275 4379 368 4441 osputs
385 4395 425 4432 ces
437 4385 514 4435 douae
528 4387 655 4446 seigneurs
673 4387 724 4448 prts
735 4385 778 4434 dee
791 4383 868 4431 douae
878 4387 1087 4446 gouvernourents
1099 4381 1132 4430 du
1151 4393 1280 4444 eunome,
1299 4383 1350 4433 aba

277 4449 424 4503 d'autorlser
442 4469 495 4506 mes
508 4458 605 4520 perolas
625 4459 657 4506 do
678 4456 731 4505 leur
746 4454 863 4518 presence
875 4457 901 4502 et
920 4452 1059 4515 timoigner
1070 4465 1101 4502 en
1112 4457 1178 4502 cette
1198 4457 1310 4504 occasion
1325 4455 1348 4503 la

278 4535 375 4574 mesiae
387 4525 501 4578 devottoa
514 4539 563 4591 que
580 4527 646 4579 leurs
667 4525 851 4592 predecessoris
861 4525 1000 4590 ootportee
1011 4526 1026 4574 t
1038 4525 1172 4586 idaliae...
1183 4524 1256 4575 totto
1266 4527 1351 4576 aalide

277 4597 392 4646 mallent
403 4595 428 4646 la
437 4597 561 4662 negative,
571 4599 585 4648 l
594 4601 689 4658 seevolr
699 4595 760 4659 qu'ii
772 4597 814 4660 n'y
827 4607 936 4647 aaucon
945 4608 987 4646 cas
999 4597 1090 4659 auquel
1102 4597 1139 4647 les
1150 4597 1229 4657 solete
1237 4601 1349 4661 putseent

196 4667 199 4676 '
274 4668 327 4718 etro
339 4667 431 4719 absone
442 4667 476 4719 du
487 4670 636 4722 carmentae
647 4669 832 4734 caenomanis
840 4671 885 4718 out
894 4669 940 4719 ialt
949 4667 964 4717 i
972 4668 1028 4718 leur
1037 4669 1124 4736 prinae
1132 4684 1140 4731 ;
1149 4674 1215 4720 stau
1227 4672 1351 4719 oootmlre

273 4745 355 4792 tontes
365 4741 401 4793 los
412 4747 495 4792 autres
505 4743 596 4805 pentes
604 4743 634 4793 de
643 4741 743 4805 l'llglise
752 4741 907 4804 catbollque,
917 4741 1007 4805 cquis
1018 4752 1068 4804 que
1080 4732 1201 4792 leudes
1212 4740 1244 4790 de
1252 4740 1346 4792 theoto
