3559 5675
566 741 672 786 sunna.
698 758 735 773 -·
757 742 841 787 trouu
862 743 1035 788 undeunde.
1279 726 1333 787 tat

303 842 437 907 Cortum.
452 849 526 904 2³·
541 847 582 907 lle
594 847 786 910 ethnarchioa
797 848 1008 911 societatchaec
1019 850 1110 926 igitur
1116 851 1183 926 jam
1193 855 1345 930 comperta

266 950 361 1005 sunt:
704 954 707 960 “
809 960 811 963 ·
1247 976 1251 984 ·

200 1090 208 1111 .
309 1050 342 1105 1ολ
349 1048 501 1120 Quoniam
514 1049 685 1112 nationibus
696 1053 864 1137 equalibus
878 1054 1053 1115 ethnarehia
1064 1051 1262 1133 componitur,
1276 1055 1345 1115 eth·

246 1144 406 1212 ,marchisa
425 1150 586 1211 auctoritas
603 1152 636 1211 in
656 1168 762 1213 earum
783 1154 924 1214 unanimi
946 1170 1105 1232 consensu,
1122 1159 1174 1215 aut
1195 1155 1299 1216 sdtem
1314 1153 1347 1213 in

263 1248 518 1310 consentientium
530 1252 714 1330 pluralitate,
726 1254 864 1331 residet„
888 1263 907 1287 ··
956 1322 978 1335 Η
1023 1272 1027 1278 ’

307 1350 341 1409 2⁰
353 1350 439 1410 Natio
450 1352 599 1429 quaepiam
612 1354 753 1431 peculiari
766 1354 876 1417 lmdere
889 1372 960 1417 cum
974 1356 1043 1417 aliis
1054 1356 1237 1434 quibusdam
1246 1371 1351 1417 conso-

266 1452 345 1511 ciata
359 1450 464 1527 nequit
476 1450 676 1515 eunarehiee
687 1454 832 1517 voluntati
849 1458 893 1519 sio
906 1458 1095 1520 minilestatae
1108 1457 1259 1531 reluctari,
1273 1451 1350 1533 quin

266 1551 428 1613 relationes
454 1554 718 1633 internetionales,
742 1557 854 1634 quibus
876 1559 910 1617 in
932 1559 1056 1620 unicam
1082 1558 1254 1619 societatem
1279 1569 1350 1616 cum

265 1652 335 1713 aliis
359 1644 614 1731 conjungebatur,
639 1654 704 1734 ipsa
725 1656 893 1719 dissolvat:
923 1659 1034 1720 sociale
1058 1659 1171 1740 quippe
1194 1654 1351 1718 vinculum

266 1754 392 1832 trangit,
404 1756 523 1817 socialis
535 1758 720 1819 auctoritatis
728 1762 814 1836 Jussa
826 1760 1027 1822 detrectando.

311 1856 346 1916 3ο
359 1856 530 1917 'Auctoritas
544 1856 597 1918 illa
608 1859 651 1919 sie
665 1861 825 1933 constituta
838 1868 868 1922 et
878 1863 932 1939 J'us
945 1867 975 1922 et
984 1861 1047 1922 vim
1060 1858 1150 1941 habet
1163 1860 1201 1921 ad
1215 1858 1353 1920 ordinem

270 1956 414 2016 intereas
427 1956 563 2021 nationes
574 1962 605 2018 et
615 1958 855 2020 conservandum
869 1948 1353 2033 etvindieaudum.ouumeni1n

269 2061 301 2115 in
324 2054 505 2133 pluralitatis
527 2072 674 2119 consensu
697 2058 762 2119 illa·
775 2059 914 2135 resideat,
935 2061 1129 2122 manifestum
1150 2067 1195 2122 est
1216 2059 1356 2138 pluribus

267 2153 360 2215 sociis
381 2154 553 2243 nationibus
565 2158 627 2217 vim
640 2156 678 2219 ad
692 2159 850 2237 pauciores
866 2160 1048 2221 reluctantes
1058 2160 1242 2238 subigendas
1253 2160 1356 2221 deesse

267 2268 333 2313 non
353 2270 441 2331 posse
454 2252 468 2313 :'
479 2270 541 2331 qua
555 2252 588 2315 in
604 2272 637 2315 re
654 2255 745 2316 aliam
766 2242 903 2337 quisque
919 2258 1001 2318 ridet
1019 2259 1248 2337 applicationem
1270 2257 1356 2318 illius

268 2354 416 2434 principii
427 2356 499 2431 :jus
509 2354 604 2415 tendit
617 2354 655 2415 ad
670 2372 735 2425 sese
747 2372 817 2416 cum
831 2357 860 2415 ri
874 2358 1133 2434 conjungendum.

278 2490 281 2495 ι
311 2454 448 2517 cenom
465 2452 495 2515 3.
508 2444 548 2501 ’-
561 2458 664 2531 Quum
687 2448 877 2519 ethnamhica
897 2454 1058 2518 auctoritas
1076 2457 1111 2517 in
1131 2456 1288 2518 nationum
1310 2472 1358 2517 so·

267 2556 391 2617 ciarum
402 2570 550 2617 consensu
561 2556 702 2630 resideat,
710 2556 837 2643 plurimi
847 2557 1096 2619 oheemeausam
1108 2556 1142 2617 in
1150 2556 1234 2617 hune
1245 2555 1358 2615 mentis

267 2670 406 2715 errorem
417 2655 553 2732 perducti
564 2662 648 2732 sunt,
660 2661 694 2715 ut
707 2657 922 2732 existimarent,
938 2656 1160 2719 observantiam
1170 2656 1250 2736 jurio
1262 2656 1359 2716 inter-

267 2754 436 2817 nationalis
446 2771 464 2814 a
476 2754 633 2817 nationum
647 2754 882 2817 consociaturum
897 2757 976 2818 bona
988 2757 1151 2833 voluntate,
1166 2764 1220 2828 eut
1232 2774 1249 2817 a
1263 2756 1360 2818 libero

268 2856 452 2918 earumdem
466 2863 550 2936 pacto
564 2857 705 2935 pendere.
725 2859 877 2918 Nimirum
890 2859 972 2936 quod
990 2858 1028 2919 de
1042 2859 1218 2920 auctoritate
1233 2858 1315 2919 civili
1331 2863 1361 2919 et

269 2957 397 3037 politica
406 2958 471 3033 jam
483 2957 596 3021 lactum
611 2957 708 3017 lueret
719 2955 814 3034 (459),
826 2957 931 3018 sedern
941 2958 1005 3018 sive
1016 2972 1166 3034 organum
1179 2957 1362 3018 auctoritatis

264 3072 344 3117 curn
360 3057 605 3136 ipsauuctoritate
619 3056 663 3116 illi
674 3055 888 3136 confuderunt,
904 3062 934 3117 et
943 3057 1126 3116 auctoritatis
1135 3061 1303 3117 concretam
1312 3055 1363 3115 de·

264 3155 597 3216 terminationemcum
608 3155 1091 3236 ejuscreationepermiscuerunt.‘
1099 3155 1260 3230 Quumque
1268 3154 1363 3215 socio·

268 3269 347 3314 rum
363 3268 528 3314 consensus
539 3253 643 3330 utique
660 3252 762 3313 sedern
775 3255 958 3314 auctoritatis
970 3269 1047 3332 saepe
1061 3251 1250 3326 determinet,
1264 3258 1366 3314 aucto-

270 3353 398 3413 ritatem
417 3354 513 3432 ipsam
529 3351 586 3412 hoc
603 3367 752 3414 consensu
770 3354 864 3414 creari
883 3353 1019 3414 arbitrati
1038 3357 1120 3413 sunt.
1141 3354 1213 3427 Quae
1236 3351 1365 3430 quidem

269 3453 465 3514 diversarum
487 3468 590 3513 rerum
612 3452 750 3514 conlusio
768 3469 803 3513 ac
817 3454 987 3532 permixtio,
1002 3463 1101 3529 quum
1119 3451 1156 3514 de
1175 3452 1367 3515 ethnarchica

268 3555 419 3617 societate
429 3553 537 3630 agitur,
558 3559 587 3614 et
599 3553 696 3614 multo
709 3551 839 3630 lucilius,
855 3561 884 3614 et
895 3554 993 3615 multo
1006 3554 1108 3616 minus
1120 3552 1287 3634 periculose
1299 3553 1368 3615 lieri

268 3656 386 3737 potuit.
399 3669 490 3732 quarn
504 3653 556 3714 ubi
578 3655 676 3730 agitur
690 3653 727 3713 de
741 3652 821 3715 cirili
837 3655 989 3715 societate.
1006 3655 1125 3714 Etenim
1140 3654 1177 3714 ad
1191 3654 1271 3716 hanc
1283 3660 1369 3733 pacto

271 3755 383 3818 sociali
416 3753 620 3829 tundendam,
646 3754 851 3816 commentitia
879 3753 1018 3830 quedam
1049 3759 1139 3829 atque
1173 3754 1368 3834 impossibilis

273 3856 443 3918 hominum
457 3853 690 3934 independenlio
710 3852 910 3930 confingenda
924 3853 983 3912 luit
994 3849 1088 3929 (458),
1100 3857 1131 3911 et
1141 3850 1275 3913 humana
1287 3870 1369 3931 qum-

272 3957 477 4017 damnatura
498 3969 602 4015 secum
623 3955 687 4033 ipse
706 3969 857 4034 pugnans.
875 3955 912 4014 At
926 3953 958 4012 in
971 3949 1148 4010 ethnarchia
1158 3967 1265 4011 verum
1279 3953 1369 4030 plane

274 4063 324 4118 est
351 4055 517 4116 auctoritati
540 4053 738 4115 ethnerchicae
763 4049 1060 4133 praesupponendum
1091 4064 1156 4108 esse
1188 4051 1368 4112 anteriorem

274 4152 445 4234 quemdam
468 4159 578 4214 statum
600 4153 759 4214 nationum
783 4157 985 4232 separatarum
1005 4155 1036 4210 et
1054 4147 1203 4225 reciproce
1220 4146 1368 4225 indepen-

278 4255 434 4324 dentium,
458 4254 512 4330 qui
531 4259 560 4316 ct
583 4259 696 4313 naturae
712 4252 906 4330 singularum
922 4250 1080 4311 nationum
1094 4247 1207 4326 optime
1218 4247 1369 4320 convenit,

280 4361 313 4416 et
331 4367 403 4414 cum
424 4352 723 4413 historicishumani
747 4353 866 4429 generis
887 4348 1095 4411 monumentis
1116 4361 1193 4426 saepe
1211 4347 1368 4408 consentit.

280 4455 382 4532 lgitur
404 4451 596 4513 ethnarohica
614 4451 750 4528 societas,
765 4467 861 4528 quum
881 4451 976 4512 libero
994 4463 1144 4510 consensu
1167 4441 1371 4526 copularetur,

277 4554 340 4616 sub
352 4553 451 4614 torma
463 4551 651 4631 polyarchica
664 4569 719 4630 per
738 4567 771 4612 se
785 4550 995 4625 enascebatur,
1011 4549 1086 4626 quia
1105 4547 1266 4608 auctoritas
1286 4545 1372 4606 initio

277 4653 407 4734 quidem
431 4669 515 4730 mque
536 4652 572 4714 ad
597 4651 711 4731 omnes]
725 4651 853 4730 pertinet
868 4650 973 4729 socios,
998 4651 1109 4729 quippe
1125 4649 1179 4725 qui
1199 4663 1258 4708 non
1273 4647 1372 4709 solum

274 4753 418 4834 specifice
432 4752 485 4814 sed
500 4752 726 4815 individualiter
739 4751 869 4829 aeqrrales
883 4757 964 4812 sunt.
