3559 5675
581 756 689 804 serua.
713 775 753 791 -
773 759 857 806 erasa
879 759 1073 807 nuonecraus.
1300 741 1356 806 sot

277 855 430 936 paralium
442 857 497 918 sibi
510 875 636 940 semper,
653 869 809 943 tamquam
820 865 973 927 abomina
985 869 1147 944 acceptant,
1158 863 1359 941 vindicarunt,

276 955 378 1032 quoad
397 958 542 1020 moralem
566 977 668 1023 earum
695 963 964 1041 gubernationem:
981 981 1048 1043 quae
1071 966 1172 1025 omnia
1187 957 1224 1026 et‘
1239 962 1360 1041 singula

278 1057 688 1146 suntproleetograsissima.
827 1067 830 1071 ’

319 1159 380 1216 2⁰³¹
406 1159 464 1231 Qui
488 1160 646 1239 opiniones
667 1162 735 1224 illas
748 1180 908 1242 nunquam
932 1165 1101 1242 damnatas,
1117 1163 1205 1224 nulla
1224 1180 1362 1242 unquam

276 1273 407 1320 censura
413 1263 529 1320 notatas
536 1262 574 1323 ab
584 1263 714 1325 Ecclesia
720 1264 812 1326 tuisse
824 1266 973 1341 dictitant,
986 1271 1072 1345 turpe
1081 1263 1160 1326 illud
1171 1265 1364 1325 committunt

278 1357 442 1437 sophisma,
451 1360 531 1438 quod
541 1361 687 1425 dialectici
695 1371 816 1427 vocant:
829 1363 855 1425 Α
866 1363 947 1426 dicto
956 1364 1113 1428 secandam
1123 1363 1195 1446 qaid
1202 1362 1241 1424 cd
1251 1361 1364 1425 dictam

277 1456 465 1538 simpliciter.
480 1460 620 1523 Statuunt
629 1465 710 1524 enim
719 1482 767 1526 eas
779 1466 935 1545 opiniones
947 1465 1029 1526 nullo
1036 1463 1225 1547 pactoiuisse
1235 1465 1364 1526 damna·

278 1566 338 1633 tas,
351 1561 495 1636 quianon
518 1569 589 1622 sunt
603 1564 751 1627 damnata
773 1584 837 1626 cam
851 1565 927 1626 noca
946 1564 1156 1646 peculiaribus.
1178 1567 1216 1626 At
1234 1565 1363 1644 prolecto

277 1657 350 1718 illas
363 1675 428 1720 csse
441 1661 620 1742 simpliciter
638 1665 833 1744 improbatas,
848 1683 915 1746 seu,
930 1667 1012 1745 quod
1033 1667 1113 1728 idem
1124 1672 1178 1745 est,
1194 1665 1364 1754 damnatas,

278 1761 469 1839 apertissima
484 1765 653 1827 testimonia
664 1766 834 1828 ostendunt.
851 1767 897 1828 ab
916 1783 1021 1828 eorum
1035 1773 1133 1828 tamen
1148 1784 1284 1828 errorum
1299 1767 1365 1828 cla-

278 1861 345 1922 rius
362 1860 546 1938 designanda
559 1863 705 1943 qualitate
722 1865 867 1928 abstinuit
882 1865 1015 1927 Ecclesia
1035 1865 1074 1926 ob
1097 1881 1201 1926 causas
1221 1866 1364 1944 gravissi·

279 1961 644 2036 mas,utmoxdicemus.

320 2062 421 2138 ltaque
438 2061 517 2123 idem
535 2063 679 2126 inhaere
692 2066 741 2126 isti
759 2065 831 2126 boni
845 2064 1012 2127 admittunt
1024 2065 1190 2145 sophisma,
1205 2063 1286 2144 qnod
1298 2066 1363 2142 jam

277 2161 311 2220 in
330 2159 391 2221 illis
405 2162 560 2238 arguimus
575 2163 689 2240 (l309),
701 2183 797 2242 quum
812 2162 952 2226 dicebant
977 2166 1148 2244 Episcopos,
1167 2167 1225 2226 nisi
1251 2163 1288 2226 ad
1313 2181 1363 2230 eos

276 2261 423 2339 pertineat
445 2261 588 2323 ultimum
602 2262 670 2323 fidei
683 2264 846 2342 judicium,
865 2279 929 2323 non
953 2279 1019 2323 csse
1033 2263 1165 2343 amplius
1177 2265 1210 2325 in
1235 2261 1365 2324 Ecclesia

276 2375 365 2421 veros
379 2359 506 2439 judiees.
522 2363 638 2439 Negant
657 2365 739 2423 enim
765 2365 926 2442 Episcopos
950 2379 1014 2422 esse
1034 2362 1207 2423 christiana
1224 2361 1364 2424 doetrinae

273 2459 393 2538 judices
404 2459 592 2540 simpliciter,
607 2463 633 2523 si
645 2478 707 2523 non
723 2463 783 2523 sint
795 2461 935 2541 ejusdcm
944 2461 1063 2539 judices
1077 2458 1319 2541 irreformabiles.

320 2561 373 2623 3¹¹⁸*
383 2562 485 2636 Quum
493 2561 686 2624 manifestum
696 2562 832 2624 Ecclesiae
837 2562 988 2642 judicium
1001 2561 1037 2624 de
1046 2561 1148 2640 aliqua
1158 2560 1359 2637 rehabcmus,

278 2659 323 2721 nil
338 2676 459 2740 prorsus
473 2661 578 2740 refert,
595 2662 718 2740 quidde
735 2663 840 2725 eadem
861 2679 893 2723 re
905 2662 955 2723 hic
969 2667 1022 2723 aut
1038 2661 1159 2734 illevit,
1174 2657 1363 2723 doctrinarel

281 2762 374 2822 ctiam
388 2761 587 2823 ecelesiastica
603 2760 747 2840 dignitate
759 2767 1026 2841 quantumcunque
1040 2760 1228 2841 precellens,
1248 2759 1361 2821 doceat·

278 2866 436 2940 l‘crperam
451 2878 522 2939 ergo
543 2862 640 2923 solent
658 2861 716 2923 hoe
736 2861 801 2923 loeo
822 2861 909 2923 nobis
933 2861 1073 2941 praelata
1093 2859 1230 2939 quadam
1243 2858 1362 2922 obtrudi

278 2963 404 3023 nomina
428 2967 585 3024 auctorum
610 2962 787 3039 negantium
811 2979 862 3023 eas
881 2962 1039 3040 opiniones
1057 2961 1150 3022 luisse
1171 2978 1312 3038 unquam
1326 2960 1363 3020 ab

279 3062 408 3123 Ecclesia
418 3062 583 3123 damnatas.
596 3064 697 3138 Neque
710 3063 792 3123 enim
809 3061 882 3138 quid
897 3061 947 3121 hie
963 3066 1016 3120 aut
1028 3058 1081 3119 ille
1094 3066 1208 3134 auctor,
1221 3060 1290 3137 praej
1296 3058 1363 3118 udi·

275 3160 349 3221 eatis
369 3160 562 3239 opinionibus
574 3158 726 3238 deceptus,
740 3158 885 3232 docuerit,
903 3156 954 3217 sed
969 3172 1108 3235 quanam
1123 3156 1163 3216 sit
1178 3152 1264 3217 Sedis
1283 3159 1360 3234 Apo·

276 3256 499 3337 stolicacatque
517 3258 655 3320 Ecclesia
672 3256 852 3319 Universalis
868 3254 1021 3331 doctrina,
1045 3254 1243 3333 quarendum
1260 3253 1360 3337 chris7

278 3358 428 3418 tianoest.
474 3367 487 3387 ·

319 3457 409 3534 Atqui
424 3458 487 3536 ipsa
501 3460 533 3518 in
545 3455 714 3518 istiusmodi
730 3457 902 3518 auctoribus
927 3454 1133 3536 disputationis
1149 3454 1254 3516 levitas
1274 3460 1363 3518 cauta

279 3556 384 3619 lectori
404 3557 491 3618 facile
513 3557 695 3637 plerumque
724 3556 984 3619 inconsiderantia
1010 3554 1211 3635 suspicionem
1241 3555 1360 3633 ingerit·

283 3658 404 3729 Videas,
416 3675 445 3717 a.
458 3676 503 3737 p,
517 3657 617 3718 doctos
630 3659 721 3719 etiam
734 3674 897 3736 gravesque
909 3663 1043 3719 auctores
1052 3657 1090 3718 de
1100 3655 1247 3734 gallicana
1259 3655 1359 3718 decla·

279 3757 392 3819 ratione
411 3758 454 3817 sie
479 3756 515 3818 ad
544 3775 697 3819 summam
710 3764 859 3820 statuere:
881 3774 899 3817 a
918 3758 1053 3817 Summis
1076 3756 1269 3816 Pontificibus
1295 3772 1362 3815 eam

276 3860 373 3921 fuisse
387 3866 539 3932 cassatam,
549 3858 744 3932 annullatam,
760 3864 792 3919 in
805 3856 932 3919 nibilum
945 3855 1094 3918 redactam
1101 3872 1116 3929 ,·
1127 3872 1193 3917 eam
1207 3855 1297 3929 igitur
1310 3870 1364 3915 no·

278 3960 327 4023 bis
342 3958 467 4038 perinde
479 3976 588 4021 esseae
606 3960 632 4019 si
651 3975 808 4037 nunquam
828 3959 1001 4019 exstitisset.
1011 3957 1060 4031 dt,
1070 3972 1106 4015 ne
1120 3950 1194 4035 quid
1205 3969 1363 4037 ccapqere·

276 4080 354 4135 maa,
369 4061 466 4137 aiunt,
487 4059 762 4121 animadvertamus
774 4064 903 4137 quatuor
920 4059 985 4134 ejus
997 4052 1203 4115 declarationis
1224 4051 1365 4113 articulos

278 4177 440 4240 nunquam
472 4160 565 4221 iuissc
589 4160 757 4232 damnatos,
781 4160 866 4221 nulla
900 4170 1036 4235 unquam
1072 4168 1200 4215 censura
1234 4157 1363 4212 notatos.

277 4264 433 4337 fatemur,
447 4267 576 4341 pergunt
591 4258 649 4338 illi,
670 4260 727 4320 sub
742 4258 896 4338 Clemente
909 4260 960 4319 llll
974 4256 1167 4318 uehementer
1182 4250 1274 4316 luisse
1290 4250 1365 4314 deli-

277 4364 417 4425 beratum
441 4362 478 4422 de
500 4359 670 4441 desertione
691 4361 832 4421 doctrina
854 4361 886 4420 in
906 4377 941 4421 ea
963 4356 1160 4419 declaratione
1176 4360 1319 4415 contentae
1344 4374 1362 4415 a

276 4466 424 4525 Bossueto
441 4462 607 4541 conscripta
629 4460 865 4535 condemnanda,
880 4465 914 4521 ut
939 4460 1027 4521 relert
1050 4454 1228 4520 Benedictus
1253 4456 1316 4517 lllll
1331 4458 1363 4517 in

275 4563 404 4642 epistola
425 4563 463 4625 ad
489 4564 669 4642 Episcopum
703 4561 992 4639 compostellanum.
1021 4560 1073 4619 Vix
1104 4557 1184 4619 enim
1209 4556 1363 4648 reperias,

276 4665 383 4727 scribit
402 4664 547 4737 Pontifex,
571 4663 665 4723 alium
685 4662 799 4723 librum
821 4679 906 4739 aque
932 4664 1151 4741 repugnantem
1173 4656 1314 4717 doetrinae
1336 4656 1368 4716 in

278 4763 415 4829 Ecclesia
428 4766 582 4841 universa,
598 4770 702 4842 prater
716 4780 806 4824 unam
825 4762 968 4837 calliam,
985 4750 1122 4841 accepta,
1136 4756 1234 4835 quoad
1250 4754 1368 4815 summi
