3559 5675
623 717 729 764 sonui.
755 739 791 750 -
814 720 897 766 tinen
919 721 1107 770 nuonrcruns.
1335 707 1393 771 did

356 823 393 883 ll.
424 824 617 902 tinnitumque
640 826 787 899 dioensis,
802 845 900 906 quum
923 832 962 890 sit
988 833 1171 892 consortium
1187 829 1392 913 iroruopeneum

314 924 421 1001 (1278)
436 924 574 986 Ecclesiae
590 929 691 1003 totius,
711 933 756 988 oet
778 930 872 990 simul
885 933 1068 992 consortium
1089 931 1306 1014 teteropeueum
1322 937 1392 996 su-

313 1033 365 1090 tue
384 1030 496 1107 politici
521 1030 569 1092 vel
600 1031 743 1106 nationis,
766 1032 821 1108 qui
845 1033 945 1092 Status
970 1033 1017 1090 vel
1042 1034 1123 1094 natio
1149 1041 1192 1094 est
1208 1031 1391 1096 consortium

312 1130 407 1192 etiam
419 1129 701 1208 heterogencumin
716 1137 778 1192 tota
797 1133 929 1194 Ecclesia
951 1132 1066 1210 (1278).
1083 1135 1191 1195 noterit
1204 1152 1275 1212 ergo
1289 1136 1391 1214 politi-

313 1245 388 1290 cum
399 1230 585 1307 gubernium
595 1231 755 1292 decernere
769 1233 849 1292 circa
863 1232 942 1293 bona
954 1233 1130 1311 temporalia
1141 1229 1317 1295 dioecc'sinm
1332 1235 1388 1296 sibi

313 1330 507 1392 subditarum
530 1330 677 1410 qrridqnid
706 1332 864 1411 politicum
888 1335 933 1392 rei
961 1331 1087 1412 publice
1115 1335 1228 1396 bonnm
1245 1335 1388 1414 postulet,

313 1432 407 1493 modo
420 1437 519 1494 tomen
533 1432 562 1492 id
578 1433 733 1494 communi
743 1432 823 1494 bono
834 1433 961 1494 minime
979 1441 1125 1512 repugnet
1135 1435 1226 1496 totius
1240 1436 1388 1512 Ecclesiae,

313 1531 1388 1614 cnjusillcStatnsestconsortium,seupers.Ateinguliesempcrdioece·

312 1632 413 1702 sibus,
425 1630 706 1709 aliisquercligioois
722 1633 890 1705 consortiis,
907 1634 1039 1694 manebit
1055 1631 1205 1712 integrum
1218 1643 1246 1696 et
1262 1636 1385 1714 plenum

313 1735 368 1810 jus
378 1748 416 1792 ea
424 1730 503 1792 bone
512 1732 545 1791 in
554 1732 1008 1810 suosueuscousnmerrdi,quod
1020 1739 1063 1794 cst
1072 1734 1158 1796 civile
1168 1735 1347 1796 dominium.

711 1957 918 2017 ultroncus
941 1959 987 2018 ll'.

577 2131 622 2194 De
631 2133 833 2195 ecclesiacticis
848 2135 1094 2198 irumunitclibur.

356 2319 444 2382 134¹.
464 2323 650 2400 llorrrtnou.=
669 2355 710 2366 -
729 2324 802 2397 Qum
817 2323 927 2383 ultimo
947 2323 1009 2385 loco
1026 2324 1251 2401 explicavimus,
1268 2324 1389 2402 planem

309 2424 393 2482 viem
406 2427 544 2490 sternunt
556 2421 657 2498 adjus
670 2422 1179 2484 ecclesiasticarum-immunitatum
1191 2423 1271 2483 clare
1286 2439 1321 2483 ac
1333 2423 1390 2482 ln·

312 2523 407 2584 miter
417 2519 611 2582 statuendum
624 2537 789 2599 carumque
805 2521 1032 2584 discernendam
1045 2521 1202 2598 originem.
1219 2525 1316 2596 Quare
1329 2529 1390 2582 ste-

314 2621 420 2684 timhic
439 2621 568 2682 breviter
587 2621 624 2683 de
646 2622 710 2684 illie
724 2623 918 2702 disseremus.

355 2722 534 2783 immuniter
547 2728 650 2782 entem
664 2723 864 2784 ecclesiastice
877 2730 923 2785 cst
934 2727 986 2801 jus
1000 2740 1061 2802 quo
1073 2721 1277 2786 ecclesiastice
1287 2739 1390 2801 pereo·

311 2842 362 2887 nm
386 2827 439 2886 aut
460 2840 509 2885 res
531 2821 709 2885 aoivilibus
727 2824 910 2902 quilmedam
935 2825 1078 2887 oneribus
1098 2826 1282 2886 eximuntur.
1308 2823 1391 2885 Unde

298 2926 444 3005 'quisquc
465 2922 608 3001 intelligit
628 2924 757 3003 duplicis
776 2942 844 2988 cem
858 2927 977 3001 generis
991 2943 1066 3004 esse,
1079 2924 1260 3007 personalem
1273 2941 1306 2986 ec
1327 2942 1391 2985 reu-

311 3026 383 3087 tem.
399 3028 441 3087 ne
451 3031 578 3102 utreque
591 3023 760 3103 plurimum
772 3024 959 3104 disputatum
974 3030 1018 3087 cst
1040 3043 1058 3085 a
1072 3025 1235 3087 cunonistis
1249 3040 1283 3085 ec
1293 3025 1390 3102 juris-

309 3125 468 3202 consultis,
483 3130 588 3186 utrum
599 3127 699 3202 ajuro
713 3125 848 3187 naturali
867 3142 907 3185 an
932 3125 1034 3187 solum
1051 3142 1069 3185 e
1078 3129 1148 3204 jure
1159 3123 1238 3184 civili
1253 3129 1390 3185 ortuense

310 3227 368 3287 ille
379 3227 418 3287 sit
427 3222 577 3286 dicende:
592 3225 674 3302 qnod
688 3226 788 3288 stetim
801 3227 905 3305 paucis
915 3226 1107 3288 delinicmus.

355 3329 546 3403 eromquem
567 3341 639 3387 vcro
660 3327 835 3387 immunitas
857 3326 1025 3406 personalis
1048 3326 1085 3387 ad
1101 3323 1325 3406 pubernutlcam
1339 3342 1389 3403 po·

310 3430 450 3491 testatem
462 3432 584 3507 spectet,
599 3427 630 3487 in
652 3427 736 3488 hunc
748 3427 850 3488 locum
861 3427 920 3488 luit
939 3429 1006 3505 ejus
1019 3427 1152 3500 tractatio
1174 3422 1336 3504 rejicienda
1350 3424 1388 3485 ob

308 3528 398 3591 illius
411 3526 684 3589 cumimmnnitate
697 3528 772 3589 reali
788 3528 1042 3606 conjunctionem.

357 3627 445 3690 1342.
461 3631 530 3689 Poe.
546 3628 629 3688 663⁸.
651 3660 690 3672 -
712 3628 923 3689 l'cclesiastioae
941 3628 1164 3703 immunitates,
1189 3632 1338 3705 quatenus
1352 3625 1387 3685 ad

309 3731 429 3792 bonum
448 3727 587 3789 Ecclesi'ae
608 3728 698 3788 totius
722 3729 924 3789 necessarium
950 3728 1111 3805 pertinent,
1135 3734 1205 3787 sunt
1228 3728 1332 3803 utiquc
1351 3726 1389 3786 de

304 3836 382 3912 jure
394 3831 524 3892 naturali
538 3839 567 3895 et
581 3831 705 3911 positivo
718 3829 821 3891 divino
833 3829 1014 3889 immutabili
1026 3852 1034 3901 t
1050 3832 1203 3907 qnatenus
1219 3842 1289 3888 vero
1303 3822 1388 3887 corn-

310 3932 404 3995 mode
431 3932 484 3993 toti
506 3932 644 3993 Ecclesia
667 3948 728 3993 non
743 3947 865 4010 prorsus
885 3930 1055 3991 necessaria
1070 3926 1248 4003 concedunt,
1263 3926 1300 3989 do
1318 3930 1389 4004 jnrc

311 4039 391 4095 sunt
400 4032 537 4093 hnmano
550 4038 581 4093 ct
593 4046 646 4111 per
658 4049 690 4093 se
704 4031 874 4093 revocabili.

355 4139 450 4199 Pron.
468 4167 504 4181 ·-
515 4136 587 4197 lure
598 4119 728 4196 umurali
745 4140 774 4196 et
786 4131 913 4213 positivo
925 4133 1028 4194 divino
1041 4130 1132 4192 hebet
1150 4128 1279 4191 Ecclesia
1292 4134 1389 4207 potes·

313 4242 406 4297 telem
427 4234 586 4296 ordinandi
612 4234 649 4296 ed
663 4237 820 4315 proprium
835 4252 926 4297 sunm
948 4234 1061 4295 bonum
1089 4236 1152 4292 tum
1167 4245 1308 4311 personae
1323 4235 1389 4291 tum

314 4354 378 4414 res,
392 4336 607 4414 quetcnuehae
620 4342 692 4396 sunt
704 4335 749 4396 illi
773 4322 896 4416 prorsus
909 4334 1103 4411 necessarie,
1118 4332 1203 4393 sicuti
1222 4328 1258 4390 ab
1279 4329 1387 4390 eodem

311 4438 427 4520 duplici
445 4439 514 4514 jure
526 4436 628 4498 divino
648 4436 738 4497 habet
751 4442 928 4516 potestatem
944 4432 1123 4497 consulendi
1148 4431 1305 4493 efficaciter
1324 4447 1386 4491 suae

312 4538 531 4600 conservationi
553 4538 766 4618 etporlcctioni
790 4536 904 4614 (tutu.
934 4539 1009 4613 llrgo
1030 4550 1216 4613 quocunque
1240 4531 1388 4615 reemptio

314 4656 418 4701 reuun
430 4656 464 4701 nc
480 4655 676 4719 personarum
692 4631 957 4700 ceclesiasticorum
981 4633 1282 4712 nriuilibuslegilrus
1299 4640 1388 4711 etune

308 4737 457 4801 'oneribus
468 4746 512 4801 eet
525 4740 562 4801 ad
578 4719 692 4801 bonum
708 4735 844 4803 Ecclesiae
859 4741 948 4800 totius
963 4754 1084 4817 prorsus
1099 4734 1270 4805 necessarii,
1290 4732 1385 4794 eidem
