<?xml version="1.0" encoding="UTF-8"?>
<!DOCTYPE html PUBLIC "-//W3C//DTD XHTML 1.0 Transitional//EN"
    "http://www.w3.org/TR/xhtml1/DTD/xhtml1-transitional.dtd">
<html xmlns="http://www.w3.org/1999/xhtml" xml:lang="en" lang="en">
 <head>
  <title>
</title>
<meta http-equiv="Content-Type" content="text/html;charset=utf-8" />
  <meta name='ocr-system' content='tesseract 3.04.00' />
  <meta name='ocr-capabilities' content='ocr_page ocr_carea ocr_par ocr_line ocrx_word'/>
</head>
<body>
  <div class='ocr_page' id='page_1' title='image "./jurisnaturalisu00bensgoog_0631.png"; bbox 0 0 3559 5675; ppageno 0'>
   <div class='ocr_carea' id='block_1_1' title="bbox 284 725 1366 936">
    <p class='ocr_par' dir='ltr' id='par_1_1' title="bbox 284 725 1366 936">
     <span class='ocr_line' id='line_1_1' title="bbox 576 725 1364 800; baseline 0 -6"><span class='ocrx_word' id='word_1_1' title='bbox 576 747 684 797; x_wconf 75' lang='lat' dir='ltr'>sonui.</span> <span class='ocrx_word' id='word_1_2' title='bbox 707 770 745 784; x_wconf 91' lang='lat'><em>-</em></span> <span class='ocrx_word' id='word_1_3' title='bbox 768 751 851 798; x_wconf 80' lang='lat' dir='ltr'>ursan</span> <span class='ocrx_word' id='word_1_4' title='bbox 873 753 1061 800; x_wconf 84' lang='lat' dir='ltr'>nonurcruus.</span> <span class='ocrx_word' id='word_1_5' title='bbox 1306 725 1364 794; x_wconf 80' lang='lat' dir='ltr'>ore</span> 
     </span>
     <span class='ocr_line' id='line_1_2' title="bbox 284 851 1366 936; baseline 0.005 -28"><span class='ocrx_word' id='word_1_6' title='bbox 284 851 423 927; x_wconf 83' lang='lat' dir='ltr'>proxima</span> <span class='ocrx_word' id='word_1_7' title='bbox 437 852 578 932; x_wconf 83' lang='lat' dir='ltr'>deinceps</span> <span class='ocrx_word' id='word_1_8' title='bbox 591 865 685 934; x_wconf 78' lang='lat' dir='ltr'>artare,</span> <span class='ocrx_word' id='word_1_9' title='bbox 705 875 801 936; x_wconf 87' lang='lat' dir='ltr'>quum</span> <span class='ocrx_word' id='word_1_10' title='bbox 823 861 954 918; x_wconf 77' lang='lat' dir='ltr'>unanima</span> <span class='ocrx_word' id='word_1_11' title='bbox 972 861 1048 920; x_wconf 85' lang='lat' dir='ltr'>inter</span> <span class='ocrx_word' id='word_1_12' title='bbox 1059 860 1238 920; x_wconf 84' lang='lat' dir='ltr'>christianos</span> <span class='ocrx_word' id='word_1_13' title='bbox 1254 855 1366 932; x_wconf 89' lang='lat' dir='ltr'>ubrque</span> 
     </span>
    </p>
   </div>
   <div class='ocr_carea' id='block_1_2' title="bbox 169 936 1365 1054">
    <p class='ocr_par' dir='ltr' id='par_1_2' title="bbox 169 936 1365 1054">
     <span class='ocr_line' id='line_1_3' title="bbox 169 936 1365 1054; baseline 0.006 -47"><span class='ocrx_word' id='word_1_14' title='bbox 169 936 175 1054; x_wconf 38' lang='grc' dir='ltr'>ζ</span> <span class='ocrx_word' id='word_1_15' title='bbox 285 951 406 1026; x_wconf 76' lang='lat' dir='ltr'>vigebat</span> <span class='ocrx_word' id='word_1_16' title='bbox 419 953 659 1030; x_wconf 71' lang='lat' dir='ltr'>Apostolicorum</span> <span class='ocrx_word' id='word_1_17' title='bbox 671 966 887 1036; x_wconf 65' lang='lat' dir='ltr'>praceptorum</span> <span class='ocrx_word' id='word_1_18' title='bbox 903 963 991 1036; x_wconf 78' lang='lat' dir='ltr'>atque</span> <span class='ocrx_word' id='word_1_19' title='bbox 1007 959 1212 1019; x_wconf 84' lang='lat' dir='ltr'>institutorum</span> <span class='ocrx_word' id='word_1_20' title='bbox 1227 961 1365 1016; x_wconf 82' lang='lat' dir='ltr'>nuceren-</span> 
     </span>
    </p>
   </div>
   <div class='ocr_carea' id='block_1_3' title="bbox 286 1051 1368 1535">
    <p class='ocr_par' dir='ltr' id='par_1_3' title="bbox 286 1051 1368 1535">
     <span class='ocr_line' id='line_1_4' title="bbox 286 1051 1366 1135; baseline 0.008 -27"><span class='ocrx_word' id='word_1_21' title='bbox 286 1052 340 1123; x_wconf 86' lang='lat' dir='ltr'>tia,</span> <span class='ocrx_word' id='word_1_22' title='bbox 367 1053 535 1114; x_wconf 79' lang='lat' dir='ltr'>materiales</span> <span class='ocrx_word' id='word_1_23' title='bbox 556 1055 677 1116; x_wconf 81' lang='lat' dir='ltr'>divitias</span> <span class='ocrx_word' id='word_1_24' title='bbox 695 1058 798 1119; x_wconf 86' lang='lat' dir='ltr'>divino</span> <span class='ocrx_word' id='word_1_25' title='bbox 816 1060 913 1128; x_wconf 85' lang='lat' dir='ltr'>cultui</span> <span class='ocrx_word' id='word_1_26' title='bbox 935 1067 965 1120; x_wconf 90' lang='lat' dir='ltr'>et</span> <span class='ocrx_word' id='word_1_27' title='bbox 987 1060 1105 1120; x_wconf 85' lang='lat' dir='ltr'>clericis</span> <span class='ocrx_word' id='word_1_28' title='bbox 1126 1073 1160 1120; x_wconf 87' lang='lat' dir='ltr'>nc</span> <span class='ocrx_word' id='word_1_29' title='bbox 1183 1051 1366 1135; x_wconf 84' lang='lat' dir='ltr'>pauperibus</span> 
     </span>
     <span class='ocr_line' id='line_1_5' title="bbox 286 1150 1365 1239; baseline 0.005 -31"><span class='ocrx_word' id='word_1_30' title='bbox 286 1150 405 1210; x_wconf 86' lang='lat' dir='ltr'>alendis</span> <span class='ocrx_word' id='word_1_31' title='bbox 415 1153 577 1214; x_wconf 85' lang='lat' dir='ltr'>destinatas</span> <span class='ocrx_word' id='word_1_32' title='bbox 588 1161 618 1214; x_wconf 90' lang='lat' dir='ltr'>et</span> <span class='ocrx_word' id='word_1_33' title='bbox 627 1157 724 1218; x_wconf 89' lang='lat' dir='ltr'>voluit</span> <span class='ocrx_word' id='word_1_34' title='bbox 732 1165 904 1219; x_wconf 86' lang='lat' dir='ltr'>constanter</span> <span class='ocrx_word' id='word_1_35' title='bbox 914 1158 1064 1239; x_wconf 89' lang='lat' dir='ltr'>possidere</span> <span class='ocrx_word' id='word_1_36' title='bbox 1075 1165 1105 1218; x_wconf 90' lang='lat' dir='ltr'>et</span> <span class='ocrx_word' id='word_1_37' title='bbox 1115 1158 1213 1236; x_wconf 85' lang='lat' dir='ltr'>reipsa</span> <span class='ocrx_word' id='word_1_38' title='bbox 1223 1153 1365 1233; x_wconf 83' lang='lat' dir='ltr'>possedit,</span> 
     </span>
     <span class='ocr_line' id='line_1_6' title="bbox 287 1249 1366 1335; baseline 0.005 -28"><span class='ocrx_word' id='word_1_39' title='bbox 287 1249 433 1309; x_wconf 88' lang='lat' dir='ltr'>humanis</span> <span class='ocrx_word' id='word_1_40' title='bbox 455 1252 546 1312; x_wconf 86' lang='lat' dir='ltr'>etiam</span> <span class='ocrx_word' id='word_1_41' title='bbox 570 1256 713 1317; x_wconf 89' lang='lat' dir='ltr'>omnibus</span> <span class='ocrx_word' id='word_1_42' title='bbox 735 1257 932 1335; x_wconf 81' lang='lat' dir='ltr'>potestatibus</span> <span class='ocrx_word' id='word_1_43' title='bbox 952 1259 1083 1318; x_wconf 83' lang='lat' dir='ltr'>maxime</span> <span class='ocrx_word' id='word_1_44' title='bbox 1107 1255 1220 1316; x_wconf 83' lang='lat' dir='ltr'>inritis.</span> <span class='ocrx_word' id='word_1_45' title='bbox 1248 1253 1366 1332; x_wconf 71' lang='lat' dir='ltr'>Etenim</span> 
     </span>
     <span class='ocr_line' id='line_1_7' title="bbox 287 1347 1368 1437; baseline 0.003 -27"><span class='ocrx_word' id='word_1_46' title='bbox 287 1347 428 1410; x_wconf 75' lang='lat' dir='ltr'>Christus</span> <span class='ocrx_word' id='word_1_47' title='bbox 437 1353 585 1413; x_wconf 81' lang='lat' dir='ltr'>Dominus</span> <span class='ocrx_word' id='word_1_48' title='bbox 598 1361 743 1416; x_wconf 67' lang='lat' dir='ltr'>caranum</span> <span class='ocrx_word' id='word_1_49' title='bbox 753 1355 945 1437; x_wconf 76' lang='lat' dir='ltr'>apostolicum</span> <span class='ocrx_word' id='word_1_50' title='bbox 956 1357 1096 1430; x_wconf 87' lang='lat' dir='ltr'>habebat,</span> <span class='ocrx_word' id='word_1_51' title='bbox 1108 1361 1141 1414; x_wconf 87' lang='lat' dir='ltr'>ut</span> <span class='ocrx_word' id='word_1_52' title='bbox 1153 1371 1187 1414; x_wconf 86' lang='lat' dir='ltr'>ex</span> <span class='ocrx_word' id='word_1_53' title='bbox 1200 1349 1368 1428; x_wconf 73' lang='lat' dir='ltr'>Evarrgelilo</span> 
     </span>
     <span class='ocr_line' id='line_1_8' title="bbox 287 1451 1368 1535; baseline 0.003 -26"><span class='ocrx_word' id='word_1_54' title='bbox 287 1456 414 1509; x_wconf 87' lang='lat' dir='ltr'>constat.</span> <span class='ocrx_word' id='word_1_55' title='bbox 429 1452 563 1528; x_wconf 77' lang='lat' dir='ltr'>Apostoli</span> <span class='ocrx_word' id='word_1_56' title='bbox 577 1470 646 1515; x_wconf 88' lang='lat' dir='ltr'>vero</span> <span class='ocrx_word' id='word_1_57' title='bbox 660 1458 766 1533; x_wconf 87' lang='lat' dir='ltr'>utiquc</span> <span class='ocrx_word' id='word_1_58' title='bbox 779 1457 1104 1535; x_wconf 83' lang='lat' dir='ltr'>accipiebantprctium</span> <span class='ocrx_word' id='word_1_59' title='bbox 1118 1469 1259 1530; x_wconf 80' lang='lat' dir='ltr'>agrorum</span> <span class='ocrx_word' id='word_1_60' title='bbox 1272 1468 1290 1510; x_wconf 91' lang='lat' dir='ltr'>a</span> <span class='ocrx_word' id='word_1_61' title='bbox 1304 1451 1368 1528; x_wconf 93' lang='lat' dir='ltr'>pri-</span> 
     </span>
    </p>
   </div>
   <div class='ocr_carea' id='block_1_4' title="bbox 171 1535 1370 1937">
    <p class='ocr_par' dir='ltr' id='par_1_4' title="bbox 170 1535 1370 1937">
     <span class='ocr_line' id='line_1_9' title="bbox 171 1535 1369 1617; baseline 0.002 -9"><span class='ocrx_word' id='word_1_62' title='bbox 171 1535 185 1569; x_wconf 81' lang='grc'>’·</span> <span class='ocrx_word' id='word_1_63' title='bbox 289 1551 350 1609; x_wconf 89' lang='lat' dir='ltr'>mis</span> <span class='ocrx_word' id='word_1_64' title='bbox 373 1550 545 1612; x_wconf 88' lang='lat' dir='ltr'>christianis</span> <span class='ocrx_word' id='word_1_65' title='bbox 567 1554 757 1616; x_wconf 86' lang='lat' dir='ltr'>venditorum</span> <span class='ocrx_word' id='word_1_66' title='bbox 789 1557 822 1617; x_wconf 92' lang='lat' dir='ltr'>in</span> <span class='ocrx_word' id='word_1_67' title='bbox 844 1573 1037 1617; x_wconf 89' lang='lat' dir='ltr'>communem</span> <span class='ocrx_word' id='word_1_68' title='bbox 1062 1554 1210 1614; x_wconf 64' lang='lat' dir='ltr'>nascentis</span> <span class='ocrx_word' id='word_1_69' title='bbox 1233 1551 1369 1612; x_wconf 78' lang='lat' dir='ltr'>Ecclesia</span> 
     </span>
     <span class='ocr_line' id='line_1_10' title="bbox 288 1647 1369 1731; baseline 0 -23"><span class='ocrx_word' id='word_1_70' title='bbox 288 1647 463 1708; x_wconf 86' lang='lat' dir='ltr'>utilitatem.</span> <span class='ocrx_word' id='word_1_71' title='bbox 485 1653 526 1710; x_wconf 77' lang='lat' dir='ltr'>Ac</span> <span class='ocrx_word' id='word_1_72' title='bbox 545 1652 653 1728; x_wconf 89' lang='lat' dir='ltr'>primis</span> <span class='ocrx_word' id='word_1_73' title='bbox 671 1669 745 1715; x_wconf 89' lang='lat' dir='ltr'>sane</span> <span class='ocrx_word' id='word_1_74' title='bbox 766 1653 828 1714; x_wconf 90' lang='lat' dir='ltr'>illis</span> <span class='ocrx_word' id='word_1_75' title='bbox 852 1654 1050 1731; x_wconf 81' lang='lat' dir='ltr'>temporibus,</span> <span class='ocrx_word' id='word_1_76' title='bbox 1072 1667 1167 1730; x_wconf 85' lang='lat' dir='ltr'>quum</span> <span class='ocrx_word' id='word_1_77' title='bbox 1188 1667 1248 1711; x_wconf 90' lang='lat' dir='ltr'>non</span> <span class='ocrx_word' id='word_1_78' title='bbox 1270 1649 1369 1710; x_wconf 88' lang='lat' dir='ltr'>solum</span> 
     </span>
     <span class='ocr_line' id='line_1_11' title="bbox 180 1748 1370 1832; baseline 0.003 -25"><span class='ocrx_word' id='word_1_79' title='bbox 180 1764 189 1775; x_wconf 89' lang='lat'><strong>·</strong></span> <span class='ocrx_word' id='word_1_80' title='bbox 289 1748 460 1810; x_wconf 81' lang='lat' dir='ltr'>sacerdotes</span> <span class='ocrx_word' id='word_1_81' title='bbox 471 1749 523 1810; x_wconf 89' lang='lat' dir='ltr'>sed</span> <span class='ocrx_word' id='word_1_82' title='bbox 537 1751 596 1828; x_wconf 90' lang='lat' dir='ltr'>ipsi</span> <span class='ocrx_word' id='word_1_83' title='bbox 608 1750 677 1812; x_wconf 90' lang='lat' dir='ltr'>laici</span> <span class='ocrx_word' id='word_1_84' title='bbox 692 1752 795 1814; x_wconf 84' lang='lat' dir='ltr'>fideles</span> <span class='ocrx_word' id='word_1_85' title='bbox 810 1754 840 1813; x_wconf 91' lang='lat' dir='ltr'>in</span> <span class='ocrx_word' id='word_1_86' title='bbox 853 1759 998 1832; x_wconf 88' lang='lat' dir='ltr'>perpetuo</span> <span class='ocrx_word' id='word_1_87' title='bbox 1009 1754 1075 1812; x_wconf 80' lang='lat' dir='ltr'>vitae</span> <span class='ocrx_word' id='word_1_88' title='bbox 1086 1750 1260 1812; x_wconf 88' lang='lat' dir='ltr'>discrimine</span> <span class='ocrx_word' id='word_1_89' title='bbox 1272 1765 1370 1827; x_wconf 67' lang='lat' dir='ltr'>verse,-</span> 
     </span>
     <span class='ocr_line' id='line_1_12' title="bbox 183 1847 1369 1937; baseline 0.003 -31"><span class='ocrx_word' id='word_1_90' title='bbox 183 1866 190 1875; x_wconf 73' lang='grc'><strong>’</strong></span> <span class='ocrx_word' id='word_1_91' title='bbox 290 1848 415 1922; x_wconf 89' lang='lat' dir='ltr'>bantur,</span> <span class='ocrx_word' id='word_1_92' title='bbox 436 1847 557 1909; x_wconf 66' lang='lat' dir='ltr'>scibiles</span> <span class='ocrx_word' id='word_1_93' title='bbox 578 1849 781 1937; x_wconf 84' lang='lat' dir='ltr'>nihilominus</span> <span class='ocrx_word' id='word_1_94' title='bbox 799 1852 857 1912; x_wconf 85' lang='lat' dir='ltr'>sibi</span> <span class='ocrx_word' id='word_1_95' title='bbox 875 1852 995 1929; x_wconf 88' lang='lat' dir='ltr'>aliquas</span> <span class='ocrx_word' id='word_1_96' title='bbox 1016 1851 1150 1912; x_wconf 82' lang='lat' dir='ltr'>fortunas</span> <span class='ocrx_word' id='word_1_97' title='bbox 1165 1849 1369 1924; x_wconf 76' lang='lat' dir='ltr'>EcclesiaJ&#39;am</span> 
     </span>
    </p>
   </div>
   <div class='ocr_carea' id='block_1_5' title="bbox 169 1949 1371 2227">
    <p class='ocr_par' dir='ltr' id='par_1_5' title="bbox 169 1941 1371 2227">
     <span class='ocr_line' id='line_1_13' title="bbox 292 1949 1370 2028; baseline 0 -22"><span class='ocrx_word' id='word_1_98' title='bbox 292 1954 378 2024; x_wconf 89' lang='lat' dir='ltr'>tunc,</span> <span class='ocrx_word' id='word_1_99' title='bbox 392 1954 545 2023; x_wconf 89' lang='lat' dir='ltr'>utcunque</span> <span class='ocrx_word' id='word_1_100' title='bbox 561 1955 590 2012; x_wconf 88' lang='lat' dir='ltr'>ct</span> <span class='ocrx_word' id='word_1_101' title='bbox 603 1949 780 2027; x_wconf 88' lang='lat' dir='ltr'>ubicunque</span> <span class='ocrx_word' id='word_1_102' title='bbox 795 1957 919 2028; x_wconf 87' lang='lat' dir='ltr'>poteret,</span> <span class='ocrx_word' id='word_1_103' title='bbox 935 1951 1004 2026; x_wconf 85' lang='lat' dir='ltr'>sibi,</span> <span class='ocrx_word' id='word_1_104' title='bbox 1019 1959 1120 2012; x_wconf 88' lang='lat' dir='ltr'>contra</span> <span class='ocrx_word' id='word_1_105' title='bbox 1134 1950 1199 2028; x_wconf 91' lang='lat' dir='ltr'>ipsa</span> <span class='ocrx_word' id='word_1_106' title='bbox 1213 1949 1370 2027; x_wconf 84' lang='lat' dir='ltr'>imperato</span> 
     </span>
     <span class='ocr_line' id='line_1_14' title="bbox 170 2043 1371 2127; baseline 0.002 -22"><span class='ocrx_word' id='word_1_107' title='bbox 170 2043 187 2079; x_wconf 74' lang='lat'>‘&#39;-</span> <span class='ocrx_word' id='word_1_108' title='bbox 292 2048 492 2117; x_wconf 82' lang='lat' dir='ltr'>remediale,</span> <span class='ocrx_word' id='word_1_109' title='bbox 515 2049 715 2127; x_wconf 89' lang='lat' dir='ltr'>comparabat.</span> <span class='ocrx_word' id='word_1_110' title='bbox 738 2053 837 2122; x_wconf 85' lang='lat' dir='ltr'>Quam</span> <span class='ocrx_word' id='word_1_111' title='bbox 859 2065 925 2110; x_wconf 89' lang='lat' dir='ltr'>rem</span> <span class='ocrx_word' id='word_1_112' title='bbox 945 2051 1017 2112; x_wconf 85' lang='lat' dir='ltr'>satis</span> <span class='ocrx_word' id='word_1_113' title='bbox 1038 2057 1162 2110; x_wconf 87' lang='lat' dir='ltr'>testatur</span> <span class='ocrx_word' id='word_1_114' title='bbox 1186 2049 1234 2126; x_wconf 85' lang='lat' dir='ltr'>pic</span> <span class='ocrx_word' id='word_1_115' title='bbox 1253 2048 1371 2124; x_wconf 78' lang='lat' dir='ltr'>largitio</span> 
     </span>
     <span class='ocr_line' id='line_1_15' title="bbox 169 2146 1370 2227; baseline 0.003 -23"><span class='ocrx_word' id='word_1_116' title='bbox 169 2146 189 2184; x_wconf 48' lang='grc' dir='ltr'>ι’</span> <span class='ocrx_word' id='word_1_117' title='bbox 291 2155 405 2206; x_wconf 83' lang='lat' dir='ltr'>sancta</span> <span class='ocrx_word' id='word_1_118' title='bbox 419 2149 553 2222; x_wconf 80' lang='lat' dir='ltr'>Lucina,</span> <span class='ocrx_word' id='word_1_119' title='bbox 564 2165 697 2210; x_wconf 77' lang='lat' dir='ltr'>romana</span> <span class='ocrx_word' id='word_1_120' title='bbox 707 2157 851 2211; x_wconf 79' lang='lat' dir='ltr'>matrona</span> <span class='ocrx_word' id='word_1_121' title='bbox 862 2149 1062 2212; x_wconf 78' lang='lat' dir='ltr'>nobilissime</span> <span class='ocrx_word' id='word_1_122' title='bbox 1071 2165 1105 2210; x_wconf 87' lang='lat' dir='ltr'>ac</span> <span class='ocrx_word' id='word_1_123' title='bbox 1116 2148 1278 2227; x_wconf 85' lang='lat' dir='ltr'>perdivitis,</span> <span class='ocrx_word' id='word_1_124' title='bbox 1291 2164 1370 2224; x_wconf 79' lang='lat' dir='ltr'>qua,</span> 
     </span>
    </p>
   </div>
   <div class='ocr_carea' id='block_1_6' title="bbox 178 2240 1371 2324">
    <p class='ocr_par' dir='ltr' id='par_1_6' title="bbox 178 2240 1371 2324">
     <span class='ocr_line' id='line_1_16' title="bbox 178 2240 1371 2324; baseline 0.002 -20"><span class='ocrx_word' id='word_1_125' title='bbox 178 2240 195 2282; x_wconf 86' lang='lat'>·&#39;</span> <span class='ocrx_word' id='word_1_126' title='bbox 292 2254 399 2305; x_wconf 84' lang='lat' dir='ltr'>sancto</span> <span class='ocrx_word' id='word_1_127' title='bbox 414 2245 553 2306; x_wconf 87' lang='lat' dir='ltr'>llarccllo</span> <span class='ocrx_word' id='word_1_128' title='bbox 566 2249 644 2324; x_wconf 90' lang='lat' dir='ltr'>Papa</span> <span class='ocrx_word' id='word_1_129' title='bbox 658 2246 815 2321; x_wconf 84' lang='lat' dir='ltr'>suadente,</span> <span class='ocrx_word' id='word_1_130' title='bbox 828 2247 991 2307; x_wconf 81' lang='lat' dir='ltr'>Ecclesiam</span> <span class='ocrx_word' id='word_1_131' title='bbox 1003 2247 1133 2306; x_wconf 89' lang='lat' dir='ltr'>instituit</span> <span class='ocrx_word' id='word_1_132' title='bbox 1144 2263 1269 2305; x_wconf 85' lang='lat' dir='ltr'>snorum</span> <span class='ocrx_word' id='word_1_133' title='bbox 1282 2247 1371 2306; x_wconf 80' lang='lat' dir='ltr'>bono</span> 
     </span>
    </p>
   </div>
   <div class='ocr_carea' id='block_1_7' title="bbox 293 2343 730 2424">
    <p class='ocr_par' dir='ltr' id='par_1_7' title="bbox 169 2343 730 2424">
     <span class='ocr_line' id='line_1_17' title="bbox 293 2343 730 2424; baseline 0.071 -29.159"><span class='ocrx_word' id='word_1_134' title='bbox 293 2361 364 2402; x_wconf 74' lang='lat' dir='ltr'>rum</span> <span class='ocrx_word' id='word_1_135' title='bbox 380 2343 532 2404; x_wconf 77' lang='lat' dir='ltr'>heredem</span> <span class='ocrx_word' id='word_1_136' title='bbox 545 2362 582 2404; x_wconf 77' lang='lat' dir='ltr'>ex</span> <span class='ocrx_word' id='word_1_137' title='bbox 597 2361 663 2418; x_wconf 55' lang='lat'>³530</span> <span class='ocrx_word' id='word_1_138' title='bbox 680 2343 730 2424; x_wconf 76' lang='lat'>(⁰)-</span> 
     </span>
    </p>
   </div>
   <div class='ocr_carea' id='block_1_8' title="bbox 296 2443 1373 2621">
    <p class='ocr_par' dir='ltr' id='par_1_8' title="bbox 296 2443 1373 2621">
     <span class='ocr_line' id='line_1_18' title="bbox 335 2443 1372 2524; baseline 0.001 -21"><span class='ocrx_word' id='word_1_139' title='bbox 335 2443 430 2504; x_wconf 80' lang='lat' dir='ltr'>dlnlta</span> <span class='ocrx_word' id='word_1_140' title='bbox 444 2459 514 2502; x_wconf 84' lang='lat' dir='ltr'>rere</span> <span class='ocrx_word' id='word_1_141' title='bbox 531 2451 561 2502; x_wconf 90' lang='lat' dir='ltr'>et</span> <span class='ocrx_word' id='word_1_142' title='bbox 581 2461 693 2520; x_wconf 82' lang='lat' dir='ltr'>magna</span> <span class='ocrx_word' id='word_1_143' title='bbox 706 2444 818 2522; x_wconf 80' lang='lat' dir='ltr'>praedia</span> <span class='ocrx_word' id='word_1_144' title='bbox 833 2445 865 2503; x_wconf 92' lang='lat' dir='ltr'>in</span> <span class='ocrx_word' id='word_1_145' title='bbox 885 2451 945 2508; x_wconf 87' lang='lat' dir='ltr'>toto</span> <span class='ocrx_word' id='word_1_146' title='bbox 964 2459 1087 2506; x_wconf 88' lang='lat' dir='ltr'>romano</span> <span class='ocrx_word' id='word_1_147' title='bbox 1109 2445 1237 2524; x_wconf 87' lang='lat' dir='ltr'>imperio</span> <span class='ocrx_word' id='word_1_148' title='bbox 1250 2445 1372 2504; x_wconf 76' lang='lat' dir='ltr'>luisses</span> 
     </span>
     <span class='ocr_line' id='line_1_19' title="bbox 296 2541 1373 2621; baseline -0.002 -17"><span class='ocrx_word' id='word_1_149' title='bbox 296 2543 462 2604; x_wconf 82' lang='lat' dir='ltr'>christiana</span> <span class='ocrx_word' id='word_1_150' title='bbox 486 2542 617 2602; x_wconf 75' lang='lat' dir='ltr'>Ecclesia</span> <span class='ocrx_word' id='word_1_151' title='bbox 640 2544 697 2602; x_wconf 84' lang='lat' dir='ltr'>sub</span> <span class='ocrx_word' id='word_1_152' title='bbox 721 2544 847 2620; x_wconf 76' lang='lat' dir='ltr'>paganis</span> <span class='ocrx_word' id='word_1_153' title='bbox 874 2543 1103 2621; x_wconf 83' lang='lat' dir='ltr'>imperatoribus</span> <span class='ocrx_word' id='word_1_154' title='bbox 1126 2559 1274 2620; x_wconf 82' lang='lat' dir='ltr'>possessa,</span> <span class='ocrx_word' id='word_1_155' title='bbox 1295 2541 1373 2602; x_wconf 85' lang='lat' dir='ltr'>nihil</span> 
     </span>
    </p>
   </div>
   <div class='ocr_carea' id='block_1_9' title="bbox 169 2643 1373 2820">
    <p class='ocr_par' dir='ltr' id='par_1_9' title="bbox 169 2643 1373 2820">
     <span class='ocr_line' id='line_1_20' title="bbox 172 2643 1373 2728; baseline 0 -24"><span class='ocrx_word' id='word_1_156' title='bbox 172 2662 196 2692; x_wconf 56' lang='lat' dir='ltr'>-e</span> <span class='ocrx_word' id='word_1_157' title='bbox 298 2643 486 2728; x_wconf 74' lang='lat' dir='ltr'>obstantibus</span> <span class='ocrx_word' id='word_1_158' title='bbox 510 2644 627 2719; x_wconf 85' lang='lat' dir='ltr'>iniquis</span> <span class='ocrx_word' id='word_1_159' title='bbox 646 2659 752 2702; x_wconf 88' lang='lat' dir='ltr'>corum</span> <span class='ocrx_word' id='word_1_160' title='bbox 774 2645 884 2721; x_wconf 82' lang='lat' dir='ltr'>vetitis,</span> <span class='ocrx_word' id='word_1_161' title='bbox 907 2643 1034 2722; x_wconf 89' lang='lat' dir='ltr'>probant</span> <span class='ocrx_word' id='word_1_162' title='bbox 1052 2643 1238 2724; x_wconf 67' lang='lat' dir='ltr'>apertissime</span> <span class='ocrx_word' id='word_1_163' title='bbox 1260 2643 1373 2704; x_wconf 83' lang='lat' dir='ltr'>decreta</span> 
     </span>
     <span class='ocr_line' id='line_1_21' title="bbox 169 2739 1371 2820; baseline 0.004 -25"><span class='ocrx_word' id='word_1_164' title='bbox 169 2778 188 2795; x_wconf 29' lang='grc' dir='ltr'>,ι</span> <span class='ocrx_word' id='word_1_165' title='bbox 298 2740 496 2814; x_wconf 70' lang='lat' dir='ltr'>Constantini,</span> <span class='ocrx_word' id='word_1_166' title='bbox 511 2741 601 2818; x_wconf 91' lang='lat' dir='ltr'>primi</span> <span class='ocrx_word' id='word_1_167' title='bbox 615 2739 771 2798; x_wconf 87' lang='lat' dir='ltr'>christiani</span> <span class='ocrx_word' id='word_1_168' title='bbox 786 2741 985 2818; x_wconf 83' lang='lat' dir='ltr'>imperatoris.</span> <span class='ocrx_word' id='word_1_169' title='bbox 1005 2741 1047 2800; x_wconf 76' lang='lat' dir='ltr'>lln</span> <span class='ocrx_word' id='word_1_170' title='bbox 1065 2741 1155 2800; x_wconf 82' lang='lat' dir='ltr'>verbe</span> <span class='ocrx_word' id='word_1_171' title='bbox 1172 2741 1236 2820; x_wconf 87' lang='lat' dir='ltr'>ipsa</span> <span class='ocrx_word' id='word_1_172' title='bbox 1253 2739 1371 2810; x_wconf 80' lang='lat' dir='ltr'>decreti,</span> 
     </span>
    </p>
   </div>
   <div class='ocr_carea' id='block_1_10' title="bbox 177 2840 1375 3117">
    <p class='ocr_par' dir='ltr' id='par_1_10' title="bbox 177 2840 1375 3117">
     <span class='ocr_line' id='line_1_22' title="bbox 177 2840 1375 2920; baseline 0.004 -22"><span class='ocrx_word' id='word_1_173' title='bbox 177 2856 185 2863; x_wconf 70' lang='grc'><em>”</em></span> <span class='ocrx_word' id='word_1_174' title='bbox 295 2857 358 2918; x_wconf 82' lang='lat' dir='ltr'>qno</span> <span class='ocrx_word' id='word_1_175' title='bbox 375 2840 534 2916; x_wconf 75' lang='lat' dir='ltr'>religiosus</span> <span class='ocrx_word' id='word_1_176' title='bbox 547 2840 684 2919; x_wconf 88' lang='lat' dir='ltr'>prinecps</span> <span class='ocrx_word' id='word_1_177' title='bbox 705 2856 784 2900; x_wconf 90' lang='lat' dir='ltr'>anno</span> <span class='ocrx_word' id='word_1_178' title='bbox 799 2841 873 2900; x_wconf 79' lang='grc' dir='ltr'>313υ</span> <span class='ocrx_word' id='word_1_179' title='bbox 890 2841 982 2917; x_wconf 80' lang='lat' dir='ltr'>jussit</span> <span class='ocrx_word' id='word_1_180' title='bbox 993 2841 1165 2901; x_wconf 86' lang='lat' dir='ltr'>christianis</span> <span class='ocrx_word' id='word_1_181' title='bbox 1183 2844 1261 2901; x_wconf 87' lang='lat' dir='ltr'>bone</span> <span class='ocrx_word' id='word_1_182' title='bbox 1274 2850 1375 2920; x_wconf 84' lang='lat' dir='ltr'>erepte</span> 
     </span>
     <span class='ocr_line' id='line_1_23' title="bbox 179 2939 1374 3019; baseline 0.007 -24"><span class='ocrx_word' id='word_1_183' title='bbox 179 2983 191 2995; x_wconf 74' lang='grc'><em>,</em></span> <span class='ocrx_word' id='word_1_184' title='bbox 216 2980 221 2988; x_wconf 85' lang='grc'><em>.</em></span> <span class='ocrx_word' id='word_1_185' title='bbox 294 2942 416 3000; x_wconf 84' lang='lat' dir='ltr'>restitui</span> <span class='ocrx_word' id='word_1_186' title='bbox 439 2960 448 2999; x_wconf 88' lang='lat'>:</span> <span class='ocrx_word' id='word_1_187' title='bbox 476 2942 544 3001; x_wconf 82' lang='lat' dir='ltr'>uln</span> <span class='ocrx_word' id='word_1_188' title='bbox 566 2955 694 3019; x_wconf 88' lang='lat' dir='ltr'>persona</span> <span class='ocrx_word' id='word_1_189' title='bbox 716 2939 950 3000; x_wconf 85' lang='lat' dir='ltr'>christianorum</span> <span class='ocrx_word' id='word_1_190' title='bbox 973 2941 1166 3001; x_wconf 86' lang='lat' dir='ltr'>statuendum</span> <span class='ocrx_word' id='word_1_191' title='bbox 1185 2942 1374 3016; x_wconf 86' lang='lat' dir='ltr'>censuimus,</span> 
     </span>
     <span class='ocr_line' id='line_1_24' title="bbox 295 3039 1375 3117; baseline 0.002 -14.803"><span class='ocrx_word' id='word_1_192' title='bbox 295 3040 418 3117; x_wconf 85' lang='lat' dir='ltr'>quodsi</span> <span class='ocrx_word' id='word_1_193' title='bbox 433 3040 499 3099; x_wconf 87' lang='lat' dir='ltr'>loca</span> <span class='ocrx_word' id='word_1_194' title='bbox 512 3039 549 3097; x_wconf 93' lang='lat' dir='ltr'>ad</span> <span class='ocrx_word' id='word_1_195' title='bbox 564 3054 634 3115; x_wconf 74' lang='lat' dir='ltr'>quar</span> <span class='ocrx_word' id='word_1_196' title='bbox 646 3044 732 3099; x_wconf 85' lang='lat' dir='ltr'>antea</span> <span class='ocrx_word' id='word_1_197' title='bbox 744 3040 846 3099; x_wconf 88' lang='lat' dir='ltr'>venire</span> <span class='ocrx_word' id='word_1_198' title='bbox 859 3045 1114 3099; x_wconf 87' lang='lat' dir='ltr'>consueverant...</span> <span class='ocrx_word' id='word_1_199' title='bbox 1134 3040 1231 3117; x_wconf 89' lang='lat' dir='ltr'>priore</span> <span class='ocrx_word' id='word_1_200' title='bbox 1245 3046 1375 3115; x_wconf 82' lang='lat' dir='ltr'>tempore</span> 
     </span>
    </p>
   </div>
   <div class='ocr_carea' id='block_1_11' title="bbox 294 3137 1375 3214">
    <p class='ocr_par' dir='ltr' id='par_1_11' title="bbox 171 3113 1375 3220">
     <span class='ocr_line' id='line_1_25' title="bbox 294 3137 1375 3214; baseline 0.002 -17.694"><span class='ocrx_word' id='word_1_201' title='bbox 294 3138 395 3214; x_wconf 82' lang='lat' dir='ltr'>aliqui</span> <span class='ocrx_word' id='word_1_202' title='bbox 420 3137 466 3198; x_wconf 84' lang='lat' dir='ltr'>vel</span> <span class='ocrx_word' id='word_1_203' title='bbox 487 3157 504 3197; x_wconf 89' lang='lat' dir='ltr'>a</span> <span class='ocrx_word' id='word_1_204' title='bbox 526 3138 597 3198; x_wconf 88' lang='lat' dir='ltr'>fisco</span> <span class='ocrx_word' id='word_1_205' title='bbox 618 3146 720 3197; x_wconf 84' lang='lat' dir='ltr'>nostro</span> <span class='ocrx_word' id='word_1_206' title='bbox 740 3137 788 3198; x_wconf 90' lang='lat' dir='ltr'>vel</span> <span class='ocrx_word' id='word_1_207' title='bbox 809 3137 847 3197; x_wconf 91' lang='lat' dir='ltr'>ab</span> <span class='ocrx_word' id='word_1_208' title='bbox 870 3138 930 3197; x_wconf 87' lang='lat' dir='ltr'>alio</span> <span class='ocrx_word' id='word_1_209' title='bbox 949 3154 1132 3214; x_wconf 82' lang='lat' dir='ltr'>quocunque</span> <span class='ocrx_word' id='word_1_210' title='bbox 1151 3137 1289 3199; x_wconf 86' lang='lat' dir='ltr'>videntur</span> <span class='ocrx_word' id='word_1_211' title='bbox 1312 3154 1375 3199; x_wconf 84' lang='lat' dir='ltr'>esse</span> 
     </span>
    </p>
   </div>
   <div class='ocr_carea' id='block_1_12' title="bbox 295 3237 1441 3418">
    <p class='ocr_par' dir='ltr' id='par_1_12' title="bbox 295 3237 1441 3418">
     <span class='ocr_line' id='line_1_26' title="bbox 296 3237 1376 3318; baseline -0.002 -21"><span class='ocrx_word' id='word_1_212' title='bbox 296 3240 436 3315; x_wconf 86' lang='lat' dir='ltr'>mercati,</span> <span class='ocrx_word' id='word_1_213' title='bbox 456 3237 560 3297; x_wconf 90' lang='lat' dir='ltr'>eadem</span> <span class='ocrx_word' id='word_1_214' title='bbox 573 3238 745 3298; x_wconf 83' lang='lat' dir='ltr'>christianis</span> <span class='ocrx_word' id='word_1_215' title='bbox 766 3239 832 3297; x_wconf 90' lang='lat' dir='ltr'>sine</span> <span class='ocrx_word' id='word_1_216' title='bbox 850 3238 978 3318; x_wconf 86' lang='lat' dir='ltr'>pecunie</span> <span class='ocrx_word' id='word_1_217' title='bbox 991 3244 1020 3301; x_wconf 88' lang='lat' dir='ltr'>et</span> <span class='ocrx_word' id='word_1_218' title='bbox 1037 3255 1101 3297; x_wconf 78' lang='lat' dir='ltr'>sine</span> <span class='ocrx_word' id='word_1_219' title='bbox 1124 3238 1186 3299; x_wconf 89' lang='lat' dir='ltr'>ulla</span> <span class='ocrx_word' id='word_1_220' title='bbox 1205 3238 1290 3316; x_wconf 87' lang='lat' dir='ltr'>preui</span> <span class='ocrx_word' id='word_1_221' title='bbox 1304 3240 1376 3315; x_wconf 87' lang='lat' dir='ltr'>peti-</span> 
     </span>
     <span class='ocr_line' id='line_1_27' title="bbox 295 3334 1441 3418; baseline -0.003 -18"><span class='ocrx_word' id='word_1_222' title='bbox 295 3344 394 3414; x_wconf 84' lang='lat' dir='ltr'>tione,</span> <span class='ocrx_word' id='word_1_223' title='bbox 408 3341 568 3418; x_wconf 87' lang='lat' dir='ltr'>postposita</span> <span class='ocrx_word' id='word_1_224' title='bbox 583 3340 774 3399; x_wconf 74' lang='lat' dir='ltr'>truncatione</span> <span class='ocrx_word' id='word_1_225' title='bbox 792 3346 883 3417; x_wconf 86' lang='lat' dir='ltr'>atque</span> <span class='ocrx_word' id='word_1_226' title='bbox 902 3340 1098 3415; x_wconf 80' lang='lat' dir='ltr'>ambiguitate</span> <span class='ocrx_word' id='word_1_227' title='bbox 1114 3338 1312 3397; x_wconf 77' lang='lat' dir='ltr'>restituuntur</span> <span class='ocrx_word' id='word_1_228' title='bbox 1314 3380 1375 3397; x_wconf 89' lang='grc'><strong>.....</strong></span> <span class='ocrx_word' id='word_1_229' title='bbox 1435 3334 1441 3343; x_wconf 92' lang='grc'><em>’</em></span> 
     </span>
    </p>
   </div>
   <div class='ocr_carea' id='block_1_13' title="bbox 169 3438 1378 3517">
    <p class='ocr_par' dir='ltr' id='par_1_13' title="bbox 169 3438 1378 3517">
     <span class='ocr_line' id='line_1_28' title="bbox 169 3438 1378 3517; baseline -0.003 -16"><span class='ocrx_word' id='word_1_230' title='bbox 169 3472 192 3499; x_wconf 49' lang='grc' dir='ltr'>ψ.</span> <span class='ocrx_word' id='word_1_231' title='bbox 295 3442 336 3501; x_wconf 80' lang='lat' dir='ltr'>Et</span> <span class='ocrx_word' id='word_1_232' title='bbox 350 3443 495 3515; x_wconf 83' lang='lat' dir='ltr'>quomam</span> <span class='ocrx_word' id='word_1_233' title='bbox 511 3439 603 3498; x_wconf 90' lang='lat' dir='ltr'>iidem</span> <span class='ocrx_word' id='word_1_234' title='bbox 617 3438 772 3499; x_wconf 86' lang='lat' dir='ltr'>christiani</span> <span class='ocrx_word' id='word_1_235' title='bbox 785 3455 847 3499; x_wconf 91' lang='lat' dir='ltr'>non</span> <span class='ocrx_word' id='word_1_236' title='bbox 862 3455 898 3498; x_wconf 89' lang='lat' dir='ltr'>ea</span> <span class='ocrx_word' id='word_1_237' title='bbox 918 3439 983 3499; x_wconf 86' lang='lat' dir='ltr'>loca</span> <span class='ocrx_word' id='word_1_238' title='bbox 1000 3446 1117 3498; x_wconf 85' lang='lat' dir='ltr'>tantum</span> <span class='ocrx_word' id='word_1_239' title='bbox 1131 3439 1168 3498; x_wconf 88' lang='lat' dir='ltr'>ad</span> <span class='ocrx_word' id='word_1_240' title='bbox 1183 3454 1250 3517; x_wconf 78' lang='lat' dir='ltr'>qnae</span> <span class='ocrx_word' id='word_1_241' title='bbox 1267 3454 1378 3499; x_wconf 85' lang='lat' dir='ltr'>conve·</span> 
     </span>
    </p>
   </div>
   <div class='ocr_carea' id='block_1_14' title="bbox 194 3533 1378 3617">
    <p class='ocr_par' dir='ltr' id='par_1_14' title="bbox 194 3533 1378 3617">
     <span class='ocr_line' id='line_1_29' title="bbox 194 3533 1378 3617; baseline -0.003 -17"><span class='ocrx_word' id='word_1_242' title='bbox 194 3568 199 3575; x_wconf 93' lang='lat'><strong>·</strong></span> <span class='ocrx_word' id='word_1_243' title='bbox 295 3541 367 3601; x_wconf 91' lang='lat' dir='ltr'>nire</span> <span class='ocrx_word' id='word_1_244' title='bbox 380 3545 608 3616; x_wconf 85' lang='lat' dir='ltr'>consueverant,</span> <span class='ocrx_word' id='word_1_245' title='bbox 618 3539 670 3600; x_wconf 90' lang='lat' dir='ltr'>sed</span> <span class='ocrx_word' id='word_1_246' title='bbox 684 3533 747 3599; x_wconf 81' lang='lat' dir='ltr'>ulio</span> <span class='ocrx_word' id='word_1_247' title='bbox 759 3539 846 3601; x_wconf 82' lang='lat' dir='ltr'>etiarn</span> <span class='ocrx_word' id='word_1_248' title='bbox 859 3538 1003 3599; x_wconf 80' lang='lat' dir='ltr'>habuisse</span> <span class='ocrx_word' id='word_1_249' title='bbox 1017 3547 1194 3615; x_wconf 89' lang='lat' dir='ltr'>noscuntur,</span> <span class='ocrx_word' id='word_1_250' title='bbox 1207 3535 1305 3617; x_wconf 81' lang='lat' dir='ltr'>adjuc</span> <span class='ocrx_word' id='word_1_251' title='bbox 1315 3554 1378 3597; x_wconf 85' lang='lat' dir='ltr'>cor·</span> 
     </span>
    </p>
   </div>
   <div class='ocr_carea' id='block_1_15' title="bbox 179 3637 1380 3723">
    <p class='ocr_par' dir='ltr' id='par_1_15' title="bbox 179 3637 1380 3723">
     <span class='ocr_line' id='line_1_30' title="bbox 179 3637 1380 3723; baseline 0 -26"><span class='ocrx_word' id='word_1_252' title='bbox 179 3665 193 3708; x_wconf 74' lang='grc'>;</span> <span class='ocrx_word' id='word_1_253' title='bbox 294 3638 385 3721; x_wconf 71' lang='lat' dir='ltr'>poris</span> <span class='ocrx_word' id='word_1_254' title='bbox 398 3656 510 3713; x_wconf 73' lang='lat' dir='ltr'>mrum,</span> <span class='ocrx_word' id='word_1_255' title='bbox 531 3637 563 3697; x_wconf 83' lang='lat' dir='ltr'>id</span> <span class='ocrx_word' id='word_1_256' title='bbox 577 3648 628 3715; x_wconf 77' lang='lat' dir='ltr'>ert</span> <span class='ocrx_word' id='word_1_257' title='bbox 639 3639 825 3701; x_wconf 78' lang='lat' dir='ltr'>ecclesiarum</span> <span class='ocrx_word' id='word_1_258' title='bbox 843 3659 901 3699; x_wconf 79' lang='lat' dir='ltr'>uon</span> <span class='ocrx_word' id='word_1_259' title='bbox 920 3638 1071 3723; x_wconf 80' lang='lat' dir='ltr'>bominum</span> <span class='ocrx_word' id='word_1_260' title='bbox 1086 3638 1271 3717; x_wconf 64' lang='lat' dir='ltr'>uinculorum</span> <span class='ocrx_word' id='word_1_261' title='bbox 1280 3638 1380 3717; x_wconf 84' lang='lat' dir='ltr'>perti·</span> 
     </span>
    </p>
   </div>
   <div class='ocr_carea' id='block_1_16' title="bbox 169 4817 184 4862">
    <p class='ocr_par' dir='ltr' id='par_1_16' title="bbox 169 4817 184 4862">
     <span class='ocr_line' id='line_1_31' title="bbox 169 4817 184 4862; baseline 0 0"><span class='ocrx_word' id='word_1_262' title='bbox 169 4817 184 4862; x_wconf 63' lang='lat'><em>5</em></span> 
     </span>
    </p>
   </div>
   <div class='ocr_carea' id='block_1_17' title="bbox 297 3739 1379 3820">
    <p class='ocr_par' dir='ltr' id='par_1_17' title="bbox 297 3739 1379 3820">
     <span class='ocr_line' id='line_1_32' title="bbox 297 3739 1379 3820; baseline -0.003 -18"><span class='ocrx_word' id='word_1_263' title='bbox 297 3743 416 3816; x_wconf 82' lang='lat' dir='ltr'>nentia,</span> <span class='ocrx_word' id='word_1_264' title='bbox 427 3759 463 3801; x_wconf 90' lang='lat' dir='ltr'>ea</span> <span class='ocrx_word' id='word_1_265' title='bbox 474 3744 587 3817; x_wconf 90' lang='lat' dir='ltr'>omnia,</span> <span class='ocrx_word' id='word_1_266' title='bbox 600 3742 666 3820; x_wconf 74' lang='lat' dir='ltr'>lege</span> <span class='ocrx_word' id='word_1_267' title='bbox 676 3758 738 3817; x_wconf 84' lang='lat' dir='ltr'>qna</span> <span class='ocrx_word' id='word_1_268' title='bbox 748 3742 887 3819; x_wconf 89' lang='lat' dir='ltr'>superius</span> <span class='ocrx_word' id='word_1_269' title='bbox 898 3740 1192 3818; x_wconf 85' lang='lat' dir='ltr'>comprehendimus,</span> <span class='ocrx_word' id='word_1_270' title='bbox 1203 3742 1276 3799; x_wconf 86' lang='lat' dir='ltr'>citra</span> <span class='ocrx_word' id='word_1_271' title='bbox 1287 3739 1379 3799; x_wconf 86' lang='lat' dir='ltr'>ullam</span> 
     </span>
    </p>
   </div>
   <div class='ocr_carea' id='block_1_18' title="bbox 181 3837 1381 3923">
    <p class='ocr_par' dir='ltr' id='par_1_18' title="bbox 181 3837 1381 3923">
     <span class='ocr_line' id='line_1_33' title="bbox 181 3837 1381 3923; baseline -0.008 -16"><span class='ocrx_word' id='word_1_272' title='bbox 181 3880 189 3907; x_wconf 64' lang='lat' dir='ltr'>i</span> <span class='ocrx_word' id='word_1_273' title='bbox 298 3858 427 3923; x_wconf 79' lang='lat' dir='ltr'>proteus</span> <span class='ocrx_word' id='word_1_274' title='bbox 436 3842 663 3917; x_wconf 74' lang='lat' dir='ltr'>ambiguitatem</span> <span class='ocrx_word' id='word_1_275' title='bbox 675 3843 721 3902; x_wconf 87' lang='lat' dir='ltr'>rel</span> <span class='ocrx_word' id='word_1_276' title='bbox 733 3849 967 3901; x_wconf 80' lang='lat' dir='ltr'>controversiam</span> <span class='ocrx_word' id='word_1_277' title='bbox 979 3839 1087 3899; x_wconf 90' lang='lat' dir='ltr'>iisdem</span> <span class='ocrx_word' id='word_1_278' title='bbox 1102 3838 1288 3911; x_wconf 86' lang='lat' dir='ltr'>christianis,</span> <span class='ocrx_word' id='word_1_279' title='bbox 1296 3837 1326 3897; x_wconf 89' lang='lat' dir='ltr'>id</span> <span class='ocrx_word' id='word_1_280' title='bbox 1336 3846 1381 3898; x_wconf 86' lang='lat' dir='ltr'>est</span> 
     </span>
    </p>
   </div>
   <div class='ocr_carea' id='block_1_19' title="bbox 298 3936 1386 4624">
    <p class='ocr_par' dir='ltr' id='par_1_19' title="bbox 298 3936 1234 4020">
     <span class='ocr_line' id='line_1_34' title="bbox 298 3936 1234 4020; baseline -0.005 -18"><span class='ocrx_word' id='word_1_281' title='bbox 298 3943 418 4020; x_wconf 83' lang='lat' dir='ltr'>corpori</span> <span class='ocrx_word' id='word_1_282' title='bbox 432 3949 462 4000; x_wconf 88' lang='lat' dir='ltr'>ct</span> <span class='ocrx_word' id='word_1_283' title='bbox 474 3940 690 4001; x_wconf 88' lang='lat' dir='ltr'>conventiculis</span> <span class='ocrx_word' id='word_1_284' title='bbox 704 3956 809 3999; x_wconf 90' lang='lat' dir='ltr'>eorum</span> <span class='ocrx_word' id='word_1_285' title='bbox 824 3936 910 3997; x_wconf 81' lang='lat' dir='ltr'>reddi</span> <span class='ocrx_word' id='word_1_286' title='bbox 917 3938 1040 4015; x_wconf 83' lang='lat' dir='ltr'>jubebis</span> <span class='ocrx_word' id='word_1_287' title='bbox 1056 3958 1071 3993; x_wconf 83' lang='lat' dir='ltr'>u</span> <span class='ocrx_word' id='word_1_288' title='bbox 1090 3936 1139 4013; x_wconf 66' lang='lat' dir='ltr'>td).</span> <span class='ocrx_word' id='word_1_289' title='bbox 1232 3990 1234 3997; x_wconf 78' lang='grc'>,</span> 
     </span>
    </p>

    <p class='ocr_par' dir='ltr' id='par_1_20' title="bbox 300 4036 1386 4624">
     <span class='ocr_line' id='line_1_35' title="bbox 343 4036 1380 4117; baseline -0.004 -17"><span class='ocrx_word' id='word_1_290' title='bbox 343 4042 390 4101; x_wconf 80' lang='lat' dir='ltr'>sd</span> <span class='ocrx_word' id='word_1_291' title='bbox 402 4040 571 4103; x_wconf 81' lang='lat' dir='ltr'>dnnlinum</span> <span class='ocrx_word' id='word_1_292' title='bbox 583 4042 688 4100; x_wconf 69' lang='lat' dir='ltr'>Africae</span> <span class='ocrx_word' id='word_1_293' title='bbox 702 4038 912 4117; x_wconf 79' lang='lat' dir='ltr'>proconsulem</span> <span class='ocrx_word' id='word_1_294' title='bbox 925 4054 1012 4117; x_wconf 88' lang='lat' dir='ltr'>porro</span> <span class='ocrx_word' id='word_1_295' title='bbox 1030 4038 1163 4097; x_wconf 84' lang='lat' dir='ltr'>scribens</span> <span class='ocrx_word' id='word_1_296' title='bbox 1182 4036 1262 4097; x_wconf 90' lang='lat' dir='ltr'>idern</span> <span class='ocrx_word' id='word_1_297' title='bbox 1284 4036 1380 4116; x_wconf 89' lang='lat' dir='ltr'>impe·</span> 
     </span>
     <span class='ocr_line' id='line_1_36' title="bbox 300 4134 1383 4218; baseline -0.006 -14"><span class='ocrx_word' id='word_1_298' title='bbox 300 4151 386 4204; x_wconf 86' lang='lat' dir='ltr'>rator</span> <span class='ocrx_word' id='word_1_299' title='bbox 396 4141 440 4201; x_wconf 89' lang='lat' dir='ltr'>sic</span> <span class='ocrx_word' id='word_1_300' title='bbox 452 4150 539 4218; x_wconf 75' lang='lat' dir='ltr'>urget</span> <span class='ocrx_word' id='word_1_301' title='bbox 552 4144 618 4218; x_wconf 83' lang='lat' dir='ltr'>ejus</span> <span class='ocrx_word' id='word_1_302' title='bbox 630 4142 739 4199; x_wconf 86' lang='lat' dir='ltr'>decreti</span> <span class='ocrx_word' id='word_1_303' title='bbox 750 4140 992 4198; x_wconf 64' lang='lat' dir='ltr'>exsecutionem:</span> <span class='ocrx_word' id='word_1_304' title='bbox 1012 4158 1026 4193; x_wconf 85' lang='lat' dir='ltr'>u</span> <span class='ocrx_word' id='word_1_305' title='bbox 1039 4139 1090 4197; x_wconf 80' lang='lat' dir='ltr'>lint</span> <span class='ocrx_word' id='word_1_306' title='bbox 1102 4137 1152 4197; x_wconf 88' lang='lat' dir='ltr'>bic</span> <span class='ocrx_word' id='word_1_307' title='bbox 1166 4153 1231 4204; x_wconf 87' lang='lat' dir='ltr'>mos</span> <span class='ocrx_word' id='word_1_308' title='bbox 1242 4134 1383 4197; x_wconf 83' lang='lat' dir='ltr'>bonitatis</span> 
     </span>
     <span class='ocr_line' id='line_1_37' title="bbox 302 4235 1383 4320; baseline -0.006 -17"><span class='ocrx_word' id='word_1_309' title='bbox 302 4251 427 4320; x_wconf 78' lang='lat' dir='ltr'>nostra,</span> <span class='ocrx_word' id='word_1_310' title='bbox 444 4252 478 4302; x_wconf 87' lang='lat' dir='ltr'>nt</span> <span class='ocrx_word' id='word_1_311' title='bbox 491 4259 527 4302; x_wconf 90' lang='lat' dir='ltr'>ea</span> <span class='ocrx_word' id='word_1_312' title='bbox 539 4258 607 4318; x_wconf 78' lang='lat' dir='ltr'>quar</span> <span class='ocrx_word' id='word_1_313' title='bbox 621 4240 657 4301; x_wconf 91' lang='lat' dir='ltr'>ad</span> <span class='ocrx_word' id='word_1_314' title='bbox 670 4244 723 4318; x_wconf 90' lang='lat' dir='ltr'>jus</span> <span class='ocrx_word' id='word_1_315' title='bbox 737 4241 873 4299; x_wconf 87' lang='lat' dir='ltr'>aliennnr</span> <span class='ocrx_word' id='word_1_316' title='bbox 886 4240 1048 4317; x_wconf 86' lang='lat' dir='ltr'>pertinent,</span> <span class='ocrx_word' id='word_1_317' title='bbox 1063 4252 1125 4297; x_wconf 90' lang='lat' dir='ltr'>non</span> <span class='ocrx_word' id='word_1_318' title='bbox 1137 4238 1225 4297; x_wconf 89' lang='lat' dir='ltr'>modo</span> <span class='ocrx_word' id='word_1_319' title='bbox 1240 4235 1326 4297; x_wconf 85' lang='lat' dir='ltr'>nulla</span> <span class='ocrx_word' id='word_1_320' title='bbox 1336 4237 1383 4297; x_wconf 88' lang='lat' dir='ltr'>in·</span> 
     </span>
     <span class='ocr_line' id='line_1_38' title="bbox 302 4338 1385 4421; baseline -0.002 -18"><span class='ocrx_word' id='word_1_321' title='bbox 302 4347 484 4421; x_wconf 77' lang='lat' dir='ltr'>quietudine</span> <span class='ocrx_word' id='word_1_322' title='bbox 500 4345 590 4415; x_wconf 89' lang='lat' dir='ltr'>allici,</span> <span class='ocrx_word' id='word_1_323' title='bbox 611 4346 773 4402; x_wconf 83' lang='lat' dir='ltr'>sedetiam</span> <span class='ocrx_word' id='word_1_324' title='bbox 795 4343 910 4401; x_wconf 83' lang='lat' dir='ltr'>restitui</span> <span class='ocrx_word' id='word_1_325' title='bbox 937 4340 1076 4399; x_wconf 86' lang='lat' dir='ltr'>velrmus.</span> <span class='ocrx_word' id='word_1_326' title='bbox 1098 4341 1282 4417; x_wconf 85' lang='lat' dir='ltr'>Quapropter</span> <span class='ocrx_word' id='word_1_327' title='bbox 1296 4338 1385 4415; x_wconf 73' lang='lat' dir='ltr'>jube·</span> 
     </span>
     <span class='ocr_line' id='line_1_39' title="bbox 305 4437 1385 4519; baseline -0.005 -15"><span class='ocrx_word' id='word_1_328' title='bbox 305 4462 431 4518; x_wconf 77' lang='lat' dir='ltr'>nius,...</span> <span class='ocrx_word' id='word_1_329' title='bbox 451 4460 475 4503; x_wconf 85' lang='lat' dir='ltr'>er</span> <span class='ocrx_word' id='word_1_330' title='bbox 497 4460 565 4519; x_wconf 77' lang='lat' dir='ltr'>quac</span> <span class='ocrx_word' id='word_1_331' title='bbox 583 4460 619 4502; x_wconf 85' lang='lat' dir='ltr'>ex</span> <span class='ocrx_word' id='word_1_332' title='bbox 634 4442 698 4503; x_wconf 84' lang='lat' dir='ltr'>itus</span> <span class='ocrx_word' id='word_1_333' title='bbox 712 4458 780 4519; x_wconf 79' lang='lat' dir='ltr'>quar</span> <span class='ocrx_word' id='word_1_334' title='bbox 799 4442 836 4500; x_wconf 89' lang='lat' dir='ltr'>ad</span> <span class='ocrx_word' id='word_1_335' title='bbox 850 4440 1026 4501; x_wconf 87' lang='lat' dir='ltr'>catholicam</span> <span class='ocrx_word' id='word_1_336' title='bbox 1040 4440 1274 4499; x_wconf 81' lang='lat' dir='ltr'>christianorum</span> <span class='ocrx_word' id='word_1_337' title='bbox 1288 4437 1385 4499; x_wconf 72' lang='lat' dir='ltr'>liwlc·</span> 
     </span>
     <span class='ocr_line' id='line_1_40' title="bbox 305 4536 1386 4624; baseline -0.005 -17"><span class='ocrx_word' id='word_1_338' title='bbox 305 4563 385 4607; x_wconf 80' lang='lat' dir='ltr'>siam</span> <span class='ocrx_word' id='word_1_339' title='bbox 400 4561 452 4624; x_wconf 88' lang='lat' dir='ltr'>per</span> <span class='ocrx_word' id='word_1_340' title='bbox 466 4545 602 4620; x_wconf 69' lang='lat' dir='ltr'>sirrgnlas</span> <span class='ocrx_word' id='word_1_341' title='bbox 616 4544 751 4603; x_wconf 86' lang='lat' dir='ltr'>civitates</span> <span class='ocrx_word' id='word_1_342' title='bbox 763 4550 816 4600; x_wconf 89' lang='lat' dir='ltr'>aut</span> <span class='ocrx_word' id='word_1_343' title='bbox 831 4544 863 4599; x_wconf 89' lang='lat' dir='ltr'>in</span> <span class='ocrx_word' id='word_1_344' title='bbox 877 4542 946 4601; x_wconf 79' lang='lat' dir='ltr'>aliis</span> <span class='ocrx_word' id='word_1_345' title='bbox 960 4541 1032 4601; x_wconf 83' lang='lat' dir='ltr'>locis</span> <span class='ocrx_word' id='word_1_346' title='bbox 1047 4536 1246 4619; x_wconf 83' lang='lat' dir='ltr'>pertinebant,</span> <span class='ocrx_word' id='word_1_347' title='bbox 1260 4546 1290 4599; x_wconf 84' lang='lat' dir='ltr'>et</span> <span class='ocrx_word' id='word_1_348' title='bbox 1303 4554 1386 4603; x_wconf 83' lang='lat' dir='ltr'>nune</span> 
     </span>
    </p>
   </div>
   <div class='ocr_carea' id='block_1_20' title="bbox 341 4736 1136 4811">
    <p class='ocr_par' dir='ltr' id='par_1_21' title="bbox 341 4736 1136 4811">
     <span class='ocr_line' id='line_1_41' title="bbox 341 4736 1136 4811; baseline 0 -18"><span class='ocrx_word' id='word_1_349' title='bbox 341 4746 378 4811; x_wconf 50' lang='lat' dir='ltr'>po)</span> <span class='ocrx_word' id='word_1_350' title='bbox 394 4746 430 4796; x_wconf 81' lang='lat' dir='ltr'>dr.</span> <span class='ocrx_word' id='word_1_351' title='bbox 447 4746 544 4795; x_wconf 84' lang='lat' dir='ltr'>daronll</span> <span class='ocrx_word' id='word_1_352' title='bbox 557 4742 666 4809; x_wconf 71' lang='lat' dir='ltr'>Aurini,</span> <span class='ocrx_word' id='word_1_353' title='bbox 680 4749 741 4793; x_wconf 82' lang='lat' dir='ltr'>turn.</span> <span class='ocrx_word' id='word_1_354' title='bbox 756 4755 772 4792; x_wconf 91' lang='grc' dir='ltr'>ι.</span> <span class='ocrx_word' id='word_1_355' title='bbox 786 4764 816 4777; x_wconf 91' lang='grc'>-</span> <span class='ocrx_word' id='word_1_356' title='bbox 827 4736 862 4803; x_wconf 74' lang='lat' dir='ltr'>(bl</span> <span class='ocrx_word' id='word_1_357' title='bbox 880 4738 948 4791; x_wconf 82' lang='lat' dir='ltr'>lbid.</span> <span class='ocrx_word' id='word_1_358' title='bbox 963 4746 1024 4791; x_wconf 87' lang='lat' dir='ltr'>tour.</span> <span class='ocrx_word' id='word_1_359' title='bbox 1037 4752 1053 4790; x_wconf 93' lang='grc' dir='ltr'>ιι</span> <span class='ocrx_word' id='word_1_360' title='bbox 1064 4744 1089 4791; x_wconf 86' lang='lat' dir='ltr'>et</span> <span class='ocrx_word' id='word_1_361' title='bbox 1101 4752 1136 4795; x_wconf 83' lang='grc' dir='ltr'>ιιι.</span> 
     </span>
    </p>
   </div>
   <div class='ocr_carea' id='block_1_21' title="bbox 0 0 1812 5675">
    <p class='ocr_par' dir='ltr' id='par_1_22' title="bbox 0 0 1812 5675">
     <span class='ocr_line' id='line_1_42' title="bbox 0 0 1812 5675; baseline 0 0"><span class='ocrx_word' id='word_1_362' title='bbox 0 0 1812 5675; x_wconf 95' lang='lat' dir='ltr'> </span> 
     </span>
    </p>
   </div>
  </div>
 </body>
</html>
