<?xml version="1.0" encoding="UTF-8"?>
<!DOCTYPE html PUBLIC "-//W3C//DTD XHTML 1.0 Transitional//EN"
    "http://www.w3.org/TR/xhtml1/DTD/xhtml1-transitional.dtd">
<html xmlns="http://www.w3.org/1999/xhtml" xml:lang="en" lang="en">
 <head>
  <title>
</title>
<meta http-equiv="Content-Type" content="text/html;charset=utf-8" />
  <meta name='ocr-system' content='tesseract 3.04.00' />
  <meta name='ocr-capabilities' content='ocr_page ocr_carea ocr_par ocr_line ocrx_word'/>
</head>
<body>
  <div class='ocr_page' id='page_1' title='image "./jurisnaturalisu00bensgoog_0606.png"; bbox 0 0 3559 5675; ppageno 0'>
   <div class='ocr_carea' id='block_1_1' title="bbox 461 695 1127 770">
    <p class='ocr_par' dir='ltr' id='par_1_1' title="bbox 461 695 1127 770">
     <span class='ocr_line' id='line_1_1' title="bbox 461 695 1127 770; baseline 0.011 -9"><span class='ocrx_word' id='word_1_1' title='bbox 461 695 522 762; x_wconf 75' lang='lat'><strong>59⁸</strong></span> <span class='ocrx_word' id='word_1_2' title='bbox 868 719 947 768; x_wconf 80' lang='lat' dir='ltr'><strong>tosta</strong></span> <span class='ocrx_word' id='word_1_3' title='bbox 969 721 1127 770; x_wconf 78' lang='lat' dir='ltr'><strong>rammam</strong></span> 
     </span>
    </p>
   </div>
   <div class='ocr_carea' id='block_1_2' title="bbox 441 821 1516 4791">
    <p class='ocr_par' dir='ltr' id='par_1_2' title="bbox 455 821 1515 1702">
     <span class='ocr_line' id='line_1_2' title="bbox 463 821 1508 902; baseline 0.007 -21"><span class='ocrx_word' id='word_1_4' title='bbox 463 821 613 884; x_wconf 83' lang='lat' dir='ltr'><strong>Pontificio</strong></span> <span class='ocrx_word' id='word_1_5' title='bbox 632 839 667 886; x_wconf 84' lang='lat' dir='ltr'><strong>ex</strong></span> <span class='ocrx_word' id='word_1_6' title='bbox 686 823 826 886; x_wconf 77' lang='lat' dir='ltr'>cathedra</span> <span class='ocrx_word' id='word_1_7' title='bbox 845 826 977 890; x_wconf 72' lang='lat' dir='ltr'><strong>domnus</strong></span> <span class='ocrx_word' id='word_1_8' title='bbox 988 827 1244 902; x_wconf 70' lang='lat' dir='ltr'><strong>infallibilitatem.</strong></span> <span class='ocrx_word' id='word_1_9' title='bbox 1266 827 1410 902; x_wconf 73' lang='lat' dir='ltr'><strong>Attamen,</strong></span> <span class='ocrx_word' id='word_1_10' title='bbox 1426 827 1508 888; x_wconf 89' lang='lat' dir='ltr'><strong>subdit</strong></span> 
     </span>
     <span class='ocr_line' id='line_1_3' title="bbox 462 919 1510 992; baseline 0.006 -10"><span class='ocrx_word' id='word_1_11' title='bbox 462 919 542 982; x_wconf 90' lang='lat' dir='ltr'><strong>idem</strong></span> <span class='ocrx_word' id='word_1_12' title='bbox 553 923 697 992; x_wconf 82' lang='lat' dir='ltr'><strong>Pontifex.</strong></span> <span class='ocrx_word' id='word_1_13' title='bbox 711 925 809 986; x_wconf 91' lang='lat' dir='ltr'><strong>uoluit</strong></span> <span class='ocrx_word' id='word_1_14' title='bbox 822 927 960 991; x_wconf 84' lang='lat' dir='ltr'><strong>Clemens</strong></span> <span class='ocrx_word' id='word_1_15' title='bbox 971 931 1022 992; x_wconf 87' lang='lat' dir='ltr'><strong>llll</strong></span> <span class='ocrx_word' id='word_1_16' title='bbox 1035 945 1099 990; x_wconf 87' lang='lat' dir='ltr'><strong>earn</strong></span> <span class='ocrx_word' id='word_1_17' title='bbox 1112 928 1256 990; x_wconf 89' lang='lat' dir='ltr'><strong>damnare</strong></span> <span class='ocrx_word' id='word_1_18' title='bbox 1267 933 1332 986; x_wconf 83' lang='lat' dir='ltr'><strong>trrrn</strong></span> <span class='ocrx_word' id='word_1_19' title='bbox 1346 925 1381 986; x_wconf 93' lang='lat' dir='ltr'><strong>ob</strong></span> <span class='ocrx_word' id='word_1_20' title='bbox 1391 927 1510 988; x_wconf 79' lang='lat' dir='ltr'><strong>bonomo</strong></span> 
     </span>
     <span class='ocr_line' id='line_1_4' title="bbox 461 1023 1511 1106; baseline 0 -22"><span class='ocrx_word' id='word_1_21' title='bbox 461 1023 605 1085; x_wconf 76' lang='lat' dir='ltr'><strong>sanaem</strong></span> <span class='ocrx_word' id='word_1_22' title='bbox 624 1023 747 1085; x_wconf 79' lang='lat' dir='ltr'><strong>aliunde</strong></span> <span class='ocrx_word' id='word_1_23' title='bbox 761 1025 911 1102; x_wconf 90' lang='lat' dir='ltr'><strong>debitum,</strong></span> <span class='ocrx_word' id='word_1_24' title='bbox 935 1037 999 1089; x_wconf 92' lang='lat' dir='ltr'><strong>tum</strong></span> <span class='ocrx_word' id='word_1_25' title='bbox 1013 1046 1052 1090; x_wconf 91' lang='lat' dir='ltr'><strong>ne</strong></span> <span class='ocrx_word' id='word_1_26' title='bbox 1064 1045 1147 1090; x_wconf 81' lang='lat' dir='ltr'><strong>norae</strong></span> <span class='ocrx_word' id='word_1_27' title='bbox 1159 1027 1255 1088; x_wconf 80' lang='lat' dir='ltr'><strong>turbae</strong></span> <span class='ocrx_word' id='word_1_28' title='bbox 1269 1027 1300 1087; x_wconf 91' lang='lat' dir='ltr'><strong>in</strong></span> <span class='ocrx_word' id='word_1_29' title='bbox 1315 1025 1407 1087; x_wconf 89' lang='lat' dir='ltr'><strong>Gallia</strong></span> <span class='ocrx_word' id='word_1_30' title='bbox 1419 1027 1511 1106; x_wconf 74' lang='lat' dir='ltr'><strong>ercia-</strong></span> 
     </span>
     <span class='ocr_line' id='line_1_5' title="bbox 459 1124 1512 1204; baseline 0 -20"><span class='ocrx_word' id='word_1_31' title='bbox 459 1128 575 1184; x_wconf 89' lang='lat' dir='ltr'><strong>reutnr.</strong></span> <span class='ocrx_word' id='word_1_32' title='bbox 609 1125 652 1184; x_wconf 82' lang='lat' dir='ltr'><strong>Ex</strong></span> <span class='ocrx_word' id='word_1_33' title='bbox 678 1124 790 1202; x_wconf 89' lang='lat' dir='ltr'><strong>quibus</strong></span> <span class='ocrx_word' id='word_1_34' title='bbox 815 1129 960 1190; x_wconf 87' lang='lat' dir='ltr'><strong>omuibus</strong></span> <span class='ocrx_word' id='word_1_35' title='bbox 985 1129 1031 1190; x_wconf 92' lang='lat' dir='ltr'><strong>illi</strong></span> <span class='ocrx_word' id='word_1_36' title='bbox 1064 1129 1121 1190; x_wconf 92' lang='lat' dir='ltr'><strong>boc</strong></span> <span class='ocrx_word' id='word_1_37' title='bbox 1154 1127 1310 1204; x_wconf 79' lang='lat' dir='ltr'><strong>colligunt,</strong></span> <span class='ocrx_word' id='word_1_38' title='bbox 1351 1141 1512 1202; x_wconf 88' lang='lat' dir='ltr'><strong>quamquam</strong></span> 
     </span>
     <span class='ocr_line' id='line_1_6' title="bbox 457 1207 1513 1302; baseline 0.001 -20"><span class='ocrx_word' id='word_1_39' title='bbox 457 1221 605 1300; x_wconf 76' lang='lat' dir='ltr'><strong>gallicana</strong></span> <span class='ocrx_word' id='word_1_40' title='bbox 616 1223 669 1285; x_wconf 89' lang='lat' dir='ltr'><strong>illa</strong></span> <span class='ocrx_word' id='word_1_41' title='bbox 682 1232 813 1302; x_wconf 74' lang='lat' dir='ltr'><strong>quatum</strong></span> <span class='ocrx_word' id='word_1_42' title='bbox 821 1228 1017 1290; x_wconf 90' lang='lat' dir='ltr'><strong>articulorum</strong></span> <span class='ocrx_word' id='word_1_43' title='bbox 1031 1229 1164 1290; x_wconf 90' lang='lat' dir='ltr'><strong>doctrina</strong></span> <span class='ocrx_word' id='word_1_44' title='bbox 1175 1207 1289 1288; x_wconf 77' lang='lat' dir='ltr'><strong>sabata</strong></span> <span class='ocrx_word' id='word_1_45' title='bbox 1310 1225 1379 1286; x_wconf 84' lang='lat' dir='ltr'><strong>Sedi</strong></span> <span class='ocrx_word' id='word_1_46' title='bbox 1395 1240 1513 1301; x_wconf 80' lang='lat' dir='ltr'><strong>magnam</strong></span> 
     </span>
     <span class='ocr_line' id='line_1_7' title="bbox 457 1319 1511 1406; baseline -0.002 -24"><span class='ocrx_word' id='word_1_47' title='bbox 457 1319 569 1382; x_wconf 89' lang='lat' dir='ltr'><strong>doloris</strong></span> <span class='ocrx_word' id='word_1_48' title='bbox 593 1340 716 1386; x_wconf 89' lang='lat' dir='ltr'><strong>causam</strong></span> <span class='ocrx_word' id='word_1_49' title='bbox 741 1326 885 1404; x_wconf 86' lang='lat' dir='ltr'><strong>attulerit,</strong></span> <span class='ocrx_word' id='word_1_50' title='bbox 912 1345 1100 1406; x_wconf 87' lang='lat' dir='ltr'><strong>quamquam</strong></span> <span class='ocrx_word' id='word_1_51' title='bbox 1124 1328 1177 1389; x_wconf 89' lang='lat' dir='ltr'><strong>illa</strong></span> <span class='ocrx_word' id='word_1_52' title='bbox 1201 1327 1322 1404; x_wconf 82' lang='lat' dir='ltr'><strong>ingenio</strong></span> <span class='ocrx_word' id='word_1_53' title='bbox 1349 1323 1378 1400; x_wconf 86' lang='lat' dir='ltr'><strong>(d</strong></span> <span class='ocrx_word' id='word_1_54' title='bbox 1403 1322 1511 1402; x_wconf 81' lang='lat' dir='ltr'><strong>l’eaprit)</strong></span> 
     </span>
     <span class='ocr_line' id='line_1_8' title="bbox 456 1423 1513 1508; baseline -0.001 -27"><span class='ocrx_word' id='word_1_55' title='bbox 456 1423 1060 1508; x_wconf 72' lang='lat' dir='ltr'><strong>mnotaematrisFaclesiaeifomanaeplus</strong></span> <span class='ocrx_word' id='word_1_56' title='bbox 1072 1427 1235 1488; x_wconf 88' lang='lat' dir='ltr'><strong>autminus</strong></span> <span class='ocrx_word' id='word_1_57' title='bbox 1247 1427 1405 1502; x_wconf 81' lang='lat' dir='ltr'><strong>repugnet,</strong></span> <span class='ocrx_word' id='word_1_58' title='bbox 1419 1437 1513 1500; x_wconf 89' lang='lat' dir='ltr'><strong>nequa·</strong></span> 
     </span>
     <span class='ocr_line' id='line_1_9' title="bbox 455 1521 1515 1605; baseline 0 -25"><span class='ocrx_word' id='word_1_59' title='bbox 455 1534 548 1596; x_wconf 88' lang='lat' dir='ltr'><strong>quarn</strong></span> <span class='ocrx_word' id='word_1_60' title='bbox 560 1527 660 1582; x_wconf 88' lang='lat' dir='ltr'><strong>tamen</strong></span> <span class='ocrx_word' id='word_1_61' title='bbox 670 1522 753 1584; x_wconf 90' lang='lat' dir='ltr'><strong>illam</strong></span> <span class='ocrx_word' id='word_1_62' title='bbox 767 1524 824 1588; x_wconf 93' lang='lat' dir='ltr'><strong>dici</strong></span> <span class='ocrx_word' id='word_1_63' title='bbox 836 1542 922 1605; x_wconf 88' lang='lat' dir='ltr'><strong>posse</strong></span> <span class='ocrx_word' id='word_1_64' title='bbox 939 1525 1102 1589; x_wconf 88' lang='lat' dir='ltr'><strong>aSummis</strong></span> <span class='ocrx_word' id='word_1_65' title='bbox 1117 1525 1315 1588; x_wconf 80' lang='lat' dir='ltr'><strong>Pontificibus</strong></span> <span class='ocrx_word' id='word_1_66' title='bbox 1339 1521 1515 1600; x_wconf 77' lang='lat' dir='ltr'><strong>improbatam</strong></span> 
     </span>
     <span class='ocr_line' id='line_1_10' title="bbox 457 1615 1356 1702; baseline 0.003 -24"><span class='ocrx_word' id='word_1_67' title='bbox 457 1615 624 1699; x_wconf 69' lang='lat' dir='ltr'><strong>(camarda).</strong></span> <span class='ocrx_word' id='word_1_68' title='bbox 635 1622 705 1684; x_wconf 79' lang='lat' dir='ltr'><strong>linc</strong></span> <span class='ocrx_word' id='word_1_69' title='bbox 717 1624 905 1685; x_wconf 87' lang='lat' dir='ltr'><strong>auctoresilli</strong></span> <span class='ocrx_word' id='word_1_70' title='bbox 920 1623 997 1686; x_wconf 89' lang='lat' dir='ltr'><strong>docti</strong></span> <span class='ocrx_word' id='word_1_71' title='bbox 1009 1627 1190 1702; x_wconf 84' lang='lat' dir='ltr'><strong>caeteroquin</strong></span> <span class='ocrx_word' id='word_1_72' title='bbox 1199 1631 1356 1700; x_wconf 78' lang='lat' dir='ltr'><strong>etgraves.</strong></span> 
     </span>
    </p>

    <p class='ocr_par' dir='ltr' id='par_1_3' title="bbox 448 1721 1516 3394">
     <span class='ocr_line' id='line_1_11' title="bbox 495 1721 1516 1802; baseline -0.003 -22"><span class='ocrx_word' id='word_1_73' title='bbox 495 1721 530 1780; x_wconf 96' lang='lat' dir='ltr'><strong>ln</strong></span> <span class='ocrx_word' id='word_1_74' title='bbox 547 1737 608 1798; x_wconf 88' lang='lat' dir='ltr'><strong>qua</strong></span> <span class='ocrx_word' id='word_1_75' title='bbox 629 1722 884 1802; x_wconf 85' lang='lat' dir='ltr'><strong>orationedupler</strong></span> <span class='ocrx_word' id='word_1_76' title='bbox 904 1725 1014 1786; x_wconf 83' lang='lat' dir='ltr'><strong>vitium</strong></span> <span class='ocrx_word' id='word_1_77' title='bbox 1038 1733 1082 1786; x_wconf 88' lang='lat' dir='ltr'><strong>est</strong></span> <span class='ocrx_word' id='word_1_78' title='bbox 1107 1724 1181 1786; x_wconf 87' lang='lat' dir='ltr'><strong>adeo</strong></span> <span class='ocrx_word' id='word_1_79' title='bbox 1199 1722 1412 1797; x_wconf 87' lang='lat' dir='ltr'><strong>manifestum,</strong></span> <span class='ocrx_word' id='word_1_80' title='bbox 1433 1725 1516 1778; x_wconf 89' lang='lat' dir='ltr'><strong>ntsua</strong></span> 
     </span>
     <span class='ocr_line' id='line_1_12' title="bbox 454 1817 1514 1899; baseline 0 -21"><span class='ocrx_word' id='word_1_81' title='bbox 454 1824 558 1899; x_wconf 88' lang='lat' dir='ltr'><strong>sponte</strong></span> <span class='ocrx_word' id='word_1_82' title='bbox 565 1819 596 1880; x_wconf 92' lang='lat' dir='ltr'><strong>in</strong></span> <span class='ocrx_word' id='word_1_83' title='bbox 606 1822 709 1883; x_wconf 90' lang='lat' dir='ltr'><strong>oeulos</strong></span> <span class='ocrx_word' id='word_1_84' title='bbox 716 1821 763 1884; x_wconf 83' lang='lat' dir='ltr'><strong>vel</strong></span> <span class='ocrx_word' id='word_1_85' title='bbox 775 1823 1034 1884; x_wconf 85' lang='lat' dir='ltr'><strong>invitosincurrat.</strong></span> <span class='ocrx_word' id='word_1_86' title='bbox 1046 1827 1121 1886; x_wconf 88' lang='lat' dir='ltr'><strong>Nam</strong></span> <span class='ocrx_word' id='word_1_87' title='bbox 1133 1827 1162 1882; x_wconf 83' lang='lat'><strong>1⁰</strong></span> <span class='ocrx_word' id='word_1_88' title='bbox 1171 1821 1334 1884; x_wconf 76' lang='lat' dir='ltr'><strong>Alexandri</strong></span> <span class='ocrx_word' id='word_1_89' title='bbox 1347 1821 1407 1880; x_wconf 87' lang='lat' dir='ltr'><strong>Vlll</strong></span> <span class='ocrx_word' id='word_1_90' title='bbox 1419 1817 1514 1880; x_wconf 87' lang='lat' dir='ltr'><strong>Bullan</strong></span> 
     </span>
     <span class='ocr_line' id='line_1_13' title="bbox 454 1917 1515 2000; baseline -0.006 -22"><span class='ocrx_word' id='word_1_91' title='bbox 454 1926 733 1994; x_wconf 76' lang='lat' dir='ltr'><strong>commemorantes,</strong></span> <span class='ocrx_word' id='word_1_92' title='bbox 745 1938 798 2000; x_wconf 89' lang='lat' dir='ltr'><strong>per</strong></span> <span class='ocrx_word' id='word_1_93' title='bbox 811 1938 903 1998; x_wconf 90' lang='lat' dir='ltr'><strong>quam</strong></span> <span class='ocrx_word' id='word_1_94' title='bbox 915 1923 953 1982; x_wconf 93' lang='lat' dir='ltr'><strong>ab</strong></span> <span class='ocrx_word' id='word_1_95' title='bbox 963 1921 1094 1984; x_wconf 84' lang='lat' dir='ltr'><strong>Ecclesia</strong></span> <span class='ocrx_word' id='word_1_96' title='bbox 1104 1921 1339 1984; x_wconf 84' lang='lat' dir='ltr'><strong>declarationem</strong></span> <span class='ocrx_word' id='word_1_97' title='bbox 1355 1918 1433 1979; x_wconf 89' lang='lat' dir='ltr'><strong>illam</strong></span> <span class='ocrx_word' id='word_1_98' title='bbox 1449 1917 1515 1976; x_wconf 89' lang='lat' dir='ltr'><strong>aiunt</strong></span> 
     </span>
     <span class='ocr_line' id='line_1_14' title="bbox 453 2013 1514 2096; baseline -0.003 -20"><span class='ocrx_word' id='word_1_99' title='bbox 453 2017 546 2078; x_wconf 89' lang='lat' dir='ltr'><strong>fuisse</strong></span> <span class='ocrx_word' id='word_1_100' title='bbox 566 2024 720 2088; x_wconf 80' lang='lat' dir='ltr'><strong>cassatam,</strong></span> <span class='ocrx_word' id='word_1_101' title='bbox 731 2019 926 2096; x_wconf 80' lang='lat' dir='ltr'><strong>annullatam,</strong></span> <span class='ocrx_word' id='word_1_102' title='bbox 944 2024 976 2080; x_wconf 91' lang='lat' dir='ltr'><strong>in</strong></span> <span class='ocrx_word' id='word_1_103' title='bbox 994 2019 1122 2082; x_wconf 75' lang='lat' dir='ltr'><strong>nibilum</strong></span> <span class='ocrx_word' id='word_1_104' title='bbox 1137 2019 1301 2094; x_wconf 83' lang='lat' dir='ltr'><strong>redactam,</strong></span> <span class='ocrx_word' id='word_1_105' title='bbox 1319 2013 1514 2078; x_wconf 87' lang='lat' dir='ltr'><strong>reticentaliud</strong></span> 
     </span>
     <span class='ocr_line' id='line_1_15' title="bbox 452 2115 1516 2198; baseline -0.003 -23"><span class='ocrx_word' id='word_1_106' title='bbox 452 2115 592 2190; x_wconf 83' lang='lat' dir='ltr'><strong>verbum,</strong></span> <span class='ocrx_word' id='word_1_107' title='bbox 611 2116 717 2178; x_wconf 83' lang='lat' dir='ltr'><strong>ordine</strong></span> <span class='ocrx_word' id='word_1_108' title='bbox 743 2118 877 2196; x_wconf 86' lang='lat' dir='ltr'><strong>primurn</strong></span> <span class='ocrx_word' id='word_1_109' title='bbox 907 2120 940 2180; x_wconf 93' lang='lat' dir='ltr'><strong>in</strong></span> <span class='ocrx_word' id='word_1_110' title='bbox 968 2137 1004 2182; x_wconf 92' lang='lat' dir='ltr'><strong>ea</strong></span> <span class='ocrx_word' id='word_1_111' title='bbox 1027 2119 1125 2186; x_wconf 83' lang='lat' dir='ltr'><strong>Bulla.</strong></span> <span class='ocrx_word' id='word_1_112' title='bbox 1143 2119 1285 2198; x_wconf 77' lang='lat' dir='ltr'><strong>gravium</strong></span> <span class='ocrx_word' id='word_1_113' title='bbox 1310 2115 1345 2178; x_wconf 91' lang='lat' dir='ltr'><strong>in</strong></span> <span class='ocrx_word' id='word_1_114' title='bbox 1370 2117 1425 2176; x_wconf 92' lang='lat' dir='ltr'><strong>hac</strong></span> <span class='ocrx_word' id='word_1_115' title='bbox 1447 2131 1516 2174; x_wconf 81' lang='lat' dir='ltr'><strong>musa</strong></span> 
     </span>
     <span class='ocr_line' id='line_1_16' title="bbox 452 2212 1514 2298; baseline -0.005 -23"><span class='ocrx_word' id='word_1_116' title='bbox 452 2213 647 2294; x_wconf 71' lang='lat' dir='ltr'><strong>precipuum,</strong></span> <span class='ocrx_word' id='word_1_117' title='bbox 668 2215 779 2276; x_wconf 81' lang='lat' dir='ltr'><strong>scilicet</strong></span> <span class='ocrx_word' id='word_1_118' title='bbox 796 2215 1001 2298; x_wconf 73' lang='lat' dir='ltr'><strong>improbatam.</strong></span> <span class='ocrx_word' id='word_1_119' title='bbox 1016 2251 1057 2264; x_wconf 95' lang='lat'>-</span> <span class='ocrx_word' id='word_1_120' title='bbox 1068 2217 1103 2278; x_wconf 69' lang='lat'><strong>2⁰</strong></span> <span class='ocrx_word' id='word_1_121' title='bbox 1118 2219 1154 2278; x_wconf 88' lang='lat' dir='ltr'><strong>Ut</strong></span> <span class='ocrx_word' id='word_1_122' title='bbox 1174 2213 1301 2296; x_wconf 87' lang='lat' dir='ltr'><strong>probent</strong></span> <span class='ocrx_word' id='word_1_123' title='bbox 1313 2212 1514 2275; x_wconf 76' lang='lat' dir='ltr'><strong>declarationem</strong></span> 
     </span>
     <span class='ocr_line' id='line_1_17' title="bbox 451 2311 1516 2384; baseline -0.003 -10"><span class='ocrx_word' id='word_1_124' title='bbox 451 2313 578 2374; x_wconf 90' lang='lat' dir='ltr'><strong>minime</strong></span> <span class='ocrx_word' id='word_1_125' title='bbox 595 2313 689 2375; x_wconf 87' lang='lat' dir='ltr'><strong>fuisse</strong></span> <span class='ocrx_word' id='word_1_126' title='bbox 705 2315 890 2384; x_wconf 83' lang='lat' dir='ltr'><strong>damnatam.</strong></span> <span class='ocrx_word' id='word_1_127' title='bbox 907 2325 1028 2378; x_wconf 88' lang='lat' dir='ltr'><strong>narrant</strong></span> <span class='ocrx_word' id='word_1_128' title='bbox 1042 2317 1175 2379; x_wconf 86' lang='lat' dir='ltr'><strong>noluisse</strong></span> <span class='ocrx_word' id='word_1_129' title='bbox 1185 2315 1371 2378; x_wconf 87' lang='lat' dir='ltr'><strong>Clementem</strong></span> <span class='ocrx_word' id='word_1_130' title='bbox 1388 2315 1436 2374; x_wconf 82' lang='lat' dir='ltr'><strong>xit</strong></span> <span class='ocrx_word' id='word_1_131' title='bbox 1449 2311 1516 2371; x_wconf 85' lang='lat' dir='ltr'><strong>dam·</strong></span> 
     </span>
     <span class='ocr_line' id='line_1_18' title="bbox 451 2405 1513 2494; baseline -0.006 -21"><span class='ocrx_word' id='word_1_132' title='bbox 451 2429 525 2474; x_wconf 88' lang='lat' dir='ltr'><strong>nare</strong></span> <span class='ocrx_word' id='word_1_133' title='bbox 548 2409 750 2494; x_wconf 77' lang='lat' dir='ltr'><strong>Deseruianem</strong></span> <span class='ocrx_word' id='word_1_134' title='bbox 772 2414 983 2478; x_wconf 83' lang='lat' dir='ltr'><strong>declarationis</strong></span> <span class='ocrx_word' id='word_1_135' title='bbox 1010 2433 1027 2477; x_wconf 92' lang='lat' dir='ltr'><strong>a</strong></span> <span class='ocrx_word' id='word_1_136' title='bbox 1054 2419 1198 2478; x_wconf 83' lang='lat' dir='ltr'><strong>Bossueto</strong></span> <span class='ocrx_word' id='word_1_137' title='bbox 1217 2416 1429 2492; x_wconf 77' lang='lat' dir='ltr'><strong>conscriptam.</strong></span> <span class='ocrx_word' id='word_1_138' title='bbox 1456 2405 1513 2482; x_wconf 86' lang='lat' dir='ltr'><strong>Quis</strong></span> 
     </span>
     <span class='ocr_line' id='line_1_19' title="bbox 450 2514 1515 2596; baseline -0.007 -22"><span class='ocrx_word' id='word_1_139' title='bbox 450 2517 551 2576; x_wconf 86' lang='lat' dir='ltr'><strong>autem</strong></span> <span class='ocrx_word' id='word_1_140' title='bbox 572 2531 634 2575; x_wconf 92' lang='lat' dir='ltr'><strong>non</strong></span> <span class='ocrx_word' id='word_1_141' title='bbox 653 2514 747 2590; x_wconf 87' lang='lat' dir='ltr'><strong>ridet,</strong></span> <span class='ocrx_word' id='word_1_142' title='bbox 771 2517 904 2596; x_wconf 90' lang='lat' dir='ltr'><strong>potuisse</strong></span> <span class='ocrx_word' id='word_1_143' title='bbox 919 2519 1024 2596; x_wconf 89' lang='lat' dir='ltr'><strong>ntique</strong></span> <span class='ocrx_word' id='word_1_144' title='bbox 1048 2517 1186 2578; x_wconf 91' lang='lat' dir='ltr'><strong>damnari</strong></span> <span class='ocrx_word' id='word_1_145' title='bbox 1214 2515 1456 2588; x_wconf 87' lang='lat' dir='ltr'><strong>declarationem,</strong></span> <span class='ocrx_word' id='word_1_146' title='bbox 1469 2523 1515 2570; x_wconf 90' lang='lat' dir='ltr'><strong>non</strong></span> 
     </span>
     <span class='ocr_line' id='line_1_20' title="bbox 450 2613 1514 2698; baseline -0.005 -20"><span class='ocrx_word' id='word_1_147' title='bbox 450 2615 593 2678; x_wconf 89' lang='lat' dir='ltr'><strong>damnata</strong></span> <span class='ocrx_word' id='word_1_148' title='bbox 614 2617 652 2678; x_wconf 92' lang='lat' dir='ltr'><strong>ob</strong></span> <span class='ocrx_word' id='word_1_149' title='bbox 677 2617 843 2696; x_wconf 81' lang='lat' dir='ltr'><strong>peculiares</strong></span> <span class='ocrx_word' id='word_1_150' title='bbox 880 2636 1046 2698; x_wconf 78' lang='lat' dir='ltr'><strong>gravesque</strong></span> <span class='ocrx_word' id='word_1_151' title='bbox 1073 2635 1178 2679; x_wconf 89' lang='lat' dir='ltr'><strong>causas</strong></span> <span class='ocrx_word' id='word_1_152' title='bbox 1212 2617 1389 2678; x_wconf 82' lang='lat' dir='ltr'><strong>defensione</strong></span> <span class='ocrx_word' id='word_1_153' title='bbox 1411 2613 1514 2696; x_wconf 84' lang='lat' dir='ltr'><strong>illiust</strong></span> 
     </span>
     <span class='ocr_line' id='line_1_21' title="bbox 450 2711 1513 2798; baseline -0.008 -21"><span class='ocrx_word' id='word_1_154' title='bbox 450 2717 594 2778; x_wconf 85' lang='lat' dir='ltr'><strong>Bossueto</strong></span> <span class='ocrx_word' id='word_1_155' title='bbox 607 2715 756 2780; x_wconf 77' lang='lat' dir='ltr'><strong>mancat</strong></span> <span class='ocrx_word' id='word_1_156' title='bbox 773 2721 894 2794; x_wconf 82' lang='lat' dir='ltr'><strong>-Qua</strong></span> <span class='ocrx_word' id='word_1_157' title='bbox 909 2721 1005 2782; x_wconf 91' lang='lat' dir='ltr'><strong>fronte</strong></span> <span class='ocrx_word' id='word_1_158' title='bbox 1019 2719 1112 2798; x_wconf 82' lang='lat' dir='ltr'><strong>igitur</strong></span> <span class='ocrx_word' id='word_1_159' title='bbox 1124 2717 1306 2780; x_wconf 78' lang='lat' dir='ltr'><strong>audebimus</strong></span> <span class='ocrx_word' id='word_1_160' title='bbox 1321 2732 1389 2776; x_wconf 83' lang='lat' dir='ltr'><strong>eam</strong></span> <span class='ocrx_word' id='word_1_161' title='bbox 1404 2711 1513 2772; x_wconf 75' lang='lat' dir='ltr'><strong>declae</strong></span> 
     </span>
     <span class='ocr_line' id='line_1_22' title="bbox 448 2813 1514 2900; baseline -0.007 -22"><span class='ocrx_word' id='word_1_162' title='bbox 448 2815 562 2879; x_wconf 74' lang='lat' dir='ltr'><strong>donam</strong></span> <span class='ocrx_word' id='word_1_163' title='bbox 584 2817 682 2883; x_wconf 87' lang='lat' dir='ltr'><strong>dicere</strong></span> <span class='ocrx_word' id='word_1_164' title='bbox 704 2835 863 2900; x_wconf 89' lang='lat' dir='ltr'><strong>nunquam</strong></span> <span class='ocrx_word' id='word_1_165' title='bbox 878 2821 916 2883; x_wconf 91' lang='lat' dir='ltr'><strong>ab</strong></span> <span class='ocrx_word' id='word_1_166' title='bbox 930 2819 1062 2883; x_wconf 86' lang='lat' dir='ltr'><strong>Ecclesia</strong></span> <span class='ocrx_word' id='word_1_167' title='bbox 1087 2817 1273 2893; x_wconf 88' lang='lat' dir='ltr'><strong>damnatam,</strong></span> <span class='ocrx_word' id='word_1_168' title='bbox 1299 2832 1395 2895; x_wconf 92' lang='lat' dir='ltr'><strong>quam</strong></span> <span class='ocrx_word' id='word_1_169' title='bbox 1413 2813 1514 2875; x_wconf 77' lang='lat' dir='ltr'><strong>lteru-</strong></span> 
     </span>
     <span class='ocr_line' id='line_1_23' title="bbox 451 2908 1515 3001; baseline -0.009 -24"><span class='ocrx_word' id='word_1_170' title='bbox 451 2914 498 2977; x_wconf 87' lang='lat' dir='ltr'><strong>dri</strong></span> <span class='ocrx_word' id='word_1_171' title='bbox 512 2916 576 2978; x_wconf 80' lang='lat' dir='ltr'><strong>llll</strong></span> <span class='ocrx_word' id='word_1_172' title='bbox 588 2918 765 2981; x_wconf 86' lang='lat' dir='ltr'><strong>Constitutio</strong></span> <span class='ocrx_word' id='word_1_173' title='bbox 777 2920 945 3001; x_wconf 73' lang='lat' dir='ltr'><strong>sportellas</strong></span> <span class='ocrx_word' id='word_1_174' title='bbox 964 2918 1119 3001; x_wconf 74' lang='lat' dir='ltr'><strong>impr-adol,</strong></span> <span class='ocrx_word' id='word_1_175' title='bbox 1131 2935 1226 2995; x_wconf 91' lang='lat' dir='ltr'><strong>quam</strong></span> <span class='ocrx_word' id='word_1_176' title='bbox 1241 2918 1286 2977; x_wconf 83' lang='lat' dir='ltr'><strong>Pii</strong></span> <span class='ocrx_word' id='word_1_177' title='bbox 1297 2916 1350 2977; x_wconf 89' lang='lat' dir='ltr'><strong>Vll</strong></span> <span class='ocrx_word' id='word_1_178' title='bbox 1362 2908 1515 2976; x_wconf 78' lang='lat' dir='ltr'><strong>constitutio</strong></span> 
     </span>
     <span class='ocr_line' id='line_1_24' title="bbox 451 3014 1513 3099; baseline -0.008 -22"><span class='ocrx_word' id='word_1_179' title='bbox 451 3017 617 3095; x_wconf 71' lang='lat' dir='ltr'><strong>apostolica</strong></span> <span class='ocrx_word' id='word_1_180' title='bbox 627 3025 774 3079; x_wconf 88' lang='lat' dir='ltr'><strong>memorat</strong></span> <span class='ocrx_word' id='word_1_181' title='bbox 782 3017 898 3099; x_wconf 84' lang='lat' dir='ltr'><strong>pridem</strong></span> <span class='ocrx_word' id='word_1_182' title='bbox 908 3018 946 3081; x_wconf 88' lang='lat' dir='ltr'><strong>ad</strong></span> <span class='ocrx_word' id='word_1_183' title='bbox 955 3018 1123 3099; x_wconf 81' lang='lat' dir='ltr'><strong>Apostoliea</strong></span> <span class='ocrx_word' id='word_1_184' title='bbox 1134 3014 1209 3079; x_wconf 84' lang='lat' dir='ltr'><strong>Sede</strong></span> <span class='ocrx_word' id='word_1_185' title='bbox 1219 3014 1429 3097; x_wconf 73' lang='lat' dir='ltr'><strong>improbatam,</strong></span> <span class='ocrx_word' id='word_1_186' title='bbox 1441 3024 1513 3088; x_wconf 89' lang='lat' dir='ltr'><strong>quau</strong></span> 
     </span>
     <span class='ocr_line' id='line_1_25' title="bbox 451 3114 1514 3197; baseline -0.006 -22"><span class='ocrx_word' id='word_1_187' title='bbox 451 3114 642 3179; x_wconf 82' lang='lat' dir='ltr'><strong>innocentius</strong></span> <span class='ocrx_word' id='word_1_188' title='bbox 658 3120 711 3181; x_wconf 86' lang='lat' dir='ltr'><strong>llll</strong></span> <span class='ocrx_word' id='word_1_189' title='bbox 724 3124 847 3181; x_wconf 90' lang='lat' dir='ltr'><strong>testatur</strong></span> <span class='ocrx_word' id='word_1_190' title='bbox 858 3118 962 3181; x_wconf 84' lang='lat' dir='ltr'><strong>merito</strong></span> <span class='ocrx_word' id='word_1_191' title='bbox 974 3138 993 3181; x_wconf 90' lang='lat' dir='ltr'><strong>a</strong></span> <span class='ocrx_word' id='word_1_192' title='bbox 1003 3118 1116 3181; x_wconf 82' lang='lat' dir='ltr'><strong>Sancta</strong></span> <span class='ocrx_word' id='word_1_193' title='bbox 1131 3116 1205 3179; x_wconf 83' lang='lat' dir='ltr'><strong>Sede</strong></span> <span class='ocrx_word' id='word_1_194' title='bbox 1226 3116 1423 3197; x_wconf 84' lang='lat' dir='ltr'><strong>reprobatam,</strong></span> <span class='ocrx_word' id='word_1_195' title='bbox 1441 3124 1514 3189; x_wconf 87' lang='lat' dir='ltr'><strong>quan</strong></span> 
     </span>
     <span class='ocr_line' id='line_1_26' title="bbox 451 3206 1514 3297; baseline -0.004 -21"><span class='ocrx_word' id='word_1_196' title='bbox 451 3215 590 3278; x_wconf 85' lang='lat' dir='ltr'><strong>Clemens</strong></span> <span class='ocrx_word' id='word_1_197' title='bbox 609 3219 674 3279; x_wconf 85' lang='lat' dir='ltr'><strong>xiv</strong></span> <span class='ocrx_word' id='word_1_198' title='bbox 698 3218 855 3281; x_wconf 79' lang='lat' dir='ltr'><strong>confirmat</strong></span> <span class='ocrx_word' id='word_1_199' title='bbox 878 3218 1042 3297; x_wconf 80' lang='lat' dir='ltr'><strong>reprobari,</strong></span> <span class='ocrx_word' id='word_1_200' title='bbox 1070 3216 1176 3279; x_wconf 87' lang='lat' dir='ltr'><strong>nedum</strong></span> <span class='ocrx_word' id='word_1_201' title='bbox 1198 3214 1395 3297; x_wconf 84' lang='lat' dir='ltr'><strong>approbetur,</strong></span> <span class='ocrx_word' id='word_1_202' title='bbox 1423 3206 1514 3272; x_wconf 70' lang='lat' dir='ltr'><strong>asela</strong></span> 
     </span>
     <span class='ocr_line' id='line_1_27' title="bbox 451 3314 1340 3394; baseline 0.01 -22"><span class='ocrx_word' id='word_1_203' title='bbox 451 3314 620 3394; x_wconf 82' lang='lat' dir='ltr'><strong>Apostoliao</strong></span> <span class='ocrx_word' id='word_1_204' title='bbox 628 3324 657 3377; x_wconf 87' lang='lat' dir='ltr'><strong>et</strong></span> <span class='ocrx_word' id='word_1_205' title='bbox 666 3314 704 3377; x_wconf 81' lang='lat' dir='ltr'><strong>ab</strong></span> <span class='ocrx_word' id='word_1_206' title='bbox 713 3315 854 3379; x_wconf 73' lang='lat' dir='ltr'><strong>Ecclesia</strong></span> <span class='ocrx_word' id='word_1_207' title='bbox 868 3316 1066 3381; x_wconf 80' lang='lat' dir='ltr'><strong>Universalr&#39;f</strong></span> <span class='ocrx_word' id='word_1_208' title='bbox 1329 3368 1340 3389; x_wconf 88' lang='lat'><strong>.</strong></span> 
     </span>
    </p>

    <p class='ocr_par' dir='ltr' id='par_1_4' title="bbox 450 3411 1512 3791">
     <span class='ocr_line' id='line_1_28' title="bbox 491 3411 1512 3497; baseline -0.009 -22"><span class='ocrx_word' id='word_1_209' title='bbox 491 3414 639 3475; x_wconf 76' lang='lat' dir='ltr'><strong>Ceterum</strong></span> <span class='ocrx_word' id='word_1_210' title='bbox 649 3417 808 3479; x_wconf 89' lang='lat' dir='ltr'><strong>mirabitur</strong></span> <span class='ocrx_word' id='word_1_211' title='bbox 820 3422 899 3479; x_wconf 88' lang='lat' dir='ltr'><strong>certe</strong></span> <span class='ocrx_word' id='word_1_212' title='bbox 910 3419 1042 3497; x_wconf 87' lang='lat' dir='ltr'><strong>quisque</strong></span> <span class='ocrx_word' id='word_1_213' title='bbox 1065 3416 1311 3497; x_wconf 82' lang='lat' dir='ltr'><strong>prudentianae</strong></span> <span class='ocrx_word' id='word_1_214' title='bbox 1332 3411 1512 3477; x_wconf 83' lang='lat' dir='ltr'><strong>dexteritatem</strong></span> 
     </span>
     <span class='ocr_line' id='line_1_29' title="bbox 451 3507 1512 3595; baseline -0.008 -22"><span class='ocrx_word' id='word_1_215' title='bbox 451 3514 643 3591; x_wconf 89' lang='lat' dir='ltr'><strong>quorundam</strong></span> <span class='ocrx_word' id='word_1_216' title='bbox 666 3514 840 3595; x_wconf 88' lang='lat' dir='ltr'><strong>homiuum,</strong></span> <span class='ocrx_word' id='word_1_217' title='bbox 855 3516 930 3595; x_wconf 89' lang='lat' dir='ltr'><strong>qui,</strong></span> <span class='ocrx_word' id='word_1_218' title='bbox 945 3516 1020 3579; x_wconf 83' lang='lat' dir='ltr'><strong>duan</strong></span> <span class='ocrx_word' id='word_1_219' title='bbox 1042 3516 1207 3595; x_wconf 79' lang='lat' dir='ltr'><strong>gallicanos</strong></span> <span class='ocrx_word' id='word_1_220' title='bbox 1229 3532 1350 3577; x_wconf 85' lang='lat' dir='ltr'><strong>errores</strong></span> <span class='ocrx_word' id='word_1_221' title='bbox 1369 3507 1512 3575; x_wconf 82' lang='lat' dir='ltr'><strong>conrobora</strong></span> 
     </span>
     <span class='ocr_line' id='line_1_30' title="bbox 451 3604 1511 3695; baseline -0.002 -24"><span class='ocrx_word' id='word_1_222' title='bbox 451 3610 601 3687; x_wconf 88' lang='lat' dir='ltr'><strong>nituntur,</strong></span> <span class='ocrx_word' id='word_1_223' title='bbox 616 3621 739 3676; x_wconf 90' lang='lat' dir='ltr'><strong>monent</strong></span> <span class='ocrx_word' id='word_1_224' title='bbox 748 3622 848 3677; x_wconf 89' lang='lat' dir='ltr'><strong>tamen</strong></span> <span class='ocrx_word' id='word_1_225' title='bbox 857 3633 909 3677; x_wconf 88' lang='lat' dir='ltr'><strong>eos</strong></span> <span class='ocrx_word' id='word_1_226' title='bbox 918 3632 1074 3695; x_wconf 91' lang='lat' dir='ltr'><strong>nunquam</strong></span> <span class='ocrx_word' id='word_1_227' title='bbox 1084 3614 1176 3677; x_wconf 90' lang='lat' dir='ltr'><strong>fuisse</strong></span> <span class='ocrx_word' id='word_1_228' title='bbox 1186 3613 1357 3690; x_wconf 86' lang='lat' dir='ltr'><strong>damnatos,</strong></span> <span class='ocrx_word' id='word_1_229' title='bbox 1367 3604 1511 3688; x_wconf 80' lang='lat' dir='ltr'><strong>acproinde</strong></span> 
     </span>
     <span class='ocr_line' id='line_1_31' title="bbox 450 3712 863 3791; baseline 0.007 -21"><span class='ocrx_word' id='word_1_230' title='bbox 450 3726 537 3789; x_wconf 91' lang='lat' dir='ltr'><strong>posse</strong></span> <span class='ocrx_word' id='word_1_231' title='bbox 550 3712 711 3791; x_wconf 83' lang='lat' dir='ltr'><strong>tranquille</strong></span> <span class='ocrx_word' id='word_1_232' title='bbox 724 3714 863 3775; x_wconf 87' lang='lat' dir='ltr'><strong>retineri.</strong></span> 
     </span>
    </p>

    <p class='ocr_par' dir='ltr' id='par_1_5' title="bbox 441 3810 1511 4791">
     <span class='ocr_line' id='line_1_32' title="bbox 491 3810 1511 3893; baseline -0.012 -18"><span class='ocrx_word' id='word_1_233' title='bbox 491 3810 621 3875; x_wconf 80' lang='lat' dir='ltr'><strong>Cottum.</strong></span> <span class='ocrx_word' id='word_1_234' title='bbox 642 3814 673 3874; x_wconf 81' lang='lat'><strong>2.</strong></span> <span class='ocrx_word' id='word_1_235' title='bbox 687 3846 728 3860; x_wconf 90' lang='lat'><em>-</em></span> <span class='ocrx_word' id='word_1_236' title='bbox 743 3815 886 3875; x_wconf 74' lang='lat' dir='ltr'><strong>accurate</strong></span> <span class='ocrx_word' id='word_1_237' title='bbox 907 3812 1123 3893; x_wconf 79' lang='lat' dir='ltr'><strong>distinguenda</strong></span> <span class='ocrx_word' id='word_1_238' title='bbox 1145 3820 1190 3875; x_wconf 91' lang='lat' dir='ltr'><strong>est</strong></span> <span class='ocrx_word' id='word_1_239' title='bbox 1209 3818 1315 3873; x_wconf 87' lang='lat' dir='ltr'><strong>natura</strong></span> <span class='ocrx_word' id='word_1_240' title='bbox 1334 3810 1466 3891; x_wconf 76' lang='lat' dir='ltr'><strong>gallicani</strong></span> <span class='ocrx_word' id='word_1_241' title='bbox 1476 3822 1511 3865; x_wconf 90' lang='lat' dir='ltr'><strong>cr·</strong></span> 
     </span>
     <span class='ocr_line' id='line_1_33' title="bbox 448 3910 1508 3991; baseline -0.003 -20"><span class='ocrx_word' id='word_1_242' title='bbox 448 3912 525 3971; x_wconf 87' lang='lat' dir='ltr'><strong>roris</strong></span> <span class='ocrx_word' id='word_1_243' title='bbox 539 3912 639 3974; x_wconf 83' lang='lat' dir='ltr'><strong>aritio</strong></span> <span class='ocrx_word' id='word_1_244' title='bbox 648 3911 772 3973; x_wconf 92' lang='lat' dir='ltr'><strong>illorum</strong></span> <span class='ocrx_word' id='word_1_245' title='bbox 783 3914 837 3991; x_wconf 92' lang='lat' dir='ltr'><strong>qui</strong></span> <span class='ocrx_word' id='word_1_246' title='bbox 849 3914 921 3975; x_wconf 89' lang='lat' dir='ltr'><strong>huic</strong></span> <span class='ocrx_word' id='word_1_247' title='bbox 932 3930 1063 3976; x_wconf 80' lang='lat' dir='ltr'><strong>arronem</strong></span> <span class='ocrx_word' id='word_1_248' title='bbox 1076 3910 1217 3974; x_wconf 70' lang='lat' dir='ltr'><strong>doctrinar</strong></span> <span class='ocrx_word' id='word_1_249' title='bbox 1227 3910 1428 3985; x_wconf 73' lang='lat' dir='ltr'><strong>adheserunt,</strong></span> <span class='ocrx_word' id='word_1_250' title='bbox 1441 3912 1508 3981; x_wconf 74' lang='lat' dir='ltr'><strong>aqut</strong></span> 
     </span>
     <span class='ocr_line' id='line_1_34' title="bbox 446 4004 1509 4091; baseline -0.007 -20"><span class='ocrx_word' id='word_1_251' title='bbox 446 4010 614 4071; x_wconf 89' lang='lat' dir='ltr'><strong>etiamnum</strong></span> <span class='ocrx_word' id='word_1_252' title='bbox 628 4012 793 4073; x_wconf 73' lang='lat' dir='ltr'><strong>adherent.</strong></span> <span class='ocrx_word' id='word_1_253' title='bbox 815 4012 972 4074; x_wconf 87' lang='lat' dir='ltr'><strong>Gallicana</strong></span> <span class='ocrx_word' id='word_1_254' title='bbox 991 4013 1074 4074; x_wconf 90' lang='lat' dir='ltr'><strong>enim</strong></span> <span class='ocrx_word' id='word_1_255' title='bbox 1090 4012 1226 4073; x_wconf 91' lang='lat' dir='ltr'><strong>doctrina</strong></span> <span class='ocrx_word' id='word_1_256' title='bbox 1236 4028 1293 4091; x_wconf 86' lang='lat' dir='ltr'><strong>per</strong></span> <span class='ocrx_word' id='word_1_257' title='bbox 1317 4028 1347 4069; x_wconf 84' lang='lat' dir='ltr'><strong>re</strong></span> <span class='ocrx_word' id='word_1_258' title='bbox 1360 4006 1471 4087; x_wconf 89' lang='lat' dir='ltr'><strong>quidam</strong></span> <span class='ocrx_word' id='word_1_259' title='bbox 1488 4004 1509 4058; x_wconf 80' lang='lat' dir='ltr'><strong>cl</strong></span> 
     </span>
     <span class='ocr_line' id='line_1_35' title="bbox 448 4104 1499 4197; baseline -0.009 -30"><span class='ocrx_word' id='word_1_260' title='bbox 448 4106 578 4171; x_wconf 79' lang='lat' dir='ltr'><strong>absolute</strong></span> <span class='ocrx_word' id='word_1_261' title='bbox 591 4109 796 4186; x_wconf 88' lang='lat' dir='ltr'><strong>considerata,</strong></span> <span class='ocrx_word' id='word_1_262' title='bbox 808 4110 946 4173; x_wconf 79' lang='lat' dir='ltr'><strong>haeretica</strong></span> <span class='ocrx_word' id='word_1_263' title='bbox 959 4120 1025 4174; x_wconf 87' lang='lat' dir='ltr'><strong>est:</strong></span> <span class='ocrx_word' id='word_1_264' title='bbox 1041 4120 1070 4173; x_wconf 88' lang='lat' dir='ltr'><strong>st</strong></span> <span class='ocrx_word' id='word_1_265' title='bbox 1093 4112 1230 4197; x_wconf 86' lang='lat' dir='ltr'><strong>plerique</strong></span> <span class='ocrx_word' id='word_1_266' title='bbox 1245 4126 1351 4171; x_wconf 89' lang='lat' dir='ltr'><strong>eorum</strong></span> <span class='ocrx_word' id='word_1_267' title='bbox 1368 4107 1416 4187; x_wconf 86' lang='lat' dir='ltr'><strong>qui</strong></span> <span class='ocrx_word' id='word_1_268' title='bbox 1437 4104 1499 4163; x_wconf 84' lang='lat' dir='ltr'><strong>banc</strong></span> 
     </span>
     <span class='ocr_line' id='line_1_36' title="bbox 448 4206 1499 4287; baseline -0.009 -18"><span class='ocrx_word' id='word_1_269' title='bbox 448 4208 550 4269; x_wconf 77' lang='lat' dir='ltr'><strong>metati</strong></span> <span class='ocrx_word' id='word_1_270' title='bbox 564 4215 636 4271; x_wconf 92' lang='lat' dir='ltr'><strong>suut</strong></span> <span class='ocrx_word' id='word_1_271' title='bbox 655 4208 704 4271; x_wconf 85' lang='lat' dir='ltr'><strong>rel</strong></span> <span class='ocrx_word' id='word_1_272' title='bbox 715 4215 877 4284; x_wconf 90' lang='lat' dir='ltr'><strong>sectantur,</strong></span> <span class='ocrx_word' id='word_1_273' title='bbox 901 4212 1009 4273; x_wconf 91' lang='lat' dir='ltr'><strong>sinceri</strong></span> <span class='ocrx_word' id='word_1_274' title='bbox 1025 4211 1111 4272; x_wconf 89' lang='lat' dir='ltr'><strong>luere</strong></span> <span class='ocrx_word' id='word_1_275' title='bbox 1125 4209 1265 4271; x_wconf 89' lang='lat' dir='ltr'><strong>catholici</strong></span> <span class='ocrx_word' id='word_1_276' title='bbox 1290 4226 1324 4269; x_wconf 88' lang='lat' dir='ltr'><strong>ao</strong></span> <span class='ocrx_word' id='word_1_277' title='bbox 1339 4222 1423 4287; x_wconf 89' lang='lat' dir='ltr'><strong>porro</strong></span> <span class='ocrx_word' id='word_1_278' title='bbox 1435 4206 1499 4263; x_wconf 90' lang='lat' dir='ltr'><strong>sunt.</strong></span> 
     </span>
     <span class='ocr_line' id='line_1_37' title="bbox 445 4306 1501 4389; baseline 0 -24"><span class='ocrx_word' id='word_1_279' title='bbox 445 4306 549 4383; x_wconf 87' lang='lat' dir='ltr'><strong>Neque</strong></span> <span class='ocrx_word' id='word_1_280' title='bbox 562 4310 655 4386; x_wconf 87' lang='lat' dir='ltr'><strong>enim,</strong></span> <span class='ocrx_word' id='word_1_281' title='bbox 679 4315 714 4368; x_wconf 89' lang='lat' dir='ltr'><strong>ut</strong></span> <span class='ocrx_word' id='word_1_282' title='bbox 731 4308 889 4371; x_wconf 78' lang='lat' dir='ltr'><strong>hereticus</strong></span> <span class='ocrx_word' id='word_1_283' title='bbox 904 4312 973 4389; x_wconf 91' lang='lat' dir='ltr'><strong>quis</strong></span> <span class='ocrx_word' id='word_1_284' title='bbox 996 4310 1099 4371; x_wconf 87' lang='lat' dir='ltr'><strong>baberi</strong></span> <span class='ocrx_word' id='word_1_285' title='bbox 1124 4310 1233 4389; x_wconf 91' lang='lat' dir='ltr'><strong>possit,</strong></span> <span class='ocrx_word' id='word_1_286' title='bbox 1257 4308 1397 4369; x_wconf 78' lang='lat' dir='ltr'><strong>doctriua</strong></span> <span class='ocrx_word' id='word_1_287' title='bbox 1417 4318 1462 4381; x_wconf 85' lang='lat' dir='ltr'><strong>per</strong></span> <span class='ocrx_word' id='word_1_288' title='bbox 1478 4311 1501 4354; x_wconf 73' lang='lat'><strong>⁵⁰</strong></span> 
     </span>
     <span class='ocr_line' id='line_1_38' title="bbox 442 4396 1504 4488; baseline -0.006 -23"><span class='ocrx_word' id='word_1_289' title='bbox 442 4402 587 4467; x_wconf 73' lang='lat' dir='ltr'><strong>haeretice</strong></span> <span class='ocrx_word' id='word_1_290' title='bbox 614 4407 758 4487; x_wconf 81' lang='lat' dir='ltr'><strong>professio</strong></span> <span class='ocrx_word' id='word_1_291' title='bbox 782 4425 972 4488; x_wconf 76' lang='lat' dir='ltr'><strong>quecunque</strong></span> <span class='ocrx_word' id='word_1_292' title='bbox 995 4408 1126 4485; x_wconf 83' lang='lat' dir='ltr'><strong>suflicit3</strong></span> <span class='ocrx_word' id='word_1_293' title='bbox 1153 4408 1203 4469; x_wconf 92' lang='lat' dir='ltr'><strong>sed</strong></span> <span class='ocrx_word' id='word_1_294' title='bbox 1233 4423 1321 4467; x_wconf 89' lang='lat' dir='ltr'><strong>mens</strong></span> <span class='ocrx_word' id='word_1_295' title='bbox 1342 4402 1465 4465; x_wconf 78' lang='lat' dir='ltr'><strong>haeretice</strong></span> <span class='ocrx_word' id='word_1_296' title='bbox 1481 4396 1504 4453; x_wconf 80' lang='lat' dir='ltr'><strong>in</strong></span> 
     </span>
     <span class='ocr_line' id='line_1_39' title="bbox 441 4500 1501 4585; baseline -0.006 -21"><span class='ocrx_word' id='word_1_297' title='bbox 441 4506 585 4582; x_wconf 87' lang='lat' dir='ltr'><strong>pertinaci</strong></span> <span class='ocrx_word' id='word_1_298' title='bbox 598 4508 789 4585; x_wconf 90' lang='lat' dir='ltr'><strong>potissimum</strong></span> <span class='ocrx_word' id='word_1_299' title='bbox 801 4510 937 4570; x_wconf 87' lang='lat' dir='ltr'><strong>consistit</strong></span> <span class='ocrx_word' id='word_1_300' title='bbox 957 4510 1050 4569; x_wconf 89' lang='lat' dir='ltr'><strong>animi</strong></span> <span class='ocrx_word' id='word_1_301' title='bbox 1065 4508 1279 4583; x_wconf 89' lang='lat' dir='ltr'><strong>obstinatione,</strong></span> <span class='ocrx_word' id='word_1_302' title='bbox 1297 4522 1365 4585; x_wconf 78' lang='lat' dir='ltr'><strong>quar</strong></span> <span class='ocrx_word' id='word_1_303' title='bbox 1377 4500 1501 4562; x_wconf 80' lang='lat' dir='ltr'><strong>vertuno</strong></span> 
     </span>
     <span class='ocr_line' id='line_1_40' title="bbox 442 4592 1501 4689; baseline -0.002 -28"><span class='ocrx_word' id='word_1_304' title='bbox 442 4604 713 4668; x_wconf 85' lang='lat' dir='ltr'><strong>abeorevatatam</strong></span> <span class='ocrx_word' id='word_1_305' title='bbox 727 4606 846 4685; x_wconf 90' lang='lat' dir='ltr'><strong>sibique</strong></span> <span class='ocrx_word' id='word_1_306' title='bbox 869 4606 1053 4670; x_wconf 85' lang='lat' dir='ltr'><strong>sufficienter</strong></span> <span class='ocrx_word' id='word_1_307' title='bbox 1074 4608 1255 4689; x_wconf 89' lang='lat' dir='ltr'><strong>propositam</strong></span> <span class='ocrx_word' id='word_1_308' title='bbox 1280 4608 1409 4684; x_wconf 87' lang='lat' dir='ltr'><strong>respuat.</strong></span> <span class='ocrx_word' id='word_1_309' title='bbox 1430 4592 1501 4670; x_wconf 64' lang='lat' dir='ltr'><strong>Atqui</strong></span> 
     </span>
     <span class='ocr_line' id='line_1_41' title="bbox 442 4692 1497 4791; baseline 0 -28"><span class='ocrx_word' id='word_1_310' title='bbox 442 4701 481 4763; x_wconf 82' lang='lat' dir='ltr'><strong>ab</strong></span> <span class='ocrx_word' id='word_1_311' title='bbox 500 4702 677 4781; x_wconf 86' lang='lat' dir='ltr'><strong>hujusmodi</strong></span> <span class='ocrx_word' id='word_1_312' title='bbox 683 4706 855 4786; x_wconf 88' lang='lat' dir='ltr'><strong>pertinacia</strong></span> <span class='ocrx_word' id='word_1_313' title='bbox 877 4724 1069 4791; x_wconf 82' lang='lat' dir='ltr'><strong>summopere</strong></span> <span class='ocrx_word' id='word_1_314' title='bbox 1087 4724 1205 4789; x_wconf 90' lang='lat' dir='ltr'><strong>semper</strong></span> <span class='ocrx_word' id='word_1_315' title='bbox 1226 4704 1437 4791; x_wconf 76' lang='lat' dir='ltr'><strong>abhorruerunt</strong></span> <span class='ocrx_word' id='word_1_316' title='bbox 1451 4692 1497 4775; x_wconf 66' lang='lat' dir='ltr'><strong>pit</strong></span> 
     </span>
    </p>
   </div>
   <div class='ocr_carea' id='block_1_3' title="bbox 0 0 1784 5675">
    <p class='ocr_par' dir='ltr' id='par_1_6' title="bbox 0 0 1784 5675">
     <span class='ocr_line' id='line_1_42' title="bbox 0 0 1784 5675; baseline 0 5"><span class='ocrx_word' id='word_1_317' title='bbox 0 0 1784 5675; x_wconf 95' lang='lat' dir='ltr'><strong> </strong></span> 
     </span>
    </p>
   </div>
  </div>
 </body>
</html>
