3559 5675
338 767 340 772 .
462 729 518 795 aas
872 719 953 788 suam
971 739 1133 786 armanus
1574 738 1575 831 p

457 848 586 910 iertunis
603 845 732 922 amissis,
745 841 875 924 'praemia
893 843 1070 906 custodibus
1092 839 1254 921 rependere
1271 844 1445 917 rogarentur,
1461 839 1506 899 im·
1575 852 1576 945 p

458 947 642 1010 manissime
656 945 687 1007 id
701 943 885 1006 crudelitatis
901 951 992 1005 esset.

865 1157 1073 1221 antidotus
1090 1159 1127 1218 ll.

460 1267 503 1372 De
519 1307 628 1390 objecto
649 1314 780 1386 respectu
793 1303 879 1386 eujus
894 1303 1039 1386 perfectio
1056 1301 1158 1364 cicr‘Hs
1175 1303 1316 1366 socierum
1339 1300 1510 1364 mluntctr'bat

795 1415 797 1422 “
844 1401 1060 1485 ¹comparanda
1077 1410 1130 1464 est.
1580 1426 1581 1461 r

497 1545 567 1608 916.
590 1545 658 1608 Pos.
676 1541 760 1606 446¹.
778 1573 815 1588 -
828 1539 999 1617 objectum,
1014 1546 1149 1620 respectu
1164 1543 1252 1618 cuius
1265 1541 1373 1602 debent
1385 1537 1511 1599 sociorum
1581 1539 1582 1598 l

456 1647 624 1708 voluntates
640 1643 721 1705 cirili
736 1639 915 1722 perfectione
935 1640 974 1702 ab
987 1641 1161 1702 auctoritate
1175 1642 1287 1710 ornari,
1303 1647 1349 1701 est
1365 1637 1461 1719 patria.
1582 1654 1583 1711 1

496 1751 592 1809 Paon
605 1775 646 1794 -
659 1741 762 1806 civilis
778 1741 938 1802 auctoritas
954 1740 1043 1802 debet
1056 1740 1223 1802 voluntates
1240 1742 1389 1802 sociorum
1405 1736 1513 1811 dirigere
1583 1769 1584 1812 l

457 1845 492 1906 ud
513 1845 627 1906 bonum
651 1840 759 1904 sociale
779 1839 975 1902 subordinate
992 1838 1029 1902 ad
1052 1840 1167 1901 bonum
1186 1840 1369 1916 universale,
1388 1836 1514 1898 nimirum
1584 1884 1585 1909 2

457 1945 546 2006 debet
568 1943 703 2018 allicere,
729 1947 763 2002 ut
790 1941 861 2002 socii
888 1957 994 2002 omnes
1017 1957 1106 2002 suam
1130 1942 1282 2020 propriam
1310 1937 1513 2002 associationem
1585 1998 1586 2003 ἵ

457 2051 570 2122 ament,
586 2045 673 2121 iuxta
693 2049 816 2104 eternas
832 2043 912 2119 leges
931 2040 1057 2102 ordinis.
1078 2041 1197 2102 Etenim
1219 2041 1339 2102 socialis
1354 2033 1516 2101 auctoritatis

457 2145 513 2207 boc
528 2159 624 2204 uuum
638 2143 770 2204 cilicium
792 2147 849 2218 est,
866 2140 984 2202 allicere
999 2141 1110 2201 scilicet
1130 2146 1164 2201 ul
1188 2141 1313 2201 societas
1332 2139 1420 2200 linem
1440 2147 1514 2196 suun

455 2251 643 2322 assequatur.
656 2243 747 2320 Atqui
760 2241 910 2302 societatis
923 2239 993 2301 finis
1005 2247 1051 2301 est
1064 2238 1214 2302 sociorum
1226 2238 1399 2320 temporalis
1410 2233 1516 2296 lelieilas

456 2341 650 2406 subordinate
671 2341 709 2401 ad
727 2339 903 2402 eorumdem
924 2339 1094 2400 leticilatem
1115 2345 1290 2418 perpetuam
1300 2338 1382 2414 (741)
1395 2356 1403 2394 ε
1415 2333 1450 2395 ad
1462 2345 1516 2392 aaut

456 2449 556 2503 aulem
574 2441 744 2502 felicitatem
760 2441 912 2500 sociorum
926 2439 1122 2518 temporalem
1140 2438 1335 2500 obtinendam
1348 2451 1460 2498 aarum
1470 2435 1516 2504 est,

456 2545 493 2598 ut
506 2538 578 2598 socii
596 2551 701 2597 omnes
724 2535 763 2596 ad
781 2549 943 2595 commune
956 2534 1072 2596 bonum
1094 2535 1264 2612 conspirent
1289 2534 1334 2613 (n,
1357 2534 1428 2607 427,
1448 2529 1518 2602 lidi,

457 2655 565 2716 nempe
577 2643 611 2696 ut
628 2650 733 2696 omncs
749 2641 778 2694 et
790 2632 905 2710 singuli
919 2650 974 2712 pro
991 2651 1048 2694 sua
1062 2635 1143 2695 virili
1158 2644 1319 2713 procurent
1338 2635 1427 2696 totius
1439 2629 1521 2692 socie·

457 2736 652 2798 ratisbonam
668 2749 678 2794 a
693 2740 784 2812 atque
800 2732 849 2794 bic
863 2733 927 2812 ipse
949 2750 1011 2794 sua
1028 2734 1176 2796 wciatatis
1190 2737 1318 2815 propriae
1338 2735 1432 2797 civilis
1449 2743 1521 2792 amor

455 2844 501 2901 est
514 2835 590 2899 illud
604 2833 683 2914 quod
699 2852 785 2896 emor
795 2831 907 2915 petrice
921 2840 1051 2896 roratur.
1067 2835 1157 2912 Ergo,
1169 2842 1224 2897 etc.

496 2937 567 2998 917.
585 2938 651 2997 l‘os.
667 2934 752 2996 447¹.
763 2966 802 2979 -
814 2936 922 2996 Rectus
933 2949 1019 2995 amor
1033 2935 1136 3013 patriar
1148 2935 1286 3013 quinque
1299 2938 1416 3016 objecta
1426 2930 1522 3017 partia·

457 3036 496 3099 lia
515 3037 652 3117 respicit:
668 3034 828 3095 hominum
841 3034 1069 3095 associationem
1088 3034 1196 3114 ipsam,
1211 3035 1297 3097 illius
1315 3038 1396 3114 leges
1407 3041 1436 3094 et
1448 3030 1522 3093 insti·

456 3143 532 3213 luta,
546 3148 785 3216 personamque
802 3134 942 3195 socialem
954 3134 1158 3195 securitatem
1169 3135 1257 3210 gerit,
1271 3135 1412 3214 singulos
1429 3128 1523 3203 socios

456 3236 561 3297 domos
574 3247 607 3295 ac
624 3232 819 3294 territorium.

496 3338 590 3395 Paos.
604 3336 636 3394 l·
650 3346 735 3394 rans.
751 3364 787 3377 -
802 3332 907 3393 Patriae
925 3333 1048 3394 nomine
1060 3331 1148 3413 plura
1164 3332 1391 3412 intelliguntur,
1410 3348 1475 3411 qua
1486 3322 1524 3389 rel

456 3430 652 3497 essentialiter
665 3430 713 3492 vel
727 3430 913 3508 integraliter
925 3434 1075 3513 pertinent
1089 3432 1127 3495 ad
1139 3449 1207 3495 eam
1221 3434 1395 3496 societatem
1407 3448 1471 3512 apra
1482 3444 1525 3509 pt·

458 3536 514 3595 tria
527 3535 677 3611 cujusque
690 3530 825 3592 bominis
840 3531 1018 3612 appellatur.
1032 3535 1128 3595 Patria
1141 3550 1285 3613 namque,
1300 3541 1337 3595 ut
1349 3534 1430 3596 vocis
1442 3530 1527 3613 ipsios

456 3640 578 3714 etymon
597 3629 718 3707 indicat,
736 3634 782 3691 est
802 3630 923 3709 publica
936 3632 991 3693 illa
1012 3634 1146 3707 societas,
1168 3636 1258 3713 cujus
1280 3635 1454 3710 membrum
1471 3630 1527 3691 erat

455 3738 551 3813 peter,
563 3738 662 3806 quum
681 3727 743 3805 ille,
757 3726 795 3788 de
815 3745 876 3807 quo
894 3730 988 3809 patria
1007 3729 1128 3808 dicitur,
1142 3736 1232 3792 natira
1253 3737 1309 3793 est.
1329 3734 1422 3811 ttqm
1441 3735 1528 3808 tepu-

454 3826 533 3891 blica
546 3826 643 3889 omnis
657 3824 780 3887 sociatam
793 3832 838 3888 est
851 3828 1052 3890 essentialiter
1063 3834 1210 3892 certarum
1224 3829 1412 3892 familiarum
1424 3847 1458 3892 ec
1469 3842 1527 3889 cer·

454 3934 555 3991 torum
568 3925 794 3988 individuorum
808 3930 1009 4007 congregatio.
1023 3930 1102 4007 argo
1113 3928 1215 4007 patrie
1234 3945 1320 3990 emor
1333 3931 1467 4010 primum
1479 3928 1528 3988 boc

455 4025 599 4108 postulat,
615 4030 648 4086 ul
663 4023 792 4086 velimus
810 4032 838 4087 el
853 4044 1049 4106 procuremus
1063 4028 1176 4089 bonum
1191 4028 1287 4108 hujus
1301 4028 1425 4107 integrae
1439 4026 1528 4089 nomi·

453 4144 530 4191 num
543 4126 793 4203 congregationis,
806 4126 942 4188 videlicet
954 4144 1059 4188 eorum
1074 4126 1211 4188 omnium
1227 4128 1467 4199 individuorum,
1479 4124 1528 4203 qui

453 4228 511 4307 rub
521 4226 627 4287 eodem
637 4224 716 4286 cirili
727 4226 884 4305 regimine,
898 4226 958 4287 sub
970 4224 1077 4287 iisdem
1089 4225 1217 4307 legibus,
1227 4228 1261 4288 iu
1270 4227 1376 4289 eodem
1387 4224 1529 4289 terriwno

452 4327 545 4387 vllam
556 4330 660 4403 agrmt,
672 4332 819 4404 quatenus
832 4326 959 4387 unicum
971 4342 1025 4387 ens
1036 4327 1160 4401 morale,
1173 4328 1294 4406 unbem
1304 4328 1529 4390 medonem

453 4426 597 4489 efficiunt.

492 4532 527 4589 2⁰
540 4527 630 4589 llulla
648 4528 770 4589 societas
790 4526 951 4587 consistere
968 4531 1064 4607 potest
1080 4528 1146 4589 eine
1165 4530 1349 4606 auctoritate,
1368 4548 1440 4609 que
1454 4524 1530 4608 apud

451 4626 535 4689 illam
558 4627 656 4703 vigeat
672 4624 777 4704 (abbir
794 4624 859 4687 haec
881 4633 984 4688 autem
1008 4627 1180 4703 auctoritas,
1202 4630 1236 4689 in
1254 4647 1286 4691 ee
1305 4631 1370 4709 ipsa
1387 4631 1530 4691 abstracte

451 4726 679 4806 spectata‚vigel
690 4724 1076 4803 perlegeeatqueinstituta
1085 4728 1235 4805 musque
1245 4726 1528 4807 amleudeproprir.
