3559 5675
472 703 532 767 itt
882 714 961 762 ιυιιιι
982 715 1139 764 strumus

472 825 567 888 sanda
580 824 645 886 hec
659 827 715 900 est,
734 830 768 883 ιιι
780 821 871 882 umbo
886 824 998 901 pariter
1017 823 1192 899 audiantur,
1207 830 1242 882 ut
1259 837 1363 884 eorum
1375 823 1522 884 ιιιιιιίιιιι

472 942 573 1006 parem
597 924 799 986 auctoritateret
826 921 969 1000 habeant,
992 931 1027 982 ut
1052 923 1152 984 neutri
1176 922 1344 1001 quidquam
1366 941 1400 984 er
1421 924 1456 983 iis
1473 939 1524 1001 qua

473 1023 613 1106 possidet,
627 1021 789 1097 auferatur,
809 1019 904 1082 donec
928 1021 997 1084 talis
1011 1021 1208 1101 possessionis
1226 1019 1374 1100 injustitia
1391 1021 1526 1082 lucuten-

472 1126 577 1187 denter
589 1119 788 1184 demonstrata
804 1139 812 1181 ι
829 1121 941 1201 paritas
955 1134 1066 1202 nempe
1085 1128 1116 1183 et
1136 1121 1284 1202 possessio
1301 1127 1373 1184 snut
1393 1121 1455 1182 dua
1469 1136 1526 1182 nor·

474 1241 531 1286 mae
544 1227 712 1285 constanter
730 1221 762 1282 in
775 1219 833 1285 hac
845 1237 878 1283 re
890 1221 1048 1294 emtauda,
1063 1220 1176 1302 peritae
1190 1219 1337 1302 specifica,
1350 1227 1380 1284 at
1396 1220 1527 1300 disparitas

473 1321 679 1397 individualis,
694 1336 787 1402 quam
801 1321 951 1401 possessio
964 1319 1090 1384 inducit.
1106 1321 1161 1382 llis
1173 1319 1292 1383 duabus
1310 1321 1437 1397 legibus,
1447 1337 1528 1398 equa-

474 1423 566 1486 litatis
583 1427 613 1484 ιι
626 1421 836 1500 possessionis,
850 1420 884 1484 in
907 1420 1041 1482 hominis
1061 1425 1171 1482 natura
1189 1421 1255 1501 ipse
1274 1418 1417 1492 fundatis,
1435 1425 1529 1480 totnso

475 1523 559 1588 ciniis
579 1521 700 1600 justitia
722 1521 855 1584 nititur:
872 1519 923 1581 his
945 1519 1064 1583 duabus
1084 1520 1206 1598 legibue
1224 1520 1451 1582 controversiam
1471 1519 1529 1579 inter

474 1627 535 1688 duo
553 1627 624 1706 jura
638 1638 826 1703 quecunque
841 1622 873 1684 in
896 1623 1033 1701 qualibet
1045 1623 1171 1685 materia
1182 1619 1380 1685 decidendam
1401 1638 1460 1684 esee
1477 1637 1529 1700 pro·
1583 1642 1584 1701 4

476 1727 616 1790 invimus
630 1741 661 1786 n.
677 1723 748 1786 447.
762 1725 841 1802 Ergo
850 1721 898 1785 ha
909 1723 995 1802 leges
1005 1722 1096 1786 etiam
1105 1724 1183 1785 inter
1195 1722 1363 1804 principem
1373 1729 1403 1784 ιι
1412 1720 1530 1802 populun

476 1825 627 1888 servande
650 1827 732 1885 sunt.
755 1823 993 1901 {iuuenemque
1016 1823 1161 1884 innocens
1184 1837 1380 1901 nequaquam
1401 1822 1434 1883 lit
1451 1821 1531 1910 miros

476 1923 655 1988 inviolabilis
673 1939 708 1984 ιο
730 1921 811 2001 quod
829 1940 847 1984 ι
869 1923 976 1986 multis
997 1922 1177 1984 adversariis
1197 1923 1374 2004 impetitur;
1397 1939 1448 1984 nec
1464 1917 1531 1982 mdt¹

477 2026 651 2088 innocentes
664 2023 767 2084 minus
782 2021 972 2085 inviolabiles
989 2027 1074 2103 eunt,
1089 2018 1164 2101 quia
1176 2022 1215 2084 ab
1227 2039 1290 2085 uno
1308 2022 1439 2103 quodam
1451 2029 1532 2104 puteo·

477 2123 902 2189 tiorcadversariovexantur.
919 2125 1009 2202 Ergo,
1025 2129 1081 2186 etc.
1421 2173 1426 2185 .

494 2235 499 2242 '
518 2229 606 2288 1008.
628 2227 695 2288 Pus.
719 2223 804 2286 496¹.
830 2257 870 2269 —
888 2224 1011 2298 Quoties
1032 2223 1173 2304 princepe
1191 2229 1238 2285 est
1259 2223 1396 2286 absolute
1416 2221 1532 2302 indepeu

476 2324 568 2402 dens,
595 2321 682 2386 nulla
702 2329 747 2385 est
767 2321 901 2384 humans
920 2327 1050 2403 potestas
1069 2323 1119 2384 cui
1141 2323 1230 2385 liceat
1248 2321 1339 2384 illum
1361 2324 1393 2384 in
1410 2319 1532 2401 judie-iou

477 2423 623 2487 adducere
637 2429 666 2485 et
678 2422 847 2504 principatu
862 2420 1002 2501 spoliare.

519 2525 612 2586 Peos.
629 2555 668 2570 -
684 2523 806 2598 Quoties
826 2521 1011 2602 principatus
1026 2521 1135 2599 aliquis
1149 2539 1168 2584 a
1181 2523 1327 2583 constanti
1344 2523 1419 2584 lacto
1431 2513 1534 2583 usturdi

478 2629 585 2685 enatare
602 2629 647 2684 est
666 2617 759 2708 (504),
775 2619 823 2682 vel
838 2637 856 2682 a
872 2619 984 2701 populo
1003 2621 1045 2683 ita
1060 2621 1199 2696 collatus,
1225 2627 1261 2682 ιιι
1282 2621 1407 2683 nudum
1418 2625 1465 2699 ius
1482 2617 1534 2678 mdi

479 2723 635 2802 regiminis
650 2721 812 2799 castigandi
826 2721 884 2782 eibi
900 2722 963 2802 ipse
977 2722 1183 2800 reservaverit,
1196 2719 1316 2801 publica
1330 2720 1481 2783 auctoritas
1491 2721 1535 2778 uta

479 2824 512 2887 in
525 2822 666 2904 principis
684 2827 826 2903 potestate
839 2827 896 2885 est.
916 2821 1007 2900 Ergo,
1022 2821 1082 2883 nisi
1096 2829 1179 2884 extra
1198 2821 1284 2885 illam
1305 2822 1468 2884 societatem
1479 2816 1535 2880 adsit

479 2924 537 2987 alia
555 2922 713 2985 auctoritas
728 2922 762 2985 ad
778 2938 871 3001 quam
894 2924 962 3000 ejus
980 2922 1124 3003 principis
1142 2939 1234 2984 causa
1246 2921 1357 2983 deferri
1376 2926 1441 3002 jure
1454 2918 1535 3000 possit.

479 3022 566 3087 nullo
578 3030 663 3105 pacto
675 3024 743 3085 licet
758 3038 828 3084 eom
839 3023 872 3083 iu
881 3021 1033 3100 judicium
1043 3038 1150 3084 vocare
1161 3028 1215 3084 aut
1227 3021 1323 3083 ullam
1335 3022 1432 3083 eidem
1442 3030 1536 3101 punam

479 3126 642 3205 imponere.
658 3126 693 3185 ln
707 3123 756 3184 his
769 3138 900 3201 namque
914 3139 1017 3184 rerum
1039 3122 1189 3200 adjunctis
1203 3122 1298 3185 altera
1312 3140 1382 3202 pars
1393 3114 1536 3199 litigansal

480 3226 571 3287 altera
591 3224 784 3285 damnaretur
798 3224 835 3284 ob
850 3226 917 3301 ejus
933 3224 1028 3303 ipsius
1047 3224 1215 3305 simplicem
1229 3225 1459 3299 accusationem
1476 3214 1536 3297 quod
1583 3209 1584 3256 ἶ

480 3325 706 3403 iniquissimum
720 3324 872 3402 judicium
890 3327 946 3385 est.
964 3324 1093 3400 Etenim,
1108 3330 1144 3384 ιιι
1157 3340 1189 3385 u.
1209 3324 1287 3386 1007
1301 3324 1444 3400 uidimus,
1458 3320 1486 3381 iu
1498 3314 1536 3377 tali

480 3408 679 3487 controversia
702 3422 797 3483 ambe
822 3430 920 3503 partes
941 3420 1083 3499 adversa,
1106 3424 1244 3503 princeps
1265 3428 1294 3483 et
1313 3422 1452 3503 populus,
1474 3430 1537 3497 pete

481 3530 564 3601 sunt,
582 3528 611 3583 et
629 3528 734 3583 neutra
756 3528 852 3601 potest
863 3522 1024 3602 jurequod
1045 3523 1185 3602 possidet,
1204 3522 1243 3584 oh
1263 3522 1417 3601 simplices
1439 3516 1537 3580 alterius

480 3622 715 3701 criminationes,
732 3620 852 3701 privari,
873 3620 1021 3699 quamdiu
1035 3624 1088 3701 jus
1109 3620 1186 3682 illud
1199 3622 1259 3683 alio
1272 3621 1418 3685 validiore
1431 3612 1537 3681 noncol·
1583 3689 1584 3694 ἵ

481 3719 596 3782 liditur.
615 3722 706 3800 Atqui
723 3720 845 3782 nullum
861 3720 990 3783 validius
1004 3722 1122 3800 obstare
1141 3727 1245 3784 contra
1263 3726 1316 3797 jus
1336 3720 1538 3795 aetuaierpos

481 3836 598 3881 sessum
613 3826 718 3901 potest,
734 3820 880 3900 quamdiu
902 3819 959 3883 hoc
977 3825 1030 3902 jus
1055 3823 1216 3883 adversum
1237 3835 1298 3884 non
1317 3829 1364 3883 ast
1380 3829 1493 3883 certum.
1513 3813 1538 3873 it

479 3927 594 3981 certum
614 3920 735 3981 nultum
755 3918 905 3999 ejusmodi
917 3922 970 3997 Jus
986 3920 1090 3983 haberi
1111 3928 1219 4000 potest,
1238 3922 1298 3982 nisi
1317 3930 1431 3983 certum
1447 3912 1538 3980 startia

480 4034 617 4099 persona,
629 4020 794 4096 legitimans
803 4018 960 4100 iudicandi
977 4025 1151 4100 potestatem
1163 4020 1306 4097 habente,
1320 4022 1418 4101 palam
1427 4018 1537 4080 dionidi

481 4124 586 4180 neutra
601 4120 683 4181 enirn
704 4136 773 4197 pars
792 4118 912 4195 litigans
930 4124 1023 4198 potest
1041 4122 1112 4200 juro
1128 4120 1160 4181 in
1179 4137 1234 4181 sun
1250 4137 1341 4182 causa
1361 4113 1538 4181 usamentum

480 4216 578 4278 dicere
598 4222 651 4278 ent
667 4212 743 4277 lerre
764 4214 926 4295 juridicam
945 4218 1137 4279 sententiam.
1165 4219 1267 4299 Atqui,
1283 4218 1338 4279 ubi
1359 4218 1486 4298 princeps
1506 4211 1538 4268 dl

480 4317 604 4378 omnino
622 4306 842 4397 independens,
859 4316 947 4377 nulla
968 4322 1013 4379 est
1033 4319 1120 4379 tertia
1140 4335 1268 4397 persona
1286 4336 1353 4397 quae
1369 4316 1471 4397 polleat
1486 4315 1538 4389 jure

476 4414 632 4494 judicandi
661 4416 698 4479 de
722 4416 865 4497 principie
884 4430 988 4493 causa;
1011 4434 1082 4478 nam
1100 4419 1234 4504 principe
1254 4418 1391 4479 absoluto
1406 4421 1485 4492 atque
1501 4409 1538 4469 iu·

481 4516 665 4597 dependente
679 4514 765 4577 nulla
780 4522 824 4577 est
837 4516 972 4578 humana
985 4520 1145 4579 auctoritas
1160 4520 1308 4598 superior.
1324 4520 1411 4596 Ergo.
1426 4520 1475 4576 etc.

523 4623 610 4685 tous.
633 4624 702 4683 Pus.
722 4620 806 4684 497⁸.
824 4652 861 4667 -
881 4623 937 4684 Ubi
957 4624 1141 4703 principatus
1164 4624 1257 4686 libere
1277 4614 1535 4705 apoputoeottato

479 4718 525 4786 eet
537 4730 566 4785 ιι
579 4721 652 4785 mali
670 4722 826 4797 regiminis
839 4722 1003 4798 castigandi
1020 4726 1073 4801 jus
1087 4720 1140 4785 ille
1153 4722 1210 4785 sibi
1227 4724 1403 4799 reservavit,
1417 4720 1477 4781 lieet
1490 4710 1536 4772 uti·
