3559 5675
490 760 550 820 nott
832 806 837 816 .
901 773 979 818 tuate
1001 773 1163 819 sarranis

490 899 616 977 prlrtiece
635 899 827 976 utilitatibus,
841 902 1079 978 quotiescunque
1101 901 1201 977 aliqua
1218 900 1365 979 ejusruodi
1384 901 1426 960 lex
1443 899 1515 959 sirleti.

491 997 539 1056 his
553 998 731 1059 ntrtttacnnr
753 998 1023 1076 adversandum
1043 999 1079 1059 ad
1103 999 1180 1060 hanc
1195 1001 1311 1060 ordinis
1334 1001 1422 1060 civilis
1434 1017 1462 1060 ac
1474 1005 1527 1080 prb-

493 1098 540 1158 tiei
554 1099 779 1160 subversionem
793 1097 980 1160 nenuedeur
992 1115 1075 1160 error
1087 1099 1224 1179 perducit
1236 1103 1401 1162 noemmin
1413 1102 1454 1162 rel
1469 1103 1528 1160 ther-

491 1201 580 1259 retice
596 1198 641 1259 rel
657 1199 765 1260 saltem
779 1200 917 1278 practice.
936 1201 966 1258 l·
981 1198 1151 1260 theoretice
1164 1217 1171 1258 :
1186 1202 1259 1279 quia
1273 1201 1298 1260 si
1316 1203 1460 1262 theoretice
1473 1203 1530 1261 die·

490 1305 574 1359 retro
585 1305 712 1378 potestas
726 1299 847 1378 politica
859 1300 917 1374 tegi
932 1299 1022 1360 alicui
1040 1301 1145 1361 morali
1157 1306 1187 1361 et
1202 1303 1348 1376 religiosa
1361 1301 1479 1373 sublita,
1495 1303 1530 1361 he·

493 1400 556 1476 ipso
569 1410 728 1478 poneretur
739 1401 807 1474 ejus
822 1397 1023 1478 dependentia
1042 1400 1079 1460 ab
1094 1401 1235 1480 Ecclesia,
1255 1419 1326 1480 qua
1346 1409 1388 1462 est
1405 1401 1496 1460 barum
1507 1403 1524 1460 le

492 1515 564 1571 qum
580 1502 725 1577 interpres
744 1507 773 1558 et
790 1498 911 1559 vindex.
924 1531 963 1544 -
983 1500 1018 1558 2⁴
1032 1501 1161 1560 Praetiee
1177 1501 1285 1562 saltem
1299 1515 1308 1559 t
1324 1503 1393 1578 quia
1406 1501 1428 1560 si
1441 1509 1533 1579 potesta*

490 1598 692 1660 maluisset
705 1599 761 1658 sibi
777 1599 843 1677 ipsa
862 1598 939 1674 legis
957 1597 1065 1658 dtrtne
1083 1603 1293 1682 mjnscunque
1309 1603 1341 1660 in
1360 1602 1531 1680 temporalibis

491 1700 640 1777 interpres
661 1703 692 1759 et
707 1697 816 1758 vindex
836 1715 979 1778 suprema
1000 1705 1030 1759 et
1050 1715 1173 1777 prorsus
1203 1700 1429 1779 independens,
1450 1701 1532 1760 licitur

490 1799 623 1876 denque
634 1799 667 1858 in
680 1796 897 1877 temporalibus
910 1804 940 1857 et
953 1797 1114 1858 honestum
1134 1797 1209 1859 illud
1224 1801 1295 1874 erit,
1311 1799 1454 1877 quidquid
1467 1800 1534 1858 elder

492 1899 548 1958 erit
567 1897 701 1970 libitum,
720 1894 867 1974 quidquid
887 1895 962 1956 utile
985 1894 1041 1956 sibi
1060 1897 1250 1974 judicaverit.
1268 1899 1389 1958 Etenim
1416 1900 1451 1956 ita
1468 1899 1536 1957 enni.-

493 1998 583 2057 bomo
599 2002 645 2056 est
666 2001 774 2055 natura
788 2003 991 2075 comparatus,
1005 2003 1051 2073 ut,
1066 2013 1161 2073 quum
1185 1997 1223 2058 de
1249 1999 1352 2077 operis
1370 1998 1423 2058 sibi
1442 1997 1535 2076 jucun-tr

491 2095 540 2158 rel
552 2094 800 2156 utilisbonestate
818 2099 940 2174 proprio
961 2113 1017 2157 suo
1029 2097 1143 2172 jndicio
1163 2105 1295 2158 statuere
1321 2098 1419 2172 debet,
1433 2097 1535 2176 plerun-

394 2205 402 2218 ’
490 2213 551 2274 que
571 2195 610 2254 ob
622 2194 806 2256 inordinatas
826 2196 981 2274 pusiones
994 2197 1064 2275 ejus
1076 2203 1206 2257 mentem
1228 2187 1412 2258 excusantes
1426 2195 1488 2258 illud
1501 2197 1536 2254 he

493 2301 614 2356 nestum
628 2309 797 2373 enprorsus
811 2292 928 2353 licitum
941 2295 1092 2356 existimat
1107 2293 1187 2371 qnod
1202 2295 1260 2356 sibi
1273 2296 1441 2373 jucundius
1453 2294 1491 2354 rel
1501 2299 1536 2352 ui-

492 2401 554 2460 lius
567 2396 713 2458 videatur.
729 2396 815 2471 Quot
833 2413 907 2456 sane
921 2397 953 2456 in
968 2397 1089 2473 regibus
1103 2413 1136 2456 ac
1149 2397 1340 2475 principibus
1352 2397 1444 2457 multo
1454 2397 1532 2454 lacitiu·

491 2497 660 2578 saepiusque
681 2493 850 2567 usuveniet,
870 2493 937 2570 qui,
952 2509 1048 2572 quum
1062 2511 1212 2554 summam
1228 2495 1290 2554 rim
1314 2495 1535 2566 materiatenun

493 2613 584 2657 nemo
596 2594 786 2655 subditorum
800 2597 896 2675 potest
909 2595 1056 2668 resistere,
1070 2594 1124 2654 soli
1139 2593 1324 2672 possideant,
1337 2596 1459 2655 summis
1471 2594 1538 2652 hece-

492 2696 578 2756 ribus
588 2691 968 2770 undiqueeircumdeutur,
976 2693 1211 2753 assentatoribus
1223 2692 1431 2754 blandissimis
1441 2692 1539 2767 unrliqrr:

492 2794 695 2871 obsideantur,
706 2791 1020 2855 muttorehemeutius
1034 2792 1069 2853 ad
1085 2793 1271 2854 voluntatem
1288 2811 1379 2856 snam
1400 2809 1449 2876 pro
1466 2809 1537 2853 notn‘

493 2898 593 2959 onutis
611 2898 686 2973 justi
707 2902 737 2955 et
757 2894 874 2954 honesti
894 2892 1064 2954 habendam
1084 2894 1294 2975 impelluntur.
1315 2898 1394 2972 Ergo
1411 2894 1532 2955 seerrlarerr

493 3004 665 3078 potestatem
686 2994 943 3055 abecelesiasticee
964 2994 1146 3054 auctoritatis
1163 2996 1289 3071 irnperio
1309 2998 1341 3055 in
1364 2992 1538 3073 temperdrhr·

493 3101 624 3160 eximere
633 3094 853 3173 perindeestac
863 3093 1024 3169 regibuset
1036 3092 1220 3173 principibus
1230 3095 1448 3167 concederent
1458 3094 1480 3150 irr
1490 3100 1524 3148 tre

493 3197 644 3277 poralibus
654 3190 829 3251 ordinandis
851 3190 929 3250 illud
943 3206 1033 3251 ornne
1056 3190 1214 3251 honesturn
1230 3193 1353 3269 sibique
1368 3193 1473 3253 licitum
1485 3187 1537 3247 exi-

495 3298 612 3368 timeut,
626 3290 705 3371 quod
724 3290 895 3369 jercrtndum
911 3290 967 3351 sihi
988 3296 1079 3366 atque
1093 3292 1165 3351 utile
1176 3292 1383 3367 judtiererurt
1414 3292 1489 3365 Ergo,
1501 3296 1525 3339 et·

535 3400 576 3458 lia
590 3390 835 3454 metrbeettbmo
848 3396 949 3449 autent
970 3398 1075 3467 sponte
1089 3408 1143 3451 sus
1161 3392 1296 3471 tyrannis
1313 3393 1507 3467 cortsequittu:
1518 3408 1533 3439 ⁴⁴·

493 3494 619 3577 proinde
639 3510 722 3551 error
742 3492 928 3552 bossueticus
951 3508 1035 3565 reges
1050 3506 1082 3551 ac
1098 3492 1248 3569 principes
1267 3490 1303 3549 ad
1335 3490 1458 3569 populos
1476 3485 1537 3543 utar.

494 3597 645 3675 tyrannice
655 3590 867 3671 opprimendos
881 3589 1021 3669 impellit.

534 3694 582 3755 tv.
605 3691 795 3752 itossueticus
805 3704 900 3761 error,
910 3688 1100 3749 essentialem
1115 3689 1267 3766 potestatis
1285 3690 1431 3751 secularis
1444 3686 1492 3747 suh
1507 3705 1537 3741 e·

491 3794 656 3861 clesiastica
668 3792 759 3852 etiam
773 3790 804 3848 in
818 3789 1035 3866 temporalibus
1049 3791 1267 3865 subiectionem
1287 3791 1389 3867 quoad
1406 3794 1535 3868 respecun

491 3897 668 3972 religiosum
686 3897 716 3951 et
729 3887 872 3949 moralem
887 3904 1021 3965 negans,
1036 3906 1095 3950 non
1110 3888 1209 3949 solum
1224 3890 1259 3950 ad
1276 3888 1528 3951 mucbiarellisrerr·

491 4006 522 4063 et
533 3992 734 4075 tyrannidem,
745 3990 796 4049 sed
810 3991 900 4049 etiam
915 3990 952 4049 cul
966 3990 1143 4069 r'rrrpr'etrrtem
1156 3990 1272 4051 civilem
1286 3999 1315 4050 et
1327 3992 1487 4052 nituerunt
1498 4004 1524 4061 pi

494 4098 610 4159 leticum
631 4109 715 4170 reges
737 4108 772 4151 ac
788 4090 937 4169 principes
959 4092 1125 4151 ncccuarin
1149 4092 1293 4170 perducit.
1311 4094 1384 4151 Nam
1409 4104 1481 4151 error
1499 4086 1522 4141 i···

495 4198 644 4277 pessimus
668 4193 819 4271 principes
850 4190 936 4249 (locet
958 4192 1164 4252 ecetesiastieae
1201 4194 1336 4271 potestati
1368 4191 1479 4253 nullutn
1498 4188 1532 4257 p·-

493 4312 558 4357 esse
581 4294 701 4354 eosdem
721 4290 855 4366 regendi,
871 4290 1025 4364 monendi,
1041 4292 1192 4371 praeceptis
1218 4290 1344 4367 eogendi
1366 4307 1399 4351 ac
1421 4280 1532 4368 punient

494 4397 527 4457 in
552 4390 763 4471 temporalibus
787 4389 845 4449 sub
866 4389 1009 4465 religioso
1033 4398 1062 4450 et
1085 4390 1192 4451 morali
1217 4397 1364 4469 respectu,
1386 4405 1418 4449 ae
1437 4378 1526 4466 proind

495 4508 580 4573 posse
595 4491 666 4569 jure
685 4506 719 4551 ac
737 4488 846 4549 debere
868 4488 1016 4569 principes
1039 4491 1242 4551 ecclesiastieae
1264 4490 1398 4569 potestati
1416 4486 1530 4547 resistcre.

493 4590 733 4668 quotiescunque
752 4586 873 4665 aliquod
886 4588 1034 4663 ejusmodi
1042 4590 1095 4665 jus
1107 4606 1140 4651 ea
1154 4590 1211 4649 sibi
1224 4590 1297 4650 torte
1311 4589 1445 4649 attribuat
1466 4586 1528 4654 ‚ttqn

493 4690 550 4751 boc
562 4692 614 4767 ius
633 4687 776 4765 egendi,
798 4688 952 4765 monendi,
975 4690 1127 4769 preceptis
1141 4690 1347 4767 obstringendi
1368 4695 1397 4751 et
1415 4681 1520 4767 purten:

493 4788 641 4869 principes
655 4788 744 4849 etiarn
768 4789 800 4847 in
822 4788 1034 4869 temporalibus
1054 4790 1154 4873 quoad
1172 4790 1325 4869 religionis
1344 4798 1371 4853 et
1388 4784 1527 4851 ntoulitet·
