3559 5675
516 741 623 787 sonui.
708 742 794 789 risen
812 740 1002 787 ouonecruus.
1249 724 1306 789 cul

232 864 318 929 poco
334 844 372 909 de
383 845 455 925 jure
468 846 622 908 communi
638 861 657 909 a
675 846 906 909 sollicitantibus
921 844 1098 922 incurritur,
1115 863 1167 909 nec
1182 844 1249 911 uile
1263 852 1307 911 ert

234 944 367 1028 obligatio
378 962 429 1007 ecs
443 944 653 1007 denuntiandi.

271 1045 356 1123 Quod
375 1047 401 1107 si
415 1045 472 1106 hoc
487 1047 577 1107 ctiam
594 1046 748 1127 daremus,
766 1046 940 1126 ambiguam
954 1064 1019 1109 csse
1032 1047 1237 1111 vocemillam
1250 1062 1308 1109 aon

234 1148 319 1229 viget,
333 1148 376 1207 ite
391 1155 425 1207 ut
443 1146 497 1221 illa
509 1146 600 1209 modo
618 1148 683 1225 jus,
702 1146 791 1208 mcdc
809 1147 934 1226 iactum,
951 1164 1004 1225 pro
1027 1148 1174 1211 sermonis
1190 1146 1308 1209 diverso

232 1255 386 1321 contemu,
404 1246 568 1325 significet,
587 1263 664 1309 num
686 1246 836 1325 ambiguis
855 1247 979 1309 vocibus
999 1254 1027 1309 te
1049 1248 1083 1309 in
1102 1249 1220 1311 retenti
1239 1264 1306 1309 rno-

232 1349 324 1409 rueuli
346 1347 390 1407 uti
411 1347 555 1427 oportuit,
574 1363 671 1425 quum
685 1354 771 1407 certae
786 1364 820 1407 ac
839 1346 969 1407 delinitae
989 1354 1087 1409 essent
1107 1348 1137 1407 in
1150 1350 1308 1426 promptu?

233 1450 334 1509 Nonne
348 1447 380 1506 in
399 1462 430 1506 re
445 1452 508 1505 lam
520 1448 617 1523 gravi,
634 1446 685 1507 uhi
700 1451 760 1506 tam
775 1446 874 1507 facille
890 1454 1108 1523 erroneamque
1122 1446 1304 1525 perniciosus

232 1546 330 1608 subire
343 1546 480 1621 animum
494 1551 601 1625 potest,
614 1545 789 1608 catholicam
803 1546 971 1621 ueritatem,
982 1562 1073 1623 quam
1084 1547 1194 1624 optime
1206 1546 1305 1622 cogni·

232 1654 291 1709 um
305 1645 449 1721 habebas,
464 1645 576 1727 palam,
591 1646 656 1707 sine
673 1645 862 1725 amhagibus,
875 1646 940 1707 sine
954 1646 1121 1707 hesitantia
1134 1645 1237 1705 docere
1250 1645 1303 1705 de·

231 1746 358 1807 buerant

270 1844 304 1905 4⁰
326 1846 366 1905 le
388 1861 459 1907 vero
483 1845 626 1906 omnibus
639 1845 801 1927 pontificiis
827 1846 1089 1917 constitutionibus
1114 1846 1304 1923 romanisque

231 1944 394 2023 disciplinis
414 1960 478 2006 esse
494 1942 582 2005 corde
595 1952 624 2006 et
641 1945 739 2006 ocimo
753 1945 995 2024 addictissimum,
1013 1954 1047 2011 ut
1063 1954 1093 2009 tu
1108 1946 1250 2020 affirmas,
1266 1947 1304 2005 ila

231 2062 284 2122 ego
297 2044 387 2123 plane
405 2061 583 2123 persuasum
597 2045 703 2107 habeo.
720 2049 759 2107 rlt
780 2047 808 2107 id
823 2048 948 2109 cuilibet
964 2054 1052 2109 tuum
1070 2048 1183 2107 librum
1199 2046 1307 2125 leqrnti

227 2153 329 2224 potem
346 2160 468 2223 prorsus
482 2144 603 2221 negabit
618 2147 758 2223 quisquis
770 2164 806 2207 ea
821 2163 889 2225 quac
902 2145 952 2208 hic
966 2146 1176 2221 disseruimus,
1190 2147 1305 2207 sincero

231 2245 331 2305 auimo
350 2242 526 2304 consideret.
546 2244 602 2306 Sed
618 2262 768 2325 ponamus
781 2262 887 2306 omues
907 2246 938 2305 id
956 2246 1079 2309 lectores
1096 2245 1181 2307 facile
1195 2262 1229 2305 er
1246 2250 1304 2306 toto

231 2345 307 2405 libro
322 2360 386 2405 esse
399 2344 570 2421 cognituros
590 2364 598 2403 :
616 2360 695 2410 anne
710 2345 817 2405 idcirco
831 2347 934 2407 minus
947 2346 1004 2405 erit
1015 2352 1085 2417 tuus
1099 2345 1174 2405 liber
1187 2345 1225 2407 ch
1238 2362 1306 2405 cau-

231 2460 278 2504 sas
287 2448 352 2521 jam
366 2449 546 2503 memoratas
557 2442 748 2519 arguendus?
764 2447 829 2505 Non
841 2444 982 2521 equidem
1000 2444 1137 2505 arbitror.
1154 2444 1233 2517 Quin
1246 2443 1306 2503 imc

229 2562 266 2606 co
284 2544 469 2605 nocentiores
489 2544 567 2603 liunt
583 2544 738 2619 gallicane
751 2544 893 2606 doctrine
909 2562 926 2605 a
946 2549 973 2607 te
995 2544 1160 2625 propositas,
1173 2543 1251 2621 quod
1267 2542 1305 2605 cb

228 2644 353 2708 homine
366 2650 573 2725 proponantur
583 2644 743 2724 pontificiis
765 2645 908 2707 omnibus
921 2644 1182 2707 commotionibus
1204 2660 1305 2705 roma-

228 2744 339 2821 nisque
352 2742 517 2823 disciplinis
533 2743 744 2807 addictissimo.
763 2746 794 2805 Si
809 2746 891 2809 euim
908 2746 969 2807 illac
983 2746 1069 2807 nobis
1089 2745 1237 2807 adnotore
1260 2762 1307 2807 ro·

228 2861 404 2919 manarum,
427 2844 503 2906 idest
523 2844 744 2917 catholicarum,
760 2845 989 2925 disciplinarum
1008 2864 1116 2926 parurn
1132 2848 1227 2908 arnico
1247 2855 1307 2907 tra·

226 2944 353 3022 dantur,
368 2945 552 3021 carebimus,
565 2945 656 3008 fidem
670 2948 697 3008 ei
712 2947 901 3024 negabimus.
917 2949 965 3022 lt,
977 2964 1127 3024 quumeae
1135 2945 1307 3024 iunioribus

226 3044 346 3106 clericis
369 3061 387 3108 a
403 3045 468 3106 viro
488 3045 607 3124 legibus
619 3047 779 3126 pontificiis
792 3047 935 3108 omnibus
946 3046 1148 3108 addictissimo
1161 3043 1308 3104 exhiben-

227 3151 281 3204 tur
302 3160 339 3222 eo
362 3144 452 3207 modo
470 3161 564 3223 quem
587 3161 684 3224 nuper
705 3145 933 3224 explicavimus,
954 3144 1050 3206 multo
1063 3144 1096 3204 hi
1113 3143 1232 3204 facilius
1249 3143 1307 3204 sibi

227 3242 456 3324 persuadebunt
479 3263 586 3332 puram
607 3262 643 3329 ac
660 3234 766 3324 putam
788 3244 982 3330 catholicam,
1003 3259 1121 3321 nempe-
1139 3245 1307 3326 romanam,
1354 3315 1355 3318 Ἴ

227 3339 401 3407 doctrinam
412 3345 449 3404 iis
463 3339 619 3426 senuntiis
630 3347 787 3416 contineri,
801 3347 1000 3426 Quapropter,
1009 3342 1177 3422 quariniila
1187 3343 1319 3407 edocta.
1346 3393 1348 3400 ,

228 3443 315 3503 tione
332 3445 519 3525 protestaris,
536 3445 678 3506 omnibus
701 3445 861 3528 pontificiis
883 3443 1148 3506 constitutionibus
1167 3443 1310 3522 romeriis·

227 3560 293 3622 que
303 3541 470 3622 disciplinis
480 3526 508 3604 te
518 3544 605 3606 ccrde
615 3526 756 3606 etanimo
765 3543 1089 3626 meeaddictissimurn‚
1101 3541 1213 3604 nedum
1222 3557 1311 3604 omne

227 3642 407 3722 periculum
426 3660 444 3704 a
459 3643 614 3720 galhcauis
636 3643 778 3706 doctrinis
798 3644 832 3706 iu
851 3651 903 3706 tuo
920 3640 1087 3723 compendio
1100 3641 1257 3721 propositis
1273 3642 1311 3702 li-

225 3741 381 3804 mendum
394 3750 576 3823 removeant,
592 3742 671 3804 illud
684 3745 784 3822 potius
795 3759 979 3822 magnopere
990 3747 1112 3818 augent.
1127 3741 1189 3800 llos
1202 3739 1312 3800 etenim

225 3861 288 3906 sua
312 3850 418 3924 sponte
437 3842 582 3919 efficient,
601 3851 636 3922 ut
654 3843 817 3921 gallicanas
839 3859 889 3902 eas
915 3842 1070 3920 opiniones
1092 3839 1183 3900 lector
1201 3838 1312 3916 impro-

225 3946 324 4008 uidus
339 3961 410 4006 curn
425 3943 516 4024 plena
529 3944 622 4004 animi
634 3944 792 4004 securitate
803 3940 935 4017 hauriat,
946 3938 1022 4000 nihil
1036 3939 1094 4000 sihi
1105 3957 1123 4000 a
1133 3936 1185 3996 tali
1197 3935 1314 3996 doctore

225 4043 461 4107 formidandum
471 4050 568 4105 ratus.
656 4107 660 4114 ,

271 4147 309 4206 5⁰
322 4145 471 4224 benique,
491 4150 525 4205 ut
541 4143 634 4205 linem
646 4141 810 4220 aliqnando
829 4140 902 4201 huic
918 4155 993 4200 meae
1011 4136 1204 4216 querimonia
1219 4137 1315 4214 impo-
1344 4149 1345 4152 ¹

225 4227 319 4321 narn,
334 4245 380 4306 sic
394 4251 423 4306 te
437 4245 604 4324 perstringo
619 4259 629 4302 ε
645 4243 698 4304 Vel
710 4241 879 4322 periculosa
889 4239 1031 4319 judicasti
1047 4254 1082 4298 ea
1099 4238 1163 4300 loca
1179 4237 1232 4301 uhi
1247 4236 1314 4313 gal-

223 4347 352 4408 licanas
363 4347 520 4428 opiniones
534 4344 688 4426 proponis,
705 4344 753 4404 rel
766 4342 892 4410 minime
906 4339 1082 4421 periculosa.
1105 4340 1134 4400 Si
1150 4337 1317 4420 periculosa

223 4447 396 4522 censuisti,
409 4463 463 4508 cur
478 4447 517 4508 iis
530 4452 619 4506 tuum
637 4443 751 4504 librum
765 4442 939 4505 maculasti‘l
953 4457 1007 4504 cur
1020 4441 1196 4520 opinionum
1210 4455 1315 4500 earum

220 4549 409 4626 falsitatem,
424 4546 516 4628 probe
530 4546 584 4608 libi
605 4549 803 4624 perspectam,
823 4558 885 4602 uon
904 4541 1129 4605 demonstrasti?
1144 4540 1175 4601 Si
1191 4541 1316 4602 minime

220 4647 415 4728 periculosa,
430 4663 578 4726 quorsum
599 4645 693 4722 igitur
714 4641 865 4704 adnotatio
881 4639 936 4705 ilio
953 4645 1006 4700 tua
1025 4641 1151 4721 spectati
1166 4638 1245 4712 Quid
1267 4655 1315 4700 ve·

221 4751 333 4812 ueris?
355 4750 417 4810 cur
437 4747 551 4824 adjectu
571 4746 625 4810 illa
645 4744 819 4811 monitione.
830 4742 1032 4821 suspiciosum
1054 4741 1193 4820 prudenti
1211 4739 1314 4820 lectori
