3559 5675
458 736 517 799 35²
637 752 718 797 torro
737 750 898 797 nummus
916 752 1025 798 suuni.
1048 772 1087 783 -
1108 750 1193 800 traso
1213 752 1346 799 nauum.

453 856 575 932 regibus
594 872 713 915 summa
733 856 921 930 arrctoriuu,
939 872 1030 933 quam
1049 872 1154 917 omttes
1168 874 1253 934 epte
1271 856 1465 931 verebantur,
1476 859 1518 935 jus

452 957 579 1017 dicebat.
1289 1036 1296 1048 ⁶

492 1059 595 1134 igitur,
617 1074 713 1136 quum
728 1057 864 1137 plerique
879 1057 1028 1135 principes
1049 1058 1209 1135 potentiam
1232 1057 1348 1133 regiam
1372 1058 1520 1136 pontificia

452 1158 589 1237 potestati
616 1174 738 1235 prorsus
761 1157 908 1217 distinctae
934 1156 1134 1234 subjicerent,
1157 1156 1246 1216 multi
1275 1157 1354 1217 inter
1374 1173 1426 1216 eos
1448 1161 1521 1217 omni

451 1259 596 1319 virtutum
611 1273 719 1333 genere
732 1254 935 1334 precellentes
948 1257 1234 1334 exstitere,suosqne
1247 1256 1398 1336 principes
1411 1274 1522 1317 summa

450 1358 650 1430 observantia,
662 1357 721 1417 tide
730 1363 821 1435 atque
833 1373 936 1417 amore
947 1357 1050 1436 populi
1062 1357 1176 1435 passim
1188 1356 1335 1435 complexi
1347 1364 1432 1416 sunt.
1449 1360 1523 1418 Tunc

448 1452 540 1516 etiam
553 1454 780 1516 monarchicum
789 1456 924 1531 regimen
934 1456 1107 1515 anemalato
1117 1454 1245 1514 maxime
1255 1452 1392 1515 absoluta
1401 1455 1522 1533 potitum

449 1562 506 1630 est,
519 1556 633 1633 diuque
653 1554 740 1613 illatn
757 1555 790 1613 in
800 1554 928 1633 populos
941 1554 1021 1613 ultro
1040 1553 1277 1632 obtemperantes
1294 1554 1441 1615 exercuit.

490 1659 540 1730 ttt,
559 1654 731 1715 labentibus
747 1654 867 1730 merlis,
889 1654 1037 1732 principos
1061 1652 1204 1733 paulatim
1227 1670 1291 1714 sese
1311 1660 1380 1715 tum
1401 1660 1524 1733 paterna

451 1754 630 1815 universalis
642 1753 876 1815 rhaetianorum
887 1754 1040 1813 Pontificio
1057 1753 1274 1829 jurisdictioni,
1287 1760 1354 1813 tum
1365 1756 1491 1815 rationis
1500 1764 1525 1815 et

451 1854 615 1915 honestatis
625 1853 770 1929 consiliis,
781 1855 916 1932 primum
927 1853 1050 1931 quidem
1063 1854 1154 1927 lacto,
1166 1853 1275 1913 deiude
1288 1854 1381 1913 etiam
1396 1852 1524 1915 doctrina

448 1955 514 2030 ipsa
537 1952 754 2011 subduxerunt.
780 1953 997 2027 Quamobrem,
1019 1951 1200 2031 populorum
1226 1952 1336 2013 liducia
1361 1970 1434 2029 erga
1459 1971 1523 2014 suns

370 2085 374 2091 -
448 2052 598 2133 principes
611 2053 728 2111 sensim
746 2069 866 2129 qnoque
881 2054 1047 2129 deficiente,
1063 2070 1211 2131 suprema
1226 2054 1410 2114 auctoritatis
1424 2052 1525 2114 divisio

447 2150 547 2212 denuo
556 2151 635 2229 apud
645 2152 785 2212 crrltiores
798 2166 935 2228 quasque
943 2160 1046 2228 gentes
1059 2152 1222 2213 inducitur.

486 2252 619 2315 Gouout.
633 2253 664 2313 3.
678 2284 719 2299 -
735 2254 803 2313 lam
817 2252 854 2313 de
867 2270 1017 2331 suprema
1031 2255 1214 2315 auctoritatis
1227 2254 1377 2315 divisione
1392 2254 1451 2316 boc
1469 2274 1525 2317 me

446 2351 506 2411 rito
526 2352 668 2412 constitui
688 2370 706 2412 a
725 2352 813 2412 uobis
831 2357 928 2429 potest
951 2374 958 2411 :
985 2352 1156 2413 absolutam
1179 2354 1265 2414 illius
1288 2356 1443 2417 unitatem
1466 2375 1524 2417 esse

446 2446 601 2528 politicum
618 2450 754 2524 regimen
775 2449 898 2525 integra
919 2454 948 2508 et
969 2450 1147 2528 incorrupta
1168 2450 1310 2511 humanae
1329 2458 1449 2511 uaturae
1459 2469 1524 2530 pro·

446 2547 566 2626 prium3
581 2546 666 2607 illius
690 2547 869 2609 divisionem
890 2547 928 2607 ad
948 2556 1120 2626 corruptam
1134 2554 1163 2609 et
1183 2549 1347 2629 collapsam
1363 2550 1522 2611 hominum

446 2650 587 2705 naturam
598 2648 766 2724 pertinere3
780 2652 896 2706 natura
910 2654 1011 2708 autem
1025 2647 1167 2709 humana
1179 2666 1232 2728 per
1243 2650 1446 2710 christianam
1460 2652 1523 2716 reli·

446 2745 568 2819 gionem
587 2752 729 2822 reparatae
745 2745 914 2805 naturalem
929 2754 1046 2807 motum
1060 2764 1094 2807 eo
1109 2747 1241 2820 tendere,
1255 2746 1342 2809 ulad
1357 2748 1523 2810 absolutam

446 2846 629 2906 auctoritatis
643 2847 791 2906 unitatem
812 2849 937 2925 propius
962 2865 1079 2927 semper
1099 2847 1227 2910 amedat.
1243 2849 1363 2911 Scilicet
1377 2867 1522 2929 suprema

444 2947 628 3008 auctoritatis
636 2946 742 3008 divisio
756 2947 794 3006 ab
808 2947 967 3008 hominurn
980 2950 1051 3009 titio
1064 2947 1209 3020 dimanat,
1223 2955 1326 3025 estque
1341 2951 1521 3030 principium
1587 2957 1588 2998 ὲ

444 3046 596 3124 quoddam
628 3046 746 3106 socialis
768 3047 979 3108 destructionis
999 3048 1080 3125 qnod
1106 3047 1158 3108 alii
1178 3049 1368 3128 promptioris
1393 3050 1521 3111 destruc·

446 3148 535 3206 tionis
550 3147 714 3225 principio,
731 3162 840 3224 nempe
863 3147 1026 3222 tyrannidi,
1049 3149 1159 3227 opponi
1186 3148 1272 3208 solet.
1300 3149 1450 3225 EJusdem
1471 3153 1520 3212 ab·

443 3245 541 3305 soluta
559 3247 657 3304 unitas
678 3247 701 3304 e'
718 3247 865 3306 contrario
879 3250 904 3306 'a
926 3253 1033 3308 natura
1049 3249 1112 3326 ipsa
1133 3250 1269 3327 provenit
1288 3249 1374 3325 (431,
1392 3253 1478 3328 usa),
1492 3269 1521 3312 ac
1587 3259 1588 3266 ’

443 3344 560 3404 socialis
571 3345 760 3422 perfectiouis
773 3351 817 3406 est
828 3347 965 3408 naturale
977 3348 1171 3430 principium.
1194 3349 1398 3427 Postremum,
1419 3359 1521 3412 aucto-

443 3444 539 3502 ritatis
560 3460 688 3504 summa
710 3445 817 3505 divisio
841 3447 926 3519 talis,
950 3464 1017 3523 qua
1046 3447 1083 3506 ad
1108 3449 1256 3508 unitatem
1281 3449 1381 3525 magis
1407 3467 1523 3530 semper

442 3543 593 3618 armagis
613 3542 783 3621 reducatur,
805 3553 850 3606 est
870 3541 1026 3626 politicum
1046 3535 1180 3624 regimen
1202 3547 1341 3626 prasenti
1359 3549 1522 3612 hominurn

443 3644 553 3714 statui,
582 3645 696 3721 inquo
718 3647 792 3706 ratio
819 3647 911 3706 simul
936 3655 966 3707 et
990 3649 1098 3706 vitium
1125 3655 1244 3708 natura·
1259 3649 1406 3711 hnmana
1433 3653 1524 3713 dorni·

443 3749 566 3818 uantur,
589 3743 718 3804 maxime
740 3745 938 3816 couveniens3
960 3763 1055 3822 eaque
1080 3753 1125 3805 est
1149 3749 1332 3826 principium
1359 3753 1447 3812 saria
1474 3769 1524 3812 ra-
1587 3749 1588 3774 ³

443 3842 524 3900 tione
534 3843 747 3919 applicandum
764 3861 819 3922 pro
835 3846 925 3904 variis
946 3846 1195 3920 oscillationibus,
1216 3864 1294 3925 quas
1314 3855 1344 3908 et
1365 3851 1523 3912 individua

443 3951 473 4000 et
489 3942 641 4002 societates
659 3943 807 4004 universa
826 3951 970 4022 perpetuo
994 3946 1145 4016 subeunt,
1167 3947 1259 4006 modo
1277 3949 1310 4007 in
1333 3953 1522 4024 sensibilem,
1587 4001 1588 4010 ,

443 4041 531 4101 modo
549 4043 580 4100 in
603 4043 777 4103 rationalem
799 4043 971 4104 felicitatem
992 4043 1201 4106 vehementius
1220 4046 1388 4109 inhiantes.
1587 4039 1588 4042 '
