3559 5675
557 782 664 829 sunno.
686 800 725 815 -
748 785 831 831 sinen
853 784 1025 831 conscissus.
1266 764 1330 831 3153

273 887 413 949 mintium
427 889 642 965 successionem
663 893 812 968 sequitur.
831 892 933 968 itaque
944 892 1016 967 jura
1036 890 1185 951 anteriore
1204 897 1331 971 possunt

273 987 441 1047 muritimodis
457 988 674 1069 collisionibus
700 1008 776 1067 quas
795 1007 878 1050 norae
904 1006 1004 1049 rernm
1026 991 1254 1053 circumstantie
1279 992 1330 1053 ad·

271 1086 404 1163 tinxerim,
420 1088 581 1148 immutari.
594 1088 724 1167 antiqno
734 1090 850 1151 scilicet
858 1091 930 1166 jure
942 1090 1086 1149 imminui
1099 1095 1263 1167 potuer-emt
1275 1091 1328 1151 de·

271 1187 330 1247 licto
347 1186 391 1246 rei
404 1187 488 1247 illius
498 1188 550 1265 qui
566 1204 623 1247 sua
634 1194 777 1267 potestate
793 1189 909 1249 cbrrsus
923 1188 972 1261 sit,
988 1188 1035 1248 rel
1049 1188 1133 1249 iliius
1150 1190 1203 1266 qui
1215 1191 1328 1267 justam

270 1274 452 1347 obedientiam
468 1286 621 1364 abjecerit,
637 1287 798 1366 vel-culpa,
822 1288 903 1365 quod
918 1288 1096 1367 plerumque
1112 1287 1156 1361 iit,
1171 1289 1331 1367 utriusque

271 1390 419 1462 potuerunt
434 1388 505 1460 jura
519 1387 690 1463 antiquiora
702 1387 787 1461 elidi,
806 1388 853 1446 rel
870 1388 990 1465 politica
1005 1387 1226 1464 prescriptione
1237 1404 1329 1465 quiam

270 1482 409 1562 poblicum
433 1484 546 1543 bonum
563 1485 968 1562 jemnecessariamefficiat‚
991 1485 1038 1545 rei
1052 1485 1201 1563 exploratu
1218 1488 1332 1547 formu-

270 1598 328 1641 mm
341 1584 539 1659 qrrarumdam
550 1586 738 1664 politicarum
751 1586 1003 1667 impossibiiitatm
1015 1587 1073 1649 'vei
1095 1589 1253 1666 reciprocis
1268 1606 1334 1666 par-

268 1684 331 1743 tium
351 1684 560 1746 dissidentium
585 1687 691 1764 pactis,
711 1688 759 1749 rel
773 1688 840 1749 aliis
860 1688 1038 1765 hujusmodi
1061 1690 1171 1747 carreis.
1194 1689 1239 1751 Ob
1258 1706 1333 1765 quas

266 1798 356 1843 ntimo
370 1786 451 1860 juste
465 1791 642 1862 munireque
662 1793 828 1865 perspectas
842 1788 956 1849 notioni
972 1786 1076 1848 amicae
1097 1787 1200 1863 istique
1222 1786 1332 1862 licebit,

266 1898 317 1942 oon
326 1884 445 1959 quidem
461 1884 517 1945 has
528 1891 582 1945 nort
600 1886 667 1946 iilos
691 1900 745 1964 pro
771 1887 914 1949 arbitratu
930 1904 988 1949 suo
1010 1888 1195 1951 conditiones
1218 1888 1333 1947 nationi

267 1981 401 2043 intestinis
421 1985 554 2044 motibus
569 1988 746 2063 perturbate
769 1989 944 2066 imponere,
962 1988 1012 2049 sed
1037 1988 1133 2067 ittam,
1152 1994 1184 2049 et
1207 2003 1260 2065 pro
1283 1986 1334 2047 itta

267 2088 366 2158 partem
379 2084 428 2143 oui
438 2086 512 2159 jora
526 2083 711 2162 praescientia
727 2088 838 2161 tonent,
852 2085 1004 2149 suffulcire
1015 2092 1043 2146 et
1054 2086 1208 2164 adjurare,
1220 2091 1254 2145 ut
1269 2088 1333 2165 ipsa

266 2196 310 2257 per
321 2183 490 2243 naturalem
503 2201 590 2243 suam
604 2187 810 2245 auctoritatem
825 2186 933 2247 sociale
946 2202 1053 2263 corpus
1065 2186 1192 2251 internis
1205 2202 1335 2247 semmo-

266 2280 384 2340 tiooions
398 2282 604 2343 disturbatum
618 2300 653 2344 ac
672 2283 827 2344 divulsum
841 2289 1050 2363 recomponeie
1064 2290 1154 2362 atque
1169 2290 1235 2361 apte
1248 2285 1336 2344 resti-

267 2384 337 2439 tuere
352 2383 456 2457 pessit

299 2481 330 2539 iu
351 2488 505 2557 postrema
523 2482 598 2543 thesi
613 2484 830 2562 supposuimus
851 2482 1027 2542 alterutram
1051 2481 1157 2543 saltem
1171 2495 1187 2540 e
1201 2482 1335 2559 portibus

265 2576 503 2642 dissentientibus
511 2584 658 2643 auxilium
671 2601 689 2643 a
705 2583 951 2645 socictatesmica
960 2582 1123 2660 postulare.
1133 2581 1333 2655 Quaereudum

268 2678 343 2739 modo
367 2688 423 2759 est,
445 2699 516 2759 que
535 2687 617 2761 juro,
642 2702 709 2761 qua
728 2683 827 2745 officis
854 2684 915 2743 sint
938 2684 1068 2747 nationis
1091 2684 1203 2760 amice,
1230 2684 1254 2741 si
1269 2684 1336 2760 ojus

267 2794 340 2856 opem
354 2789 466 2844 neutra
481 2799 497 2842 e
512 2783 647 2872 partibus
660 2783 891 2846 colluctantibus
903 2775 1042 2845 invocet..

302 2881 386 2941 1148.
406 2884 476 2941 Pus.
500 2881 583 2941 566³.
604 2881 811 2954 -Quamdiu
828 2881 907 2959 apud
921 2869 1092 2942 societatem
1106 2880 1234 2941 internis
1248 2882 1336 2941 moti-

266 2974 314 3036 itus
334 2979 487 3040 turbatam
517 2980 639 3057 politice
657 2981 912 3042 iltiusauotoritas
937 2995 1126 3057 quecunque
1143 2981 1215 3038 sutis
1240 2978 1337 3038 valide

266 3081 327 3149 stat,
345 3079 430 3139 nuilla
447 3077 613 3153 alienatio,
634 3080 692 3138 uisi
712 3079 750 3139 ab
767 3079 821 3138 itta
838 3079 1011 3152 advocetum
1030 3079 1083 3153 jus
1103 3076 1191 3140 habet
1208 3078 1335 3138 interro·

266 3174 358 3234 nieudi
380 3177 417 3238 ad
443 3193 495 3236 eos
514 3184 614 3237 motus
637 3178 717 3257 apud
731 3195 798 3238 acm
815 3176 963 3240 sedandos
980 3199 987 3236 :
1004 3183 1034 3236 at
1057 3181 1151 3255 potest
1174 3177 1278 3252 utique
1304 3193 1337 3236 ac
1452 3213 1453 3218 κ

264 3273 343 3336 debet
359 3278 420 3337 alia
434 3278 659 3353 querisnatio,
682 3279 771 3338 etiam
793 3294 853 3338 non
874 3285 985 3354 vocato,
1007 3279 1037 3342 in
1065 3277 1147 3338 hunc
1167 3277 1260 3338 tinem
1284 3293 1337 3354 pro

265 3375 369 3436 nribus
396 3377 602 3446 intervenire,
630 3379 730 3437 statim
762 3394 796 3437 uo
819 3378 919 3438 omnis
944 3379 1066 3456 politica
1084 3377 1243 3438 auomritus
1257 3375 1335 3454 apud

266 3473 341 3534 iiiam
356 3477 396 3536 sit
416 3490 524 3537 euersa
538 3483 590 3537 out
607 3493 729 3554 prorsus
744 3478 896 3557 impedita.
982 3518 985 3536 ,

301 3577 445 3656 Proui·
462 3590 546 3636 roos.
559 3607 599 3620 -
621 3579 655 3636 iu
671 3577 778 3653 quavis
803 3578 942 3639 societate
967 3583 1101 3640 concreto
1115 3577 1269 3637 existente
1294 3580 1338 3634 est

266 3676 375 3752 propria
399 3676 486 3735 itlius
497 3677 668 3751 auctoritas,
681 3683 816 3736 concrete
837 3677 949 3755 pariter
969 3678 1001 3737 in
1013 3676 1115 3754 ulique
1132 3691 1269 3753 persona,
1286 3678 1338 3733 aut

265 3771 379 3848 physici
388 3781 445 3834 ortt
458 3775 577 3851 morali,
588 3775 735 3850 euristeus,⁴
745 3795 763 3834 a
775 3793 836 3852 quo
846 3776 1005 3839 ordinetur
1016 3781 1048 3835 et
1060 3775 1241 3834 continetur.
1256 3765 1336 3833 Jom'-

266 3885 327 3931 vero
341 3872 406 3933 hac
425 3874 584 3942 auctoritas
598 3873 630 3932 tn
639 3876 779 3934 societate
790 3875 897 3950 quavis
909 3871 1126 3952 independentc
1140 3871 1338 3932 coeessentia-

266 3968 326 4028 titer
338 3971 545 4049 independens
561 3972 644 4049 (493)
660 3987 669 4030 ε
685 3977 715 4030 et
732 3973 908 4048 quicunque
930 3978 975 4033 est
988 3972 1113 4032 omnino
1133 3969 1336 4046 independens

265 4083 320 4128 uon
333 4059 432 4147 po'test
445 4072 608 4130 extrinseca
620 4073 647 4132 ri
661 4071 786 4147 obligari
808 4071 950 4146 utaliena
960 4071 1070 4144 auxilia
1084 4070 1196 4128 inritus
1205 4067 1334 4144 aocipiot.

264 4166 359 4242 Atqui,
376 4171 466 4244 siqua
482 4169 699 4250 nationhaberet
709 4171 761 4246 jus
774 4170 857 4229 alteri
872 4171 986 4229 nationi
997 4186 1082 4248 opem
1098 4166 1145 4228 vel
1157 4165 1257 4225 invitm
1268 4161 1338 4224 aiio-

265 4266 356 4338 rendi,
378 4267 452 4326 huic
467 4268 597 4346 proiecto
612 4267 745 4329 officium
771 4268 956 4329 incomberet
978 4269 1042 4329 talis
1059 4267 1174 4335 auxilii,
1198 4263 1337 4341 quamvis

266 4379 322 4424 non
331 4368 485 4445 postulati,
500 4370 697 4431 admittendi:
708 4369 771 4447 juri
786 4369 897 4428 etenim
905 4370 1013 4446 cuique
1023 4367 1154 4430 officium
1168 4381 1337 4442 congruum

263 4468 429 4544 respondet.
441 4471 529 4547 Ergo,
540 4471 687 4548 quamdiu
697 4469 775 4548 apud
787 4469 958 4530 societatem
966 4471 1116 4530 intestinis
1126 4466 1258 4529 motibus
1267 4483 1331 4546 per-

264 4569 411 4630 turbatam
432 4589 571 4650 suprema
582 4574 941 4648 auctoritasqnaeounque
956 4572 1027 4632 sotis
1048 4569 1144 4635 valida
1158 4577 1187 4631 et
1198 4568 1334 4647 expedita

264 4673 328 4744 stat,
341 4672 428 4732 nullo
437 4673 499 4733 hm*
514 4668 638 4734 societas
648 4672 746 4761 ottioio
760 4675 998 4733 teneturextern'i
1014 4672 1119 4735 ausilii
1133 4670 1314 4749 suscipiendi
1322 4683 1333 4744 ;
