3559 5675
453 769 515 833 eso
862 790 943 837 sunus
963 784 1125 834 nernssns

455 892 587 955 Ecclesia
603 910 664 957 non
678 902 723 957 est
735 896 862 959 risibilis
876 898 936 960 nisi
956 912 1009 977 per
1028 894 1094 971 ejus
1112 887 1264 951 visibilem
1284 902 1352 949 curn
1366 887 1499 953 Pmtarole

456 992 602 1056 diuinitus
629 997 791 1061 constituto
815 998 1072 1077 conjunctionem.
1100 994 1190 1068 Ergo,
1215 990 1275 1050 nisi
1299 990 1346 1050 hic
1369 990 1501 1051 Protarcho

456 1090 546 1170 plane
567 1094 696 1156 visibilis
716 1096 822 1175 adstet,
841 1097 974 1159 Ecclesia
989 1096 1053 1175 ipsa
1066 1092 1172 1169 nequit
1184 1106 1250 1150 esse
1263 1086 1396 1150 visibilis.

497 1194 591 1257 Pron.
609 1198 643 1256 2·
655 1212 743 1259 raus.
758 1231 796 1244 -
810 1194 1073 1273 Quemadmodum
1087 1196 1232 1255 concretas
1254 1189 1396 1251 societatis
1407 1204 1436 1249 ac
1446 1188 1505 1249 risi·

457 1282 528 1355 nilis
545 1294 633 1356 debet
645 1297 818 1360 Protarehie
832 1304 971 1361 concreta
985 1302 1015 1358 et
1034 1292 1162 1357 risibilis
1181 1308 1257 1357 esse.
1272 1292 1312 1351 ita
1326 1290 1412 1351 etism
1430 1288 1504 1348 socie·

457 1393 510 1453 tati
530 1396 678 1457 constanti
703 1414 738 1459 ac
765 1377 954 1477 permanent'i
978 1394 1153 1457 Protarchia
1179 1398 1321 1453 constans
1351 1396 1380 1451 et
1409 1402 1507 1467 perma-

1575 698 1577 837 l

458 1507 535 1553 nens
554 1497 680 1560 omnino
699 1498 800 1579 praesit
817 1515 942 1559 neeesse
966 1503 1022 1559 est.
1045 1495 1206 1558 Deficiente
1227 1508 1359 1569 namque
1382 1486 1507 1550 mentali
1577 1478 1578 1523 ³

458 1594 577 1655 socialis
599 1598 723 1660 unitatis
737 1599 896 1680 principio,
921 1598 1046 1659 societas
1069 1598 1132 1675 ipsa
1152 1594 1297 1655 contiuno
1316 1588 1509 1651 dissoluturus

458 1694 546 1775 perit.
565 1698 668 1775 Atqui,
685 1703 720 1759 ut
732 1700 843 1760 centies
852 1700 920 1776 jam
932 1696 1047 1759 dictum
1069 1702 1125 1775 est,
1140 1692 1219 1773 quud
1235 1692 1329 1753 nimis
1342 1706 1415 1768 sape
1431 1694 1510 1748 umen

460 1792 604 1855 inculcari
634 1799 759 1875 nequit,
791 1799 950 1859 essentiale
981 1796 1168 1876 principium
1191 1792 1313 1855 socialis
1339 1788 1454 1851 unitatis
1479 1792 1511 1845 est

461 1907 581 1955 summa
591 1899 748 1960 auctoritas
760 1916 813 1961 seu
827 1898 1002 1960 Protarchia
1018 1896 1102 1975 (151,
1116 1893 1202 1975 161).
1219 1896 1299 1972 Ergo
1313 1893 1379 1953 sine
1391 1888 1511 1951 constanti

460 1992 635 2059 Protarchis
648 2015 708 2060 non
721 2006 818 2081 potest
830 2006 972 2061 musteus
987 1998 1123 2061 Ecclesia
1136 2011 1327 2075 permanere.

503 2098 592 2159 1293.
607 2098 741 2163 Conone.
755 2134 794 2145 -
808 2101 873 2162 lton
888 2106 934 2161 est
948 2116 1068 2161 necesse
1086 2104 1120 2160 ut
1140 2096 1257 2159 socialis
1269 2094 1440 2175 protsrchia
1454 2108 1514 2170 pra·

461 2196 558 2258 sentia
578 2204 675 2261 ceren
696 2201 778 2261 omni
793 2198 918 2280 physice
936 2200 1174 2279 interruptione,
1195 2192 1248 2257 sed
1268 2194 1381 2257 sullicit
1401 2190 1512 2271 ejusdem

460 2300 681 2378 perseuerantia
702 2301 837 2362 moralis.
857 2304 975 2379 ltaque,
998 2300 1024 2362 si
1050 2314 1173 2361 summa
1197 2298 1368 2376 cujuspiam
1393 2292 1513 2355 societatis
1578 2342 1579 2383 ἶ

459 2398 621 2461 auctoritas
635 2401 666 2461 in
680 2409 758 2463 coetu
769 2418 822 2462 seu
835 2401 962 2463 concilio
976 2399 1108 2478 quodam
1121 2400 1300 2479 optimatum
1320 2394 1453 2469 resideat,
1469 2407 1513 2453 non

461 2496 518 2556 crit
537 2514 656 2561 necesse
674 2507 707 2562 ut
723 2502 779 2563 hoc
798 2501 960 2564 concilium
974 2501 1069 2561 adstet
1083 2504 1226 2579 perpetuo
1244 2503 1463 2574 congregatum,
1475 2492 1513 2553 sel

460 2597 568 2673 poterit
578 2597 742 2662 identidem
755 2602 919 2676 discedere,
930 2600 1013 2662 illius
1022 2600 1166 2661 membris
1176 2597 1214 2659 ad
1227 2599 1344 2677 private
1354 2614 1408 2659 sua
1420 2592 1513 2672 negoit

459 2694 651 2772 abeuntibus,
671 2719 790 2781 usuque
804 2720 932 2763 summe
952 2700 1119 2783 potestatis,
1139 2701 1219 2761 intra
1230 2698 1307 2759 lines
1320 2696 1459 2776 quosdam
1474 2692 1513 2753 uni

459 2796 508 2859 vel
527 2802 628 2880 paucis
651 2805 786 2884 personis
804 2803 994 2866 demandato.
1017 2805 1166 2876 Attamen,
1186 2806 1220 2862 nt
1235 2799 1294 2860 tale
1316 2798 1470 2862 concilium
1486 2794 1515 2856 sit

461 2918 531 2964 uera
545 2906 724 2984 protarchie,
744 2924 867 2968 neeesse
884 2906 973 2986 plene
994 2909 1049 2982 est,
1066 2905 1097 2966 1ο
1116 2909 1149 2964 ut
1161 2903 1241 2964 coire
1261 2919 1296 2964 ec
1310 2901 1456 2964 discedere
1474 2913 1514 2978 pro

461 3001 605 3065 arbitratu
619 3023 676 3068 suo
689 3009 795 3088 possit,
810 3007 886 3084 quin
904 3006 1031 3067 facultas
1045 3005 1073 3066 ei
1087 3005 1125 3066 sit
1137 3002 1176 3064 ab
1191 3003 1254 3064 ulla
1274 3008 1417 3082 potestate
1427 3001 1478 3062 alio
1488 2997 1514 3058 de
1579 3057 1580 3068 ,

456 3106 528 3181 jnre
546 3107 709 3184 querenda
715 3122 727 3184 ;
743 3111 774 3168 2⁰
788 3114 823 3167 ut
835 3107 868 3168 in
881 3107 946 3168 suis
959 3103 1224 3168 deliberationibus
1237 3103 1290 3164 alii
1310 3103 1390 3164 nulli
1404 3100 1514 3182 polesot

455 3206 526 3280 jure
548 3205 654 3267 debeat
673 3207 897 3287 obtemperare3
910 3205 944 3266 2⁰
959 3211 992 3266 ut
1012 3207 1079 3282 ejns
1100 3203 1217 3264 decreta
1236 3203 1358 3282 plenam
1381 3205 1439 3263 vim
1458 3199 1515 3274 legis

457 3303 587 3366 habeant
600 3323 654 3388 per
670 3324 702 3368 se
715 3307 791 3384 sola,
805 3309 881 3385 quin
903 3307 956 3368 illa
977 3305 1093 3385 possint
1101 3305 1171 3382 jure
1184 3303 1222 3365 ab
1240 3304 1299 3364 alia
1315 3310 1452 3383 potestate
1469 3298 1514 3360 ulls

460 3403 605 3466 infirmari
616 3420 627 3482 3
640 3405 673 3466 4·
684 3407 818 3468 utnulla
837 3405 914 3466 adsit
931 3405 991 3466 elia
1009 3409 1151 3483 poteslas,
1170 3419 1238 3482 quta
1254 3402 1379 3480 juribus
1396 3399 1515 3463 omnibus

459 3519 606 3584 supreme
620 3505 652 3565 iu
664 3507 833 3566 societatem
846 3505 981 3568 eamdem
992 3505 1175 3566 auctoritatis
1190 3502 1300 3582 polleat
1314 3505 1380 3564 sine
1392 3502 1452 3562 tillo
1463 3501 1514 3576 ejus

458 3604 577 3665 concilii
590 3607 772 3682 interventu,
784 3607 947 3684 omniaque
959 3605 1013 3665 illa
1021 3607 1089 3684 jura
1104 3603 1238 3681 legitime
1250 3603 1355 3683 possit,
1369 3599 1515 3664 eoeoneilio

458 3703 547 3784 plane
561 3706 741 3786 inconsulte,
757 3723 903 3768 exercere.
919 3707 1054 3779 Quatuor
1072 3705 1119 3766 hau
1137 3705 1321 3766 conditiones
1342 3710 1413 3765 sunt
1429 3713 1513 3762 omues

457 3804 609 3866 evidenter
622 3807 807 3867 necessaria.
822 3805 853 3866 Si
867 3805 914 3867 vel
929 3821 992 3865 uua
1006 3804 1128 3866 illamm
1146 3801 1233 3882 desit,
1246 3817 1437 3881 nequequam
1453 3795 1512 3860 illud

456 3904 617 3966 concilium
629 3907 685 3968 erit
694 3907 878 3985 protarchica
888 3911 1030 3984 potestate
1040 3905 1231 3966 instructum.

499 4003 589 4065 1294.
602 4007 671 4067 nos.
691 4007 774 4068 639¹.
787 4039 827 4052 -
842 4006 1048 4068 Ecclesiastico
1062 4004 1233 4066 Protarchie
1248 4003 1337 4066 debet
1350 4005 1467 4066 omnino
1479 4015 1513 4060 re

457 4103 553 4166 sidere
577 4107 609 4166 in
626 4122 662 4166 ea
682 4123 808 4187 persona
829 4109 917 4184 cujus
939 4106 1095 4188 plublicnnr
1128 4103 1291 4182 judicium,
1316 4106 1349 4164 in
1372 4103 1511 4164 christiam

456 4205 589 4267 doctrina
600 4205 781 4279 delinienda,
792 4209 843 4284 sit,
854 4210 954 4286 ipsum
975 4223 1085 4285 perse,
1108 4205 1210 4267 divino
1219 4223 1344 4267 munere
1359 4199 1508 4285 insolidilae.

495 4307 677 4369 deruanus.
692 4339 734 4354 -
754 4309 914 4370 Personam
937 4307 1014 4368 trano
1039 4303 1266 4368 indeterminate
1286 4307 1336 4368 hic
1357 4303 1509 4391 considera·

457 4421 537 4481 mus,
552 4407 614 4467 sive
636 4405 756 4486 physice
773 4407 839 4480 illa,
854 4409 916 4470 sive
935 4407 1059 4469 moralis
1081 4407 1130 4467 sit.

496 4507 590 4567 ines.
605 4519 670 4566 sos.
686 4537 727 4549 -
739 4504 870 4568 Ecclesia
889 4512 936 4568 est
953 4509 1077 4568 societas
1098 4523 1203 4568 eorum
1223 4505 1384 4566 hominurn
1405 4503 1453 4581 qui
1470 4501 1507 4559 iu·

454 4610 539 4666 terna
556 4605 728 4664 assensione
747 4605 901 4667 adherent
919 4607 1142 4685 omnibusque
1156 4603 1294 4668 Christus
1309 4606 1506 4665 Dominuscre

455 4703 552 4765 denda
566 4710 596 4764 et
606 4703 740 4766 iacienda
752 4704 855 4769 docuit
868 4724 901 4769 ac
915 4709 1055 4788 pracepit
1069 4707 1174 4785 (teon)
1189 4725 1197 4769 :
1214 4705 1332 4768 socialis
1345 4711 1438 4766 utitem
1451 4714 1504 4761 ane

455 4801 558 4864 teritus
580 4803 719 4881 qualibet
747 4814 791 4866 est
808 4807 862 4886 jus
885 4815 974 4884 atqcue
996 4805 1129 4868 cilicium
1154 4805 1345 4868 coordinandi
1370 4801 1503 4865 efficaciter
