<?xml version="1.0" encoding="UTF-8"?>
<!DOCTYPE html PUBLIC "-//W3C//DTD XHTML 1.0 Transitional//EN"
    "http://www.w3.org/TR/xhtml1/DTD/xhtml1-transitional.dtd">
<html xmlns="http://www.w3.org/1999/xhtml" xml:lang="en" lang="en">
 <head>
  <title>
</title>
<meta http-equiv="Content-Type" content="text/html;charset=utf-8" />
  <meta name='ocr-system' content='tesseract 3.04.00' />
  <meta name='ocr-capabilities' content='ocr_page ocr_carea ocr_par ocr_line ocrx_word'/>
</head>
<body>
  <div class='ocr_page' id='page_1' title='image "./jurisnaturalisu00bensgoog_0129.png"; bbox 0 0 3559 5675; ppageno 0'>
   <div class='ocr_carea' id='block_1_1' title="bbox 567 751 1323 817">
    <p class='ocr_par' dir='ltr' id='par_1_1' title="bbox 567 751 1323 817">
     <span class='ocr_line' id='line_1_1' title="bbox 567 751 1323 817; baseline 0.003 -2"><span class='ocrx_word' id='word_1_1' title='bbox 567 768 674 815; x_wconf 72' lang='lat' dir='ltr'><strong>sema.</strong></span> <span class='ocrx_word' id='word_1_2' title='bbox 699 785 737 801; x_wconf 85' lang='lat'><strong>·-</strong></span> <span class='ocrx_word' id='word_1_3' title='bbox 759 768 845 815; x_wconf 79' lang='lat' dir='ltr'><strong>unsa</strong></span> <span class='ocrx_word' id='word_1_4' title='bbox 866 768 1003 817; x_wconf 77' lang='grc' dir='ltr'>οιιιιιυι.</span> <span class='ocrx_word' id='word_1_5' title='bbox 1268 751 1323 817; x_wconf 65' lang='grc' dir='ltr'><strong>ιιι</strong></span> 
     </span>
    </p>
   </div>
   <div class='ocr_carea' id='block_1_2' title="bbox 242 873 1333 2352">
    <p class='ocr_par' dir='ltr' id='par_1_2' title="bbox 242 873 1333 2352">
     <span class='ocr_line' id='line_1_2' title="bbox 242 873 1327 954; baseline -0.002 -17"><span class='ocrx_word' id='word_1_6' title='bbox 242 874 344 939; x_wconf 82' lang='lat' dir='ltr'><strong>dentis</strong></span> <span class='ocrx_word' id='word_1_7' title='bbox 360 875 528 938; x_wconf 79' lang='lat' dir='ltr'><strong>voluntatis</strong></span> <span class='ocrx_word' id='word_1_8' title='bbox 545 875 579 935; x_wconf 89' lang='lat' dir='ltr'><strong>in</strong></span> <span class='ocrx_word' id='word_1_9' title='bbox 597 878 694 937; x_wconf 78' lang='grc' dir='ltr'>ιιοιιιιι</span> <span class='ocrx_word' id='word_1_10' title='bbox 708 879 742 935; x_wconf 93' lang='lat' dir='ltr'><strong>ut</strong></span> <span class='ocrx_word' id='word_1_11' title='bbox 754 888 912 935; x_wconf 87' lang='lat' dir='ltr'><strong>summum</strong></span> <span class='ocrx_word' id='word_1_12' title='bbox 931 874 1058 950; x_wconf 61' lang='lat' dir='ltr'><strong>bonum</strong></span> <span class='ocrx_word' id='word_1_13' title='bbox 1073 873 1167 936; x_wconf 85' lang='lat' dir='ltr'><strong>libera</strong></span> <span class='ocrx_word' id='word_1_14' title='bbox 1180 874 1327 954; x_wconf 86' lang='lat' dir='ltr'><strong>subjectio</strong></span> 
     </span>
     <span class='ocr_line' id='line_1_3' title="bbox 244 973 1327 1054; baseline -0.002 -17"><span class='ocrx_word' id='word_1_15' title='bbox 244 976 332 1037; x_wconf 88' lang='lat' dir='ltr'><strong>totins</strong></span> <span class='ocrx_word' id='word_1_16' title='bbox 351 974 490 1037; x_wconf 86' lang='lat' dir='ltr'><strong>hominis</strong></span> <span class='ocrx_word' id='word_1_17' title='bbox 510 973 569 1035; x_wconf 86' lang='lat' dir='ltr'><strong>sub</strong></span> <span class='ocrx_word' id='word_1_18' title='bbox 587 976 666 1047; x_wconf 85' lang='lat' dir='ltr'><strong>Deo,</strong></span> <span class='ocrx_word' id='word_1_19' title='bbox 684 978 716 1032; x_wconf 91' lang='lat' dir='ltr'><strong>ut</strong></span> <span class='ocrx_word' id='word_1_20' title='bbox 741 981 863 1035; x_wconf 82' lang='lat' dir='ltr'><strong>summo</strong></span> <span class='ocrx_word' id='word_1_21' title='bbox 881 990 942 1035; x_wconf 79' lang='lat' dir='ltr'><strong>esse</strong></span> <span class='ocrx_word' id='word_1_22' title='bbox 963 973 1035 1053; x_wconf 89' lang='lat' dir='ltr'><strong>(lib.</strong></span> <span class='ocrx_word' id='word_1_23' title='bbox 1057 973 1093 1054; x_wconf 80' lang='lat' dir='ltr'><strong>v]</strong></span> <span class='ocrx_word' id='word_1_24' title='bbox 1113 989 1205 1052; x_wconf 81' lang='lat' dir='ltr'><strong>:qua</strong></span> <span class='ocrx_word' id='word_1_25' title='bbox 1224 975 1327 1035; x_wconf 87' lang='lat' dir='ltr'><strong>omnia</strong></span> 
     </span>
     <span class='ocr_line' id='line_1_4' title="bbox 243 1062 1326 1154; baseline -0.002 -19"><span class='ocrx_word' id='word_1_26' title='bbox 243 1081 313 1136; x_wconf 89' lang='lat' dir='ltr'><strong>sunt</strong></span> <span class='ocrx_word' id='word_1_27' title='bbox 329 1072 412 1154; x_wconf 79' lang='lat' dir='ltr'><strong>quid</strong></span> <span class='ocrx_word' id='word_1_28' title='bbox 436 1074 636 1135; x_wconf 73' lang='lat' dir='ltr'><strong>essentialiter</strong></span> <span class='ocrx_word' id='word_1_29' title='bbox 659 1074 824 1135; x_wconf 88' lang='lat' dir='ltr'><strong>internum.</strong></span> <span class='ocrx_word' id='word_1_30' title='bbox 854 1074 893 1134; x_wconf 89' lang='lat' dir='ltr'><strong>ll.</strong></span> <span class='ocrx_word' id='word_1_31' title='bbox 918 1074 1043 1135; x_wconf 82' lang='lat' dir='ltr'><strong>Doberet</strong></span> <span class='ocrx_word' id='word_1_32' title='bbox 1062 1092 1126 1135; x_wconf 89' lang='lat' dir='ltr'><strong>esse</strong></span> <span class='ocrx_word' id='word_1_33' title='bbox 1150 1062 1326 1137; x_wconf 82' lang='lat' dir='ltr'><strong>infallibilis.</strong></span> 
     </span>
     <span class='ocr_line' id='line_1_5' title="bbox 243 1174 1326 1255; baseline -0.001 -19"><span class='ocrx_word' id='word_1_34' title='bbox 243 1178 316 1237; x_wconf 83' lang='lat' dir='ltr'><strong>llam</strong></span> <span class='ocrx_word' id='word_1_35' title='bbox 336 1175 450 1255; x_wconf 76' lang='lat' dir='ltr'>triplex</span> <span class='ocrx_word' id='word_1_36' title='bbox 465 1174 545 1235; x_wconf 86' lang='lat' dir='ltr'><strong>illud</strong></span> <span class='ocrx_word' id='word_1_37' title='bbox 557 1174 764 1236; x_wconf 83' lang='lat' dir='ltr'><strong>uoluntarium</strong></span> <span class='ocrx_word' id='word_1_38' title='bbox 787 1174 921 1235; x_wconf 90' lang='lat' dir='ltr'><strong>hominis</strong></span> <span class='ocrx_word' id='word_1_39' title='bbox 940 1174 1121 1254; x_wconf 82' lang='lat' dir='ltr'>obsequium</span> <span class='ocrx_word' id='word_1_40' title='bbox 1140 1178 1326 1253; x_wconf 84' lang='lat' dir='ltr'><strong>erga·lteum</strong></span> 
     </span>
     <span class='ocr_line' id='line_1_6' title="bbox 243 1274 1328 1353; baseline -0.002 -16"><span class='ocrx_word' id='word_1_41' title='bbox 243 1282 286 1337; x_wconf 86' lang='lat' dir='ltr'><strong>est</strong></span> <span class='ocrx_word' id='word_1_42' title='bbox 301 1274 509 1337; x_wconf 62' lang='lat' dir='ltr'><strong>mentaliter</strong></span> <span class='ocrx_word' id='word_1_43' title='bbox 526 1274 746 1353; x_wconf 75' lang='lat' dir='ltr'>proportionale</span> <span class='ocrx_word' id='word_1_44' title='bbox 767 1274 842 1335; x_wconf 90' lang='lat' dir='ltr'><strong>ideis</strong></span> <span class='ocrx_word' id='word_1_45' title='bbox 865 1292 942 1352; x_wconf 86' lang='lat' dir='ltr'><strong>quas</strong></span> <span class='ocrx_word' id='word_1_46' title='bbox 961 1274 1017 1336; x_wconf 85' lang='lat' dir='ltr'><strong>sibi</strong></span> <span class='ocrx_word' id='word_1_47' title='bbox 1043 1276 1171 1353; x_wconf 82' lang='lat' dir='ltr'><strong>quisquo</strong></span> <span class='ocrx_word' id='word_1_48' title='bbox 1191 1274 1328 1337; x_wconf 77' lang='lat' dir='ltr'><strong>efforma-</strong></span> 
     </span>
     <span class='ocr_line' id='line_1_7' title="bbox 243 1374 1328 1455; baseline 0 -18"><span class='ocrx_word' id='word_1_49' title='bbox 243 1378 315 1437; x_wconf 81' lang='lat' dir='ltr'><strong>rerit</strong></span> <span class='ocrx_word' id='word_1_50' title='bbox 327 1376 371 1436; x_wconf 92' lang='lat' dir='ltr'><strong>de</strong></span> <span class='ocrx_word' id='word_1_51' title='bbox 383 1376 440 1438; x_wconf 83' lang='lat' dir='ltr'><strong>liei</strong></span> <span class='ocrx_word' id='word_1_52' title='bbox 451 1376 614 1444; x_wconf 68' lang='lat' dir='ltr'><strong>attributis,</strong></span> <span class='ocrx_word' id='word_1_53' title='bbox 627 1374 724 1453; x_wconf 80' lang='lat' dir='ltr'>dequo</span> <span class='ocrx_word' id='word_1_54' title='bbox 733 1376 818 1435; x_wconf 92' lang='lat' dir='ltr'><strong>illius</strong></span> <span class='ocrx_word' id='word_1_55' title='bbox 830 1392 903 1452; x_wconf 87' lang='lat' dir='ltr'><strong>erga</strong></span> <span class='ocrx_word' id='word_1_56' title='bbox 914 1392 969 1435; x_wconf 90' lang='lat' dir='ltr'><strong>nos</strong></span> <span class='ocrx_word' id='word_1_57' title='bbox 980 1377 1209 1455; x_wconf 80' lang='lat' dir='ltr'><strong>operationibus.</strong></span> <span class='ocrx_word' id='word_1_58' title='bbox 1217 1378 1328 1453; x_wconf 86' lang='lat' dir='ltr'><strong>Quare,</strong></span> 
     </span>
     <span class='ocr_line' id='line_1_8' title="bbox 243 1472 1328 1556; baseline 0.001 -20"><span class='ocrx_word' id='word_1_59' title='bbox 243 1478 267 1536; x_wconf 86' lang='lat' dir='ltr'><strong>si</strong></span> <span class='ocrx_word' id='word_1_60' title='bbox 286 1474 446 1537; x_wconf 84' lang='lat' dir='ltr'><strong>bonafide</strong></span> <span class='ocrx_word' id='word_1_61' title='bbox 465 1472 526 1537; x_wconf 88' lang='lat' dir='ltr'><strong>sim</strong></span> <span class='ocrx_word' id='word_1_62' title='bbox 547 1490 709 1553; x_wconf 87' lang='lat' dir='ltr'><strong>persuasus</strong></span> <span class='ocrx_word' id='word_1_63' title='bbox 725 1476 786 1535; x_wconf 80' lang='lat' dir='ltr'><strong>tale</strong></span> <span class='ocrx_word' id='word_1_64' title='bbox 799 1474 908 1552; x_wconf 89' lang='lat' dir='ltr'><strong>dogma</strong></span> <span class='ocrx_word' id='word_1_65' title='bbox 925 1475 1018 1537; x_wconf 85' lang='lat' dir='ltr'><strong>luisse</strong></span> <span class='ocrx_word' id='word_1_66' title='bbox 1037 1476 1134 1537; x_wconf 26' lang='lat' dir='ltr'><strong>arlico</strong></span> <span class='ocrx_word' id='word_1_67' title='bbox 1152 1475 1328 1556; x_wconf 79' lang='lat' dir='ltr'><strong>revelatum,</strong></span> 
     </span>
     <span class='ocr_line' id='line_1_9' title="bbox 244 1574 1330 1657; baseline -0.001 -20"><span class='ocrx_word' id='word_1_68' title='bbox 244 1578 302 1637; x_wconf 85' lang='lat' dir='ltr'><strong>ileo</strong></span> <span class='ocrx_word' id='word_1_69' title='bbox 315 1574 416 1636; x_wconf 91' lang='lat' dir='ltr'><strong>talem</strong></span> <span class='ocrx_word' id='word_1_70' title='bbox 432 1574 767 1653; x_wconf 61' lang='lat' dir='ltr'><strong>inessepemctionem,</strong></span> <span class='ocrx_word' id='word_1_71' title='bbox 779 1590 797 1635; x_wconf 90' lang='lat' dir='ltr'><strong>a</strong></span> <span class='ocrx_word' id='word_1_72' title='bbox 811 1576 872 1635; x_wconf 81' lang='lat' dir='ltr'><strong>lieo</strong></span> <span class='ocrx_word' id='word_1_73' title='bbox 890 1575 978 1637; x_wconf 91' lang='lat' dir='ltr'><strong>talem</strong></span> <span class='ocrx_word' id='word_1_74' title='bbox 991 1576 1141 1657; x_wconf 73' lang='lat' dir='ltr'><strong>praescribi</strong></span> <span class='ocrx_word' id='word_1_75' title='bbox 1156 1575 1330 1636; x_wconf 87' lang='lat' dir='ltr'><strong>homiuibus</strong></span> 
     </span>
     <span class='ocr_line' id='line_1_10' title="bbox 244 1674 1332 1756; baseline 0 -20"><span class='ocrx_word' id='word_1_76' title='bbox 244 1677 415 1746; x_wconf 68' lang='lat' dir='ltr'><strong>actionem</strong></span> <span class='ocrx_word' id='word_1_77' title='bbox 435 1674 493 1735; x_wconf 87' lang='lat' dir='ltr'><strong>lroc</strong></span> <span class='ocrx_word' id='word_1_78' title='bbox 508 1674 619 1752; x_wconf 88' lang='lat' dir='ltr'><strong>dogma</strong></span> <span class='ocrx_word' id='word_1_79' title='bbox 632 1674 762 1751; x_wconf 88' lang='lat' dir='ltr'><strong>erodere,</strong></span> <span class='ocrx_word' id='word_1_80' title='bbox 784 1676 863 1736; x_wconf 79' lang='lat' dir='ltr'><strong>harro</strong></span> <span class='ocrx_word' id='word_1_81' title='bbox 884 1676 1096 1756; x_wconf 69' lang='lat' dir='ltr'><strong>permotionem</strong></span> <span class='ocrx_word' id='word_1_82' title='bbox 1120 1692 1234 1751; x_wconf 85' lang='lat' dir='ltr'><strong>amare,</strong></span> <span class='ocrx_word' id='word_1_83' title='bbox 1254 1675 1332 1736; x_wconf 84' lang='lat' dir='ltr'><strong>liano</strong></span> 
     </span>
     <span class='ocr_line' id='line_1_11' title="bbox 245 1776 1331 1855; baseline -0.001 -17"><span class='ocrx_word' id='word_1_84' title='bbox 245 1778 393 1838; x_wconf 73' lang='lat' dir='ltr'><strong>actionem</strong></span> <span class='ocrx_word' id='word_1_85' title='bbox 412 1776 522 1853; x_wconf 83' lang='lat' dir='ltr'><strong>exequi</strong></span> <span class='ocrx_word' id='word_1_86' title='bbox 537 1782 627 1836; x_wconf 90' lang='lat' dir='ltr'><strong>eruut</strong></span> <span class='ocrx_word' id='word_1_87' title='bbox 648 1780 733 1837; x_wconf 85' lang='lat' dir='ltr'><strong>ectus</strong></span> <span class='ocrx_word' id='word_1_88' title='bbox 751 1777 917 1855; x_wconf 87' lang='lat' dir='ltr'><strong>religionis.</strong></span> <span class='ocrx_word' id='word_1_89' title='bbox 933 1779 981 1853; x_wconf 78' lang='lat' dir='ltr'><strong>At,</strong></span> <span class='ocrx_word' id='word_1_90' title='bbox 1000 1778 1026 1837; x_wconf 91' lang='lat' dir='ltr'><strong>si</strong></span> <span class='ocrx_word' id='word_1_91' title='bbox 1045 1778 1110 1839; x_wconf 83' lang='lat' dir='ltr'><strong>hmo</strong></span> <span class='ocrx_word' id='word_1_92' title='bbox 1128 1793 1189 1837; x_wconf 89' lang='lat' dir='ltr'><strong>non</strong></span> <span class='ocrx_word' id='word_1_93' title='bbox 1204 1776 1331 1837; x_wconf 82' lang='lat' dir='ltr'>habeam</span> 
     </span>
     <span class='ocr_line' id='line_1_12' title="bbox 246 1874 1331 1956; baseline -0.001 -20"><span class='ocrx_word' id='word_1_94' title='bbox 246 1878 368 1954; x_wconf 84' lang='lat' dir='ltr'><strong>penitus</strong></span> <span class='ocrx_word' id='word_1_95' title='bbox 391 1891 549 1954; x_wconf 85' lang='lat' dir='ltr'><strong>persuasa,</strong></span> <span class='ocrx_word' id='word_1_96' title='bbox 572 1874 624 1935; x_wconf 85' lang='lat' dir='ltr'><strong>aed</strong></span> <span class='ocrx_word' id='word_1_97' title='bbox 647 1876 795 1936; x_wconf 87' lang='lat' dir='ltr'><strong>contraria</strong></span> <span class='ocrx_word' id='word_1_98' title='bbox 811 1876 912 1956; x_wconf 88' lang='lat' dir='ltr'><strong>potius</strong></span> <span class='ocrx_word' id='word_1_99' title='bbox 932 1876 1066 1949; x_wconf 88' lang='lat' dir='ltr'><strong>credam,</strong></span> <span class='ocrx_word' id='word_1_100' title='bbox 1082 1882 1155 1937; x_wconf 90' lang='lat' dir='ltr'><strong>tono</strong></span> <span class='ocrx_word' id='word_1_101' title='bbox 1174 1882 1331 1937; x_wconf 84' lang='lat' dir='ltr'><strong>externum</strong></span> 
     </span>
     <span class='ocr_line' id='line_1_13' title="bbox 247 1973 1331 2054; baseline 0.001 -20"><span class='ocrx_word' id='word_1_102' title='bbox 247 1974 430 2053; x_wconf 76' lang='lat' dir='ltr'><strong>obsequium</strong></span> <span class='ocrx_word' id='word_1_103' title='bbox 444 1974 554 2052; x_wconf 89' lang='lat' dir='ltr'><strong>poterit</strong></span> <span class='ocrx_word' id='word_1_104' title='bbox 567 1990 633 2035; x_wconf 82' lang='lat' dir='ltr'><strong>esse</strong></span> <span class='ocrx_word' id='word_1_105' title='bbox 646 1973 752 2035; x_wconf 88' lang='lat' dir='ltr'><strong>callida</strong></span> <span class='ocrx_word' id='word_1_106' title='bbox 768 1975 908 2052; x_wconf 76' lang='lat' dir='ltr'><strong>quodam</strong></span> <span class='ocrx_word' id='word_1_107' title='bbox 923 1975 1087 2053; x_wconf 83' lang='lat' dir='ltr'><strong>simulatio,</strong></span> <span class='ocrx_word' id='word_1_108' title='bbox 1103 1976 1154 2037; x_wconf 87' lang='lat' dir='ltr'><strong>sed</strong></span> <span class='ocrx_word' id='word_1_109' title='bbox 1172 1992 1331 2054; x_wconf 86' lang='lat' dir='ltr'><strong>nunquam</strong></span> 
     </span>
     <span class='ocr_line' id='line_1_14' title="bbox 248 2072 1330 2153; baseline 0 -18"><span class='ocrx_word' id='word_1_110' title='bbox 248 2077 398 2135; x_wconf 87' lang='lat' dir='ltr'><strong>eritactus</strong></span> <span class='ocrx_word' id='word_1_111' title='bbox 410 2073 580 2149; x_wconf 84' lang='lat' dir='ltr'><strong>religionis.</strong></span> <span class='ocrx_word' id='word_1_112' title='bbox 591 2072 707 2148; x_wconf 80' lang='lat' dir='ltr'><strong>Religio</strong></span> <span class='ocrx_word' id='word_1_113' title='bbox 718 2074 990 2135; x_wconf 86' lang='lat' dir='ltr'><strong>scilicetinternam</strong></span> <span class='ocrx_word' id='word_1_114' title='bbox 1001 2086 1117 2153; x_wconf 88' lang='lat' dir='ltr'><strong>semper</strong></span> <span class='ocrx_word' id='word_1_115' title='bbox 1129 2074 1330 2136; x_wconf 71' lang='lat' dir='ltr'><strong>adhaesionem</strong></span> 
     </span>
     <span class='ocr_line' id='line_1_15' title="bbox 249 2172 1332 2253; baseline 0.001 -19"><span class='ocrx_word' id='word_1_116' title='bbox 249 2174 402 2253; x_wconf 76' lang='lat' dir='ltr'><strong>supponit.</strong></span> <span class='ocrx_word' id='word_1_117' title='bbox 433 2172 705 2249; x_wconf 83' lang='lat' dir='ltr'><strong>Ergoaucioritati</strong></span> <span class='ocrx_word' id='word_1_118' title='bbox 727 2173 857 2251; x_wconf 88' lang='lat' dir='ltr'><strong>cuipiam</strong></span> <span class='ocrx_word' id='word_1_119' title='bbox 877 2176 932 2250; x_wconf 85' lang='lat' dir='ltr'><strong>jus</strong></span> <span class='ocrx_word' id='word_1_120' title='bbox 955 2190 1019 2235; x_wconf 89' lang='lat' dir='ltr'><strong>esse</strong></span> <span class='ocrx_word' id='word_1_121' title='bbox 1040 2174 1165 2235; x_wconf 87' lang='lat' dir='ltr'><strong>unitatis</strong></span> <span class='ocrx_word' id='word_1_122' title='bbox 1185 2175 1332 2251; x_wconf 83' lang='lat' dir='ltr'><strong>religioso</strong></span> 
     </span>
     <span class='ocr_line' id='line_1_16' title="bbox 254 2270 1333 2352; baseline 0.003 -21"><span class='ocrx_word' id='word_1_123' title='bbox 254 2272 359 2335; x_wconf 87' lang='lat' dir='ltr'><strong>directe</strong></span> <span class='ocrx_word' id='word_1_124' title='bbox 377 2270 551 2333; x_wconf 70' lang='lat' dir='ltr'><strong>amonendo</strong></span> <span class='ocrx_word' id='word_1_125' title='bbox 563 2270 687 2350; x_wconf 80' lang='lat' dir='ltr'>periodo</span> <span class='ocrx_word' id='word_1_126' title='bbox 701 2278 746 2331; x_wconf 86' lang='lat' dir='ltr'><strong>est</strong></span> <span class='ocrx_word' id='word_1_127' title='bbox 762 2288 797 2332; x_wconf 91' lang='lat' dir='ltr'><strong>ao</strong></span> <span class='ocrx_word' id='word_1_128' title='bbox 809 2272 907 2333; x_wconf 92' lang='lat' dir='ltr'><strong>eidem</strong></span> <span class='ocrx_word' id='word_1_129' title='bbox 920 2274 973 2348; x_wconf 88' lang='lat' dir='ltr'><strong>jus</strong></span> <span class='ocrx_word' id='word_1_130' title='bbox 988 2278 1153 2352; x_wconf 81' lang='lat' dir='ltr'><strong>competere</strong></span> <span class='ocrx_word' id='word_1_131' title='bbox 1166 2273 1333 2335; x_wconf 82' lang='lat' dir='ltr'><strong>obtinenda</strong></span> 
     </span>
    </p>
   </div>
   <div class='ocr_carea' id='block_1_3' title="bbox 249 2368 1336 2853">
    <p class='ocr_par' dir='ltr' id='par_1_3' title="bbox 261 2368 1334 2546">
     <span class='ocr_line' id='line_1_17' title="bbox 261 2368 1334 2447; baseline 0 -16"><span class='ocrx_word' id='word_1_132' title='bbox 261 2372 295 2431; x_wconf 78' lang='lat' dir='ltr'><strong>eli</strong></span> <span class='ocrx_word' id='word_1_133' title='bbox 312 2373 392 2431; x_wconf 88' lang='lat' dir='ltr'><strong>omni</strong></span> <span class='ocrx_word' id='word_1_134' title='bbox 405 2375 512 2431; x_wconf 88' lang='lat' dir='ltr'><strong>mente</strong></span> <span class='ocrx_word' id='word_1_135' title='bbox 530 2368 713 2431; x_wconf 71' lang='lat' dir='ltr'><strong>mhaesioois</strong></span> <span class='ocrx_word' id='word_1_136' title='bbox 725 2368 762 2429; x_wconf 87' lang='lat' dir='ltr'><strong>od</strong></span> <span class='ocrx_word' id='word_1_137' title='bbox 778 2386 830 2432; x_wconf 89' lang='lat' dir='ltr'><strong>eas</strong></span> <span class='ocrx_word' id='word_1_138' title='bbox 841 2369 991 2432; x_wconf 87' lang='lat' dir='ltr'><strong>doctrinas</strong></span> <span class='ocrx_word' id='word_1_139' title='bbox 1005 2385 1081 2447; x_wconf 86' lang='lat' dir='ltr'><strong>quas</strong></span> <span class='ocrx_word' id='word_1_140' title='bbox 1094 2370 1162 2430; x_wconf 82' lang='lat' dir='ltr'><strong>talis</strong></span> <span class='ocrx_word' id='word_1_141' title='bbox 1176 2372 1334 2431; x_wconf 84' lang='lat' dir='ltr'><strong>auotoritas</strong></span> 
     </span>
     <span class='ocr_line' id='line_1_18' title="bbox 262 2470 1038 2546; baseline -0.003 -16"><span class='ocrx_word' id='word_1_142' title='bbox 262 2476 382 2533; x_wconf 85' lang='lat' dir='ltr'><strong>utreras</strong></span> <span class='ocrx_word' id='word_1_143' title='bbox 394 2470 612 2546; x_wconf 80' lang='lat' dir='ltr'><strong>designaverit</strong></span> <span class='ocrx_word' id='word_1_144' title='bbox 695 2496 699 2503; x_wconf 89' lang='lat'><strong>·</strong></span> <span class='ocrx_word' id='word_1_145' title='bbox 1036 2486 1038 2493; x_wconf 94' lang='lat'>·</span> 
     </span>
    </p>

    <p class='ocr_par' dir='ltr' id='par_1_4' title="bbox 249 2567 1336 2853">
     <span class='ocr_line' id='line_1_19' title="bbox 289 2567 1334 2647; baseline -0.001 -15"><span class='ocrx_word' id='word_1_146' title='bbox 289 2572 429 2633; x_wconf 79' lang='lat' dir='ltr'><strong>lamrero</strong></span> <span class='ocrx_word' id='word_1_147' title='bbox 449 2567 537 2631; x_wconf 88' lang='lat' dir='ltr'><strong>nulla</strong></span> <span class='ocrx_word' id='word_1_148' title='bbox 554 2570 714 2631; x_wconf 88' lang='lat' dir='ltr'><strong>auctoritas</strong></span> <span class='ocrx_word' id='word_1_149' title='bbox 736 2570 826 2631; x_wconf 83' lang='lat' dir='ltr'><strong>hahet</strong></span> <span class='ocrx_word' id='word_1_150' title='bbox 843 2572 897 2647; x_wconf 85' lang='lat' dir='ltr'><strong>jus</strong></span> <span class='ocrx_word' id='word_1_151' title='bbox 927 2570 1108 2632; x_wconf 76' lang='lat' dir='ltr'><strong>adhaesionis</strong></span> <span class='ocrx_word' id='word_1_152' title='bbox 1125 2570 1162 2631; x_wconf 83' lang='lat' dir='ltr'><strong>ab</strong></span> <span class='ocrx_word' id='word_1_153' title='bbox 1180 2569 1334 2631; x_wconf 82' lang='lat' dir='ltr'><strong>intellectu</strong></span> 
     </span>
     <span class='ocr_line' id='line_1_20' title="bbox 253 2670 1336 2755; baseline 0 -21"><span class='ocrx_word' id='word_1_154' title='bbox 253 2672 409 2750; x_wconf 78' lang='lat' dir='ltr'><strong>exigenda</strong></span> <span class='ocrx_word' id='word_1_155' title='bbox 430 2670 469 2755; x_wconf 83' lang='lat' dir='ltr'><strong>ad</strong></span> <span class='ocrx_word' id='word_1_156' title='bbox 483 2670 660 2745; x_wconf 79' lang='lat' dir='ltr'><strong>doctrinam,</strong></span> <span class='ocrx_word' id='word_1_157' title='bbox 679 2688 772 2749; x_wconf 84' lang='lat' dir='ltr'><strong>quam</strong></span> <span class='ocrx_word' id='word_1_158' title='bbox 790 2670 838 2733; x_wconf 93' lang='lat' dir='ltr'><strong>illi</strong></span> <span class='ocrx_word' id='word_1_159' title='bbox 852 2678 1001 2734; x_wconf 73' lang='lat' dir='ltr'><strong>niteram</strong></span> <span class='ocrx_word' id='word_1_160' title='bbox 1015 2677 1170 2753; x_wconf 85' lang='lat' dir='ltr'><strong>proponat,</strong></span> <span class='ocrx_word' id='word_1_161' title='bbox 1193 2672 1252 2732; x_wconf 86' lang='lat' dir='ltr'><strong>nisi</strong></span> <span class='ocrx_word' id='word_1_162' title='bbox 1272 2672 1336 2734; x_wconf 83' lang='lat' dir='ltr'><strong>haeo</strong></span> 
     </span>
     <span class='ocr_line' id='line_1_21' title="bbox 249 2757 1332 2853; baseline -0.003 -19"><span class='ocrx_word' id='word_1_163' title='bbox 249 2774 414 2834; x_wconf 80' lang='lat' dir='ltr'><strong>auctoritas</strong></span> <span class='ocrx_word' id='word_1_164' title='bbox 426 2772 468 2832; x_wconf 89' lang='lat' dir='ltr'><strong>sit</strong></span> <span class='ocrx_word' id='word_1_165' title='bbox 480 2772 514 2831; x_wconf 92' lang='lat' dir='ltr'><strong>in</strong></span> <span class='ocrx_word' id='word_1_166' title='bbox 526 2770 651 2832; x_wconf 83' lang='lat' dir='ltr'><strong>veritate</strong></span> <span class='ocrx_word' id='word_1_167' title='bbox 663 2757 867 2849; x_wconf 86' lang='lat' dir='ltr'><strong>cognoscenda</strong></span> <span class='ocrx_word' id='word_1_168' title='bbox 878 2788 996 2853; x_wconf 84' lang='lat' dir='ltr'><strong>sempor</strong></span> <span class='ocrx_word' id='word_1_169' title='bbox 1009 2788 1042 2833; x_wconf 88' lang='lat' dir='ltr'><strong>ac</strong></span> <span class='ocrx_word' id='word_1_170' title='bbox 1062 2774 1140 2833; x_wconf 87' lang='lat' dir='ltr'><strong>certo</strong></span> <span class='ocrx_word' id='word_1_171' title='bbox 1154 2772 1332 2833; x_wconf 79' lang='lat' dir='ltr'><strong>infallibilis.</strong></span> 
     </span>
    </p>
   </div>
   <div class='ocr_carea' id='block_1_4' title="bbox 247 2871 1365 4854">
    <p class='ocr_par' dir='ltr' id='par_1_5' title="bbox 247 2871 1337 3248">
     <span class='ocr_line' id='line_1_22' title="bbox 249 2871 1337 2952; baseline -0.002 -16"><span class='ocrx_word' id='word_1_172' title='bbox 249 2877 323 2936; x_wconf 81' lang='lat' dir='ltr'><strong>llam</strong></span> <span class='ocrx_word' id='word_1_173' title='bbox 337 2872 503 2934; x_wconf 82' lang='lat' dir='ltr'><strong>auotoritas</strong></span> <span class='ocrx_word' id='word_1_174' title='bbox 516 2871 652 2934; x_wconf 84' lang='lat' dir='ltr'><strong>lallibilie</strong></span> <span class='ocrx_word' id='word_1_175' title='bbox 674 2878 773 2952; x_wconf 88' lang='lat' dir='ltr'><strong>posset</strong></span> <span class='ocrx_word' id='word_1_176' title='bbox 791 2873 956 2950; x_wconf 84' lang='lat' dir='ltr'><strong>aliqnando</strong></span> <span class='ocrx_word' id='word_1_177' title='bbox 968 2872 1076 2934; x_wconf 83' lang='lat' dir='ltr'><strong>falsam</strong></span> <span class='ocrx_word' id='word_1_178' title='bbox 1087 2873 1254 2934; x_wconf 84' lang='lat' dir='ltr'><strong>doctrinam</strong></span> <span class='ocrx_word' id='word_1_179' title='bbox 1274 2889 1337 2934; x_wconf 87' lang='lat' dir='ltr'><strong>ore·</strong></span> 
     </span>
     <span class='ocr_line' id='line_1_23' title="bbox 248 2971 1337 3052; baseline -0.002 -17"><span class='ocrx_word' id='word_1_180' title='bbox 248 2973 384 3035; x_wconf 80' lang='lat' dir='ltr'><strong>dandam</strong></span> <span class='ocrx_word' id='word_1_181' title='bbox 407 2971 516 3034; x_wconf 81' lang='lat' dir='ltr'><strong>aliene</strong></span> <span class='ocrx_word' id='word_1_182' title='bbox 540 2991 548 3031; x_wconf 80' lang='grc' dir='ltr'>ι</span> <span class='ocrx_word' id='word_1_183' title='bbox 573 2973 655 3034; x_wconf 84' lang='lat' dir='ltr'><strong>falsa</strong></span> <span class='ocrx_word' id='word_1_184' title='bbox 676 2979 777 3035; x_wconf 89' lang='lat' dir='ltr'><strong>autom</strong></span> <span class='ocrx_word' id='word_1_185' title='bbox 803 2974 946 3035; x_wconf 76' lang='lat' dir='ltr'><strong>doctrina</strong></span> <span class='ocrx_word' id='word_1_186' title='bbox 968 2974 1156 3052; x_wconf 83' lang='lat' dir='ltr'><strong>imponeudae</strong></span> <span class='ocrx_word' id='word_1_187' title='bbox 1178 2975 1231 3050; x_wconf 84' lang='lat' dir='ltr'><strong>jus</strong></span> <span class='ocrx_word' id='word_1_188' title='bbox 1249 2973 1337 3033; x_wconf 85' lang='lat' dir='ltr'><strong>nullo</strong></span> 
     </span>
     <span class='ocr_line' id='line_1_24' title="bbox 248 3071 1337 3152; baseline -0.002 -16"><span class='ocrx_word' id='word_1_189' title='bbox 248 3075 417 3136; x_wconf 81' lang='lat' dir='ltr'><strong>auctoritas</strong></span> <span class='ocrx_word' id='word_1_190' title='bbox 427 3071 537 3134; x_wconf 86' lang='lat' dir='ltr'><strong>habere</strong></span> <span class='ocrx_word' id='word_1_191' title='bbox 547 3079 666 3152; x_wconf 83' lang='lat' dir='ltr'><strong>potest3</strong></span> <span class='ocrx_word' id='word_1_192' title='bbox 680 3079 759 3134; x_wconf 90' lang='lat' dir='ltr'><strong>osset</strong></span> <span class='ocrx_word' id='word_1_193' title='bbox 770 3075 852 3133; x_wconf 90' lang='lat' dir='ltr'><strong>enim</strong></span> <span class='ocrx_word' id='word_1_194' title='bbox 866 3073 1026 3134; x_wconf 83' lang='lat' dir='ltr'><strong>intrinsece</strong></span> <span class='ocrx_word' id='word_1_195' title='bbox 1040 3073 1205 3134; x_wconf 88' lang='lat' dir='ltr'><strong>absurdum</strong></span> <span class='ocrx_word' id='word_1_196' title='bbox 1219 3073 1337 3149; x_wconf 83' lang='lat' dir='ltr'><strong>erigere</strong></span> 
     </span>
     <span class='ocr_line' id='line_1_25' title="bbox 247 3169 1234 3248; baseline -0.003 -14"><span class='ocrx_word' id='word_1_197' title='bbox 247 3173 289 3234; x_wconf 86' lang='lat' dir='ltr'><strong>ab</strong></span> <span class='ocrx_word' id='word_1_198' title='bbox 304 3172 467 3236; x_wconf 87' lang='lat' dir='ltr'><strong>intellectu</strong></span> <span class='ocrx_word' id='word_1_199' title='bbox 478 3176 514 3231; x_wconf 92' lang='lat' dir='ltr'><strong>ut</strong></span> <span class='ocrx_word' id='word_1_200' title='bbox 523 3177 631 3232; x_wconf 74' lang='lat' dir='ltr'><strong>temni</strong></span> <span class='ocrx_word' id='word_1_201' title='bbox 639 3171 766 3248; x_wconf 73' lang='lat' dir='ltr'><strong>iudicet,</strong></span> <span class='ocrx_word' id='word_1_202' title='bbox 779 3171 859 3248; x_wconf 88' lang='lat' dir='ltr'><strong>quod</strong></span> <span class='ocrx_word' id='word_1_203' title='bbox 870 3171 981 3232; x_wconf 89' lang='lat' dir='ltr'><strong>laisum</strong></span> <span class='ocrx_word' id='word_1_204' title='bbox 992 3170 1128 3248; x_wconf 87' lang='lat' dir='ltr'><strong>judicare</strong></span> <span class='ocrx_word' id='word_1_205' title='bbox 1137 3169 1234 3232; x_wconf 87' lang='lat' dir='ltr'><strong>debet.</strong></span> 
     </span>
    </p>

    <p class='ocr_par' dir='ltr' id='par_1_6' title="bbox 249 3265 1338 3646">
     <span class='ocr_line' id='line_1_26' title="bbox 292 3265 1336 3348; baseline -0.004 -16"><span class='ocrx_word' id='word_1_206' title='bbox 292 3270 388 3348; x_wconf 77' lang='lat' dir='ltr'><strong>Atqui</strong></span> <span class='ocrx_word' id='word_1_207' title='bbox 407 3272 431 3331; x_wconf 96' lang='lat' dir='ltr'><strong>l.</strong></span> <span class='ocrx_word' id='word_1_208' title='bbox 458 3268 593 3330; x_wconf 86' lang='lat' dir='ltr'><strong>humana</strong></span> <span class='ocrx_word' id='word_1_209' title='bbox 610 3270 769 3331; x_wconf 89' lang='lat' dir='ltr'><strong>auctoritas</strong></span> <span class='ocrx_word' id='word_1_210' title='bbox 782 3270 904 3330; x_wconf 85' lang='lat' dir='ltr'><strong>nullum</strong></span> <span class='ocrx_word' id='word_1_211' title='bbox 926 3269 1017 3330; x_wconf 90' lang='lat' dir='ltr'><strong>habet</strong></span> <span class='ocrx_word' id='word_1_212' title='bbox 1034 3271 1087 3346; x_wconf 84' lang='lat' dir='ltr'><strong>jus</strong></span> <span class='ocrx_word' id='word_1_213' title='bbox 1104 3269 1134 3329; x_wconf 91' lang='lat' dir='ltr'><strong>in</strong></span> <span class='ocrx_word' id='word_1_214' title='bbox 1149 3273 1231 3329; x_wconf 86' lang='lat' dir='ltr'><strong>actus</strong></span> <span class='ocrx_word' id='word_1_215' title='bbox 1244 3265 1336 3328; x_wconf 83' lang='lat' dir='ltr'><strong>socio·</strong></span> 
     </span>
     <span class='ocr_line' id='line_1_27' title="bbox 249 3365 1335 3450; baseline -0.006 -16"><span class='ocrx_word' id='word_1_216' title='bbox 249 3388 324 3434; x_wconf 85' lang='lat' dir='ltr'><strong>nrm</strong></span> <span class='ocrx_word' id='word_1_217' title='bbox 348 3372 496 3446; x_wconf 87' lang='lat' dir='ltr'><strong>internos,</strong></span> <span class='ocrx_word' id='word_1_218' title='bbox 518 3376 553 3430; x_wconf 90' lang='lat' dir='ltr'><strong>ut</strong></span> <span class='ocrx_word' id='word_1_219' title='bbox 573 3371 715 3450; x_wconf 77' lang='lat' dir='ltr'><strong>superius</strong></span> <span class='ocrx_word' id='word_1_220' title='bbox 735 3370 894 3449; x_wconf 86' lang='lat' dir='ltr'><strong>probatum</strong></span> <span class='ocrx_word' id='word_1_221' title='bbox 918 3375 963 3430; x_wconf 91' lang='lat' dir='ltr'><strong>est</strong></span> <span class='ocrx_word' id='word_1_222' title='bbox 984 3369 1049 3447; x_wconf 79' lang='lat' dir='ltr'><strong>(lib.</strong></span> <span class='ocrx_word' id='word_1_223' title='bbox 1064 3385 1133 3448; x_wconf 81' lang='lat' dir='ltr'><strong>vrri,</strong></span> <span class='ocrx_word' id='word_1_224' title='bbox 1150 3385 1175 3430; x_wconf 87' lang='lat' dir='ltr'><strong>o.</strong></span> <span class='ocrx_word' id='word_1_225' title='bbox 1192 3375 1220 3444; x_wconf 90' lang='lat' dir='ltr'><strong>t,</strong></span> <span class='ocrx_word' id='word_1_226' title='bbox 1235 3387 1253 3429; x_wconf 83' lang='lat' dir='ltr'><strong>a</strong></span> <span class='ocrx_word' id='word_1_227' title='bbox 1269 3365 1335 3448; x_wconf 60' lang='grc' dir='ltr'><strong>ιιι</strong></span> 
     </span>
     <span class='ocr_line' id='line_1_28' title="bbox 249 3469 1338 3550; baseline -0.006 -16"><span class='ocrx_word' id='word_1_228' title='bbox 249 3475 292 3534; x_wconf 89' lang='lat' dir='ltr'><strong>lt.</strong></span> <span class='ocrx_word' id='word_1_229' title='bbox 318 3471 441 3550; x_wconf 87' lang='lat' dir='ltr'><strong>politica</strong></span> <span class='ocrx_word' id='word_1_230' title='bbox 462 3470 621 3531; x_wconf 82' lang='lat' dir='ltr'><strong>auctoritas</strong></span> <span class='ocrx_word' id='word_1_231' title='bbox 641 3469 767 3531; x_wconf 91' lang='lat' dir='ltr'><strong>minime</strong></span> <span class='ocrx_word' id='word_1_232' title='bbox 780 3475 826 3531; x_wconf 89' lang='lat' dir='ltr'><strong>est</strong></span> <span class='ocrx_word' id='word_1_233' title='bbox 847 3471 886 3530; x_wconf 54' lang='lat' dir='ltr'><strong>in⁴</strong></span> <span class='ocrx_word' id='word_1_234' title='bbox 904 3469 1043 3547; x_wconf 84' lang='lat' dir='ltr'><strong>religiosa</strong></span> <span class='ocrx_word' id='word_1_235' title='bbox 1066 3469 1190 3531; x_wconf 74' lang='lat' dir='ltr'><strong>veritato</strong></span> <span class='ocrx_word' id='word_1_236' title='bbox 1210 3483 1338 3545; x_wconf 88' lang='lat' dir='ltr'><strong>cognos-</strong></span> 
     </span>
     <span class='ocr_line' id='line_1_29' title="bbox 249 3569 1076 3646; baseline -0.005 -12"><span class='ocrx_word' id='word_1_237' title='bbox 249 3571 351 3634; x_wconf 85' lang='lat' dir='ltr'><strong>cenda</strong></span> <span class='ocrx_word' id='word_1_238' title='bbox 369 3569 551 3646; x_wconf 75' lang='lat' dir='ltr'><strong>infallibilis,</strong></span> <span class='ocrx_word' id='word_1_239' title='bbox 566 3569 644 3646; x_wconf 88' lang='lat' dir='ltr'><strong>quod</strong></span> <span class='ocrx_word' id='word_1_240' title='bbox 663 3585 753 3630; x_wconf 86' lang='lat' dir='ltr'><strong>nemo</strong></span> <span class='ocrx_word' id='word_1_241' title='bbox 766 3570 899 3646; x_wconf 84' lang='lat' dir='ltr'><strong>ignorat..</strong></span> <span class='ocrx_word' id='word_1_242' title='bbox 917 3570 1005 3646; x_wconf 81' lang='lat' dir='ltr'><strong>Ergo,</strong></span> <span class='ocrx_word' id='word_1_243' title='bbox 1019 3575 1076 3630; x_wconf 88' lang='lat' dir='ltr'><strong>ete.</strong></span> 
     </span>
    </p>

    <p class='ocr_par' dir='ltr' id='par_1_7' title="bbox 252 3669 1365 4755">
     <span class='ocr_line' id='line_1_30' title="bbox 295 3669 1339 3747; baseline -0.003 -15"><span class='ocrx_word' id='word_1_244' title='bbox 295 3677 331 3732; x_wconf 76' lang='lat'><strong>2⁰</strong></span> <span class='ocrx_word' id='word_1_245' title='bbox 344 3671 451 3731; x_wconf 84' lang='lat' dir='ltr'><strong>linitas</strong></span> <span class='ocrx_word' id='word_1_246' title='bbox 464 3669 598 3745; x_wconf 81' lang='lat' dir='ltr'><strong>religiosi</strong></span> <span class='ocrx_word' id='word_1_247' title='bbox 615 3669 716 3731; x_wconf 88' lang='lat' dir='ltr'><strong>cultus</strong></span> <span class='ocrx_word' id='word_1_248' title='bbox 733 3669 832 3730; x_wconf 89' lang='lat' dir='ltr'><strong>solum</strong></span> <span class='ocrx_word' id='word_1_249' title='bbox 848 3675 981 3744; x_wconf 79' lang='lat' dir='ltr'><strong>externa,</strong></span> <span class='ocrx_word' id='word_1_250' title='bbox 997 3685 1087 3747; x_wconf 81' lang='lat' dir='ltr'><strong>quain</strong></span> <span class='ocrx_word' id='word_1_251' title='bbox 1109 3669 1218 3730; x_wconf 84' lang='lat' dir='ltr'><strong>eoivili</strong></span> <span class='ocrx_word' id='word_1_252' title='bbox 1240 3674 1339 3729; x_wconf 89' lang='lat' dir='ltr'><strong>auoto-</strong></span> 
     </span>
     <span class='ocr_line' id='line_1_31' title="bbox 252 3769 1337 3848; baseline -0.004 -16"><span class='ocrx_word' id='word_1_253' title='bbox 252 3775 347 3833; x_wconf 86' lang='lat' dir='ltr'><strong>ritate</strong></span> <span class='ocrx_word' id='word_1_254' title='bbox 361 3770 451 3832; x_wconf 85' lang='lat' dir='ltr'><strong>sociis</strong></span> <span class='ocrx_word' id='word_1_255' title='bbox 463 3769 748 3848; x_wconf 87' lang='lat' dir='ltr'><strong>esseiroponendam</strong></span> <span class='ocrx_word' id='word_1_256' title='bbox 767 3769 908 3830; x_wconf 90' lang='lat' dir='ltr'><strong>nonnulli</strong></span> <span class='ocrx_word' id='word_1_257' title='bbox 923 3769 1039 3844; x_wconf 77' lang='lat' dir='ltr'><strong>nolunt,</strong></span> <span class='ocrx_word' id='word_1_258' title='bbox 1053 3770 1081 3831; x_wconf 93' lang='lat'><strong>1.</strong></span> <span class='ocrx_word' id='word_1_259' title='bbox 1099 3775 1177 3831; x_wconf 88' lang='lat' dir='ltr'><strong>esset</strong></span> <span class='ocrx_word' id='word_1_260' title='bbox 1195 3769 1337 3843; x_wconf 84' lang='lat' dir='ltr'><strong>absurdo,</strong></span> 
     </span>
     <span class='ocr_line' id='line_1_32' title="bbox 254 3869 1341 3950; baseline -0.006 -16"><span class='ocrx_word' id='word_1_261' title='bbox 254 3877 289 3934; x_wconf 75' lang='lat'><strong>2.</strong></span> <span class='ocrx_word' id='word_1_262' title='bbox 300 3877 382 3932; x_wconf 87' lang='lat' dir='ltr'><strong>esset</strong></span> <span class='ocrx_word' id='word_1_263' title='bbox 392 3885 515 3950; x_wconf 90' lang='lat' dir='ltr'><strong>prorsus</strong></span> <span class='ocrx_word' id='word_1_264' title='bbox 527 3869 692 3931; x_wconf 87' lang='lat' dir='ltr'><strong>inutilisad</strong></span> <span class='ocrx_word' id='word_1_265' title='bbox 702 3871 792 3930; x_wconf 84' lang='lat' dir='ltr'><strong>linem</strong></span> <span class='ocrx_word' id='word_1_266' title='bbox 803 3870 943 3947; x_wconf 83' lang='lat' dir='ltr'><strong>obquem</strong></span> <span class='ocrx_word' id='word_1_267' title='bbox 959 3869 1237 3948; x_wconf 76' lang='lat' dir='ltr'><strong>illaimponoretur.</strong></span> <span class='ocrx_word' id='word_1_268' title='bbox 1250 3869 1272 3928; x_wconf 92' lang='lat' dir='ltr'><strong>l.</strong></span> <span class='ocrx_word' id='word_1_269' title='bbox 1290 3869 1341 3928; x_wconf 86' lang='lat' dir='ltr'><strong>Es·</strong></span> 
     </span>
     <span class='ocr_line' id='line_1_33' title="bbox 256 3969 1339 4050; baseline -0.006 -16"><span class='ocrx_word' id='word_1_270' title='bbox 256 3969 808 4050; x_wconf 82' lang='lat' dir='ltr'><strong>aetabsurda3quiaplsueabsurdum</strong></span> <span class='ocrx_word' id='word_1_271' title='bbox 818 3969 1339 4045; x_wconf 78' lang='lat' dir='ltr'><strong>estorteruainreligionemintornae</strong></span> 
     </span>
     <span class='ocr_line' id='line_1_34' title="bbox 256 4067 1340 4152; baseline -0.008 -17"><span class='ocrx_word' id='word_1_272' title='bbox 256 4077 480 4152; x_wconf 86' lang='lat' dir='ltr'><strong>repugnantem</strong></span> <span class='ocrx_word' id='word_1_273' title='bbox 493 4073 623 4148; x_wconf 86' lang='lat' dir='ltr'><strong>exigere,</strong></span> <span class='ocrx_word' id='word_1_274' title='bbox 637 4080 738 4148; x_wconf 81' lang='lat' dir='ltr'><strong>quum</strong></span> <span class='ocrx_word' id='word_1_275' title='bbox 748 4077 870 4132; x_wconf 81' lang='lat' dir='ltr'><strong>externa</strong></span> <span class='ocrx_word' id='word_1_276' title='bbox 882 4069 986 4146; x_wconf 88' lang='lat' dir='ltr'><strong>religio</strong></span> <span class='ocrx_word' id='word_1_277' title='bbox 998 4074 1102 4148; x_wconf 86' lang='lat' dir='ltr'><strong>suapte</strong></span> <span class='ocrx_word' id='word_1_278' title='bbox 1116 4075 1222 4128; x_wconf 86' lang='lat' dir='ltr'><strong>natura</strong></span> <span class='ocrx_word' id='word_1_279' title='bbox 1238 4069 1277 4128; x_wconf 86' lang='lat' dir='ltr'><strong>sit</strong></span> <span class='ocrx_word' id='word_1_280' title='bbox 1291 4067 1340 4128; x_wconf 90' lang='lat' dir='ltr'><strong>in-</strong></span> 
     </span>
     <span class='ocr_line' id='line_1_35' title="bbox 259 4168 1342 4251; baseline -0.006 -17"><span class='ocrx_word' id='word_1_281' title='bbox 259 4181 354 4234; x_wconf 70' lang='lat' dir='ltr'><strong>ternae</strong></span> <span class='ocrx_word' id='word_1_282' title='bbox 365 4174 528 4251; x_wconf 79' lang='lat' dir='ltr'><strong>expressio.</strong></span> <span class='ocrx_word' id='word_1_283' title='bbox 537 4173 574 4232; x_wconf 80' lang='lat' dir='ltr'><strong>ll.</strong></span> <span class='ocrx_word' id='word_1_284' title='bbox 587 4174 670 4232; x_wconf 81' lang='lat' dir='ltr'><strong>Esset</strong></span> <span class='ocrx_word' id='word_1_285' title='bbox 684 4171 818 4248; x_wconf 71' lang='lat' dir='ltr'><strong>inutilis,</strong></span> <span class='ocrx_word' id='word_1_286' title='bbox 830 4171 904 4248; x_wconf 87' lang='lat' dir='ltr'><strong>quia</strong></span> <span class='ocrx_word' id='word_1_287' title='bbox 917 4177 1044 4231; x_wconf 71' lang='lat' dir='ltr'><strong>externae</strong></span> <span class='ocrx_word' id='word_1_288' title='bbox 1056 4168 1209 4245; x_wconf 88' lang='lat' dir='ltr'><strong>religionis</strong></span> <span class='ocrx_word' id='word_1_289' title='bbox 1218 4168 1342 4228; x_wconf 89' lang='lat' dir='ltr'><strong>unitasa</strong></span> 
     </span>
     <span class='ocr_line' id='line_1_36' title="bbox 258 4268 1343 4351; baseline -0.007 -15"><span class='ocrx_word' id='word_1_290' title='bbox 258 4274 344 4336; x_wconf 81' lang='lat' dir='ltr'><strong>cirili</strong></span> <span class='ocrx_word' id='word_1_291' title='bbox 353 4275 526 4335; x_wconf 76' lang='lat' dir='ltr'><strong>auuoritate</strong></span> <span class='ocrx_word' id='word_1_292' title='bbox 535 4273 739 4351; x_wconf 84' lang='lat' dir='ltr'><strong>imponeretur</strong></span> <span class='ocrx_word' id='word_1_293' title='bbox 749 4269 784 4331; x_wconf 86' lang='lat' dir='ltr'><strong>ad</strong></span> <span class='ocrx_word' id='word_1_294' title='bbox 795 4286 988 4331; x_wconf 89' lang='lat' dir='ltr'><strong>communem</strong></span> <span class='ocrx_word' id='word_1_295' title='bbox 999 4270 1148 4330; x_wconf 89' lang='lat' dir='ltr'><strong>mentium</strong></span> <span class='ocrx_word' id='word_1_296' title='bbox 1157 4268 1343 4329; x_wconf 87' lang='lat' dir='ltr'><strong>animorum-</strong></span> 
     </span>
     <span class='ocr_line' id='line_1_37' title="bbox 258 4369 1341 4453; baseline -0.007 -17"><span class='ocrx_word' id='word_1_297' title='bbox 258 4391 321 4453; x_wconf 85' lang='lat' dir='ltr'><strong>que</strong></span> <span class='ocrx_word' id='word_1_298' title='bbox 346 4372 538 4438; x_wconf 88' lang='lat' dir='ltr'><strong>concordiam</strong></span> <span class='ocrx_word' id='word_1_299' title='bbox 563 4370 729 4431; x_wconf 81' lang='lat' dir='ltr'><strong>tutandam.</strong></span> <span class='ocrx_word' id='word_1_300' title='bbox 749 4371 840 4447; x_wconf 75' lang='lat' dir='ltr'><strong>Atqui</strong></span> <span class='ocrx_word' id='word_1_301' title='bbox 861 4371 1010 4430; x_wconf 91' lang='lat' dir='ltr'><strong>mentium</strong></span> <span class='ocrx_word' id='word_1_302' title='bbox 1032 4371 1088 4430; x_wconf 83' lang='lat' dir='ltr'><strong>isto</strong></span> <span class='ocrx_word' id='word_1_303' title='bbox 1113 4375 1141 4430; x_wconf 86' lang='lat' dir='ltr'><strong>et</strong></span> <span class='ocrx_word' id='word_1_304' title='bbox 1170 4369 1341 4430; x_wconf 87' lang='lat' dir='ltr'><strong>animorum</strong></span> 
     </span>
     <span class='ocr_line' id='line_1_38' title="bbox 259 4467 1341 4547; baseline -0.01 -9"><span class='ocrx_word' id='word_1_305' title='bbox 259 4474 423 4538; x_wconf 87' lang='lat' dir='ltr'><strong>concordis</strong></span> <span class='ocrx_word' id='word_1_306' title='bbox 443 4489 504 4533; x_wconf 93' lang='lat' dir='ltr'><strong>non</strong></span> <span class='ocrx_word' id='word_1_307' title='bbox 538 4479 730 4532; x_wconf 86' lang='lat' dir='ltr'><strong>externorum</strong></span> <span class='ocrx_word' id='word_1_308' title='bbox 767 4477 890 4532; x_wconf 72' lang='lat' dir='ltr'><strong>acturam</strong></span> <span class='ocrx_word' id='word_1_309' title='bbox 925 4477 1024 4531; x_wconf 79' lang='lat' dir='ltr'><strong>coacta</strong></span> <span class='ocrx_word' id='word_1_310' title='bbox 1046 4471 1261 4547; x_wconf 80' lang='lat' dir='ltr'><strong>uniformitate,</strong></span> <span class='ocrx_word' id='word_1_311' title='bbox 1290 4467 1341 4529; x_wconf 87' lang='lat' dir='ltr'><strong>sod</strong></span> 
     </span>
     <span class='ocr_line' id='line_1_39' title="bbox 258 4567 1342 4656; baseline -0.009 -18"><span class='ocrx_word' id='word_1_312' title='bbox 258 4583 429 4656; x_wconf 77' lang='lat' dir='ltr'><strong>spontarua</strong></span> <span class='ocrx_word' id='word_1_313' title='bbox 451 4573 656 4633; x_wconf 87' lang='lat' dir='ltr'><strong>intellectuum</strong></span> <span class='ocrx_word' id='word_1_314' title='bbox 671 4573 866 4633; x_wconf 78' lang='lat' dir='ltr'><strong>consensione</strong></span> <span class='ocrx_word' id='word_1_315' title='bbox 879 4577 909 4631; x_wconf 86' lang='lat' dir='ltr'><strong>et</strong></span> <span class='ocrx_word' id='word_1_316' title='bbox 923 4573 1110 4632; x_wconf 77' lang='lat' dir='ltr'><strong>voluntatum</strong></span> <span class='ocrx_word' id='word_1_317' title='bbox 1125 4567 1342 4650; x_wconf 82' lang='lat' dir='ltr'><strong>conspiratione</strong></span> 
     </span>
     <span class='ocr_line' id='line_1_40' title="bbox 259 4673 1365 4755; baseline -0.004 -19"><span class='ocrx_word' id='word_1_318' title='bbox 259 4677 409 4755; x_wconf 89' lang='lat' dir='ltr'><strong>gignitur.</strong></span> <span class='ocrx_word' id='word_1_319' title='bbox 424 4678 513 4752; x_wconf 75' lang='lat' dir='ltr'><strong>Ergo,</strong></span> <span class='ocrx_word' id='word_1_320' title='bbox 530 4679 586 4735; x_wconf 88' lang='lat' dir='ltr'><strong>eto.</strong></span> <span class='ocrx_word' id='word_1_321' title='bbox 1363 4673 1365 4678; x_wconf 81' lang='grc'>’</span> 
     </span>
    </p>

    <p class='ocr_par' dir='ltr' id='par_1_8' title="bbox 300 4767 1343 4854">
     <span class='ocr_line' id='line_1_41' title="bbox 300 4767 1343 4854; baseline -0.012 -15"><span class='ocrx_word' id='word_1_322' title='bbox 300 4779 374 4841; x_wconf 79' lang='grc'>876.</span> <span class='ocrx_word' id='word_1_323' title='bbox 390 4775 523 4838; x_wconf 78' lang='lat' dir='ltr'><strong>conon.</strong></span> <span class='ocrx_word' id='word_1_324' title='bbox 543 4777 572 4834; x_wconf 87' lang='grc' dir='ltr'>ι.</span> <span class='ocrx_word' id='word_1_325' title='bbox 586 4803 625 4818; x_wconf 89' lang='grc'>-</span> <span class='ocrx_word' id='word_1_326' title='bbox 635 4776 694 4836; x_wconf 82' lang='lat' dir='ltr'><strong>Lex</strong></span> <span class='ocrx_word' id='word_1_327' title='bbox 707 4773 816 4849; x_wconf 83' lang='lat' dir='ltr'><strong>civilis,</strong></span> <span class='ocrx_word' id='word_1_328' title='bbox 830 4789 898 4854; x_wconf 80' lang='lat' dir='ltr'><strong>quo</strong></span> <span class='ocrx_word' id='word_1_329' title='bbox 911 4775 1057 4836; x_wconf 85' lang='lat' dir='ltr'><strong>unitatem</strong></span> <span class='ocrx_word' id='word_1_330' title='bbox 1071 4772 1242 4850; x_wconf 84' lang='lat' dir='ltr'><strong>religiosam</strong></span> <span class='ocrx_word' id='word_1_331' title='bbox 1255 4767 1343 4830; x_wconf 88' lang='lat' dir='ltr'><strong>sooiis</strong></span> 
     </span>
    </p>
   </div>
   <div class='ocr_carea' id='block_1_5' title="bbox 0 0 1806 5675">
    <p class='ocr_par' dir='ltr' id='par_1_9' title="bbox 0 0 1806 5675">
     <span class='ocr_line' id='line_1_42' title="bbox 0 0 1806 5675; baseline 0 0"><span class='ocrx_word' id='word_1_332' title='bbox 0 0 1806 5675; x_wconf 95' lang='lat' dir='ltr'><strong> </strong></span> 
     </span>
    </p>
   </div>
  </div>
 </body>
</html>
