<?xml version="1.0" encoding="UTF-8"?>
<!DOCTYPE html PUBLIC "-//W3C//DTD XHTML 1.0 Transitional//EN"
    "http://www.w3.org/TR/xhtml1/DTD/xhtml1-transitional.dtd">
<html xmlns="http://www.w3.org/1999/xhtml" xml:lang="en" lang="en">
 <head>
  <title>
</title>
<meta http-equiv="Content-Type" content="text/html;charset=utf-8" />
  <meta name='ocr-system' content='tesseract 3.04.00' />
  <meta name='ocr-capabilities' content='ocr_page ocr_carea ocr_par ocr_line ocrx_word'/>
</head>
<body>
  <div class='ocr_page' id='page_1' title='image "./jurisnaturalisu00bensgoog_0065.png"; bbox 0 0 3559 5675; ppageno 0'>
   <div class='ocr_carea' id='block_1_1' title="bbox 585 716 1341 786">
    <p class='ocr_par' dir='ltr' id='par_1_1' title="bbox 585 716 1341 786">
     <span class='ocr_line' id='line_1_1' title="bbox 585 716 1341 786; baseline 0.005 -8"><span class='ocrx_word' id='word_1_1' title='bbox 585 730 694 781; x_wconf 76' lang='lat' dir='ltr'><strong>suasa.</strong></span> <span class='ocrx_word' id='word_1_2' title='bbox 717 750 757 771; x_wconf 69' lang='grc' dir='ltr'><strong>ι-</strong></span> <span class='ocrx_word' id='word_1_3' title='bbox 779 723 863 784; x_wconf 78' lang='lat' dir='ltr'><strong>arum</strong></span> <span class='ocrx_word' id='word_1_4' title='bbox 883 732 1030 786; x_wconf 76' lang='lat' dir='ltr'><strong>strumus.</strong></span> <span class='ocrx_word' id='word_1_5' title='bbox 1301 716 1341 783; x_wconf 80' lang='lat' dir='ltr'><strong>ot</strong></span> 
     </span>
    </p>
   </div>
   <div class='ocr_carea' id='block_1_2' title="bbox 249 826 1344 1214">
    <p class='ocr_par' dir='ltr' id='par_1_2' title="bbox 249 826 1342 1020">
     <span class='ocr_line' id='line_1_2' title="bbox 249 826 1342 920; baseline 0.008 -26"><span class='ocrx_word' id='word_1_6' title='bbox 249 837 331 895; x_wconf 87' lang='lat' dir='ltr'><strong>rires</strong></span> <span class='ocrx_word' id='word_1_7' title='bbox 351 843 505 912; x_wconf 75' lang='lat' dir='ltr'><strong>exerceat,</strong></span> <span class='ocrx_word' id='word_1_8' title='bbox 522 826 709 917; x_wconf 73' lang='lat' dir='ltr'><strong>inpraesenti</strong></span> <span class='ocrx_word' id='word_1_9' title='bbox 732 841 793 906; x_wconf 83' lang='lat' dir='ltr'><strong>vita</strong></span> <span class='ocrx_word' id='word_1_10' title='bbox 812 840 952 918; x_wconf 73' lang='lat' dir='ltr'><strong>indigeat.</strong></span> <span class='ocrx_word' id='word_1_11' title='bbox 971 842 1050 917; x_wconf 76' lang='lat' dir='ltr'><strong>lingo</strong></span> <span class='ocrx_word' id='word_1_12' title='bbox 1070 845 1151 903; x_wconf 86' lang='lat' dir='ltr'><strong>totus</strong></span> <span class='ocrx_word' id='word_1_13' title='bbox 1165 840 1229 920; x_wconf 86' lang='lat' dir='ltr'><strong>ipse</strong></span> <span class='ocrx_word' id='word_1_14' title='bbox 1251 839 1342 909; x_wconf 85' lang='lat' dir='ltr'><strong>bomo</strong></span> 
     </span>
     <span class='ocr_line' id='line_1_3' title="bbox 249 937 950 1020; baseline 0.006 -23"><span class='ocrx_word' id='word_1_15' title='bbox 249 937 287 997; x_wconf 85' lang='lat' dir='ltr'><strong>arl</strong></span> <span class='ocrx_word' id='word_1_16' title='bbox 304 937 504 1015; x_wconf 82' lang='lat' dir='ltr'><strong>spiritualem</strong></span> <span class='ocrx_word' id='word_1_17' title='bbox 515 938 654 1001; x_wconf 83' lang='lat' dir='ltr'><strong>ordinem</strong></span> <span class='ocrx_word' id='word_1_18' title='bbox 667 942 798 1003; x_wconf 88' lang='lat' dir='ltr'><strong>maxime</strong></span> <span class='ocrx_word' id='word_1_19' title='bbox 810 943 950 1020; x_wconf 76' lang='lat' dir='ltr'><strong>pertinet.</strong></span> 
     </span>
    </p>

    <p class='ocr_par' dir='ltr' id='par_1_3' title="bbox 249 1030 1344 1214">
     <span class='ocr_line' id='line_1_4' title="bbox 290 1030 1342 1119; baseline 0.002 -20"><span class='ocrx_word' id='word_1_20' title='bbox 290 1038 326 1099; x_wconf 81' lang='lat'><strong>3·</strong></span> <span class='ocrx_word' id='word_1_21' title='bbox 338 1030 552 1099; x_wconf 78' lang='lat' dir='ltr'><strong>Esseuttaliter</strong></span> <span class='ocrx_word' id='word_1_22' title='bbox 566 1040 657 1102; x_wconf 88' lang='lat' dir='ltr'><strong>bomo</strong></span> <span class='ocrx_word' id='word_1_23' title='bbox 671 1048 769 1101; x_wconf 87' lang='lat' dir='ltr'><strong>totum</strong></span> <span class='ocrx_word' id='word_1_24' title='bbox 788 1059 880 1103; x_wconf 88' lang='lat' dir='ltr'><strong>suum</strong></span> <span class='ocrx_word' id='word_1_25' title='bbox 895 1058 960 1103; x_wconf 86' lang='lat' dir='ltr'><strong>ease</strong></span> <span class='ocrx_word' id='word_1_26' title='bbox 975 1046 1127 1119; x_wconf 89' lang='lat' dir='ltr'><strong>totamque</strong></span> <span class='ocrx_word' id='word_1_27' title='bbox 1144 1056 1234 1101; x_wconf 82' lang='lat' dir='ltr'><strong>suam</strong></span> <span class='ocrx_word' id='word_1_28' title='bbox 1249 1041 1342 1103; x_wconf 83' lang='lat' dir='ltr'><strong>ritant</strong></span> 
     </span>
     <span class='ocr_line' id='line_1_5' title="bbox 249 1137 1344 1214; baseline 0.01 -21"><span class='ocrx_word' id='word_1_29' title='bbox 249 1137 342 1197; x_wconf 66' lang='lat' dir='ltr'><strong>«tebet</strong></span> <span class='ocrx_word' id='word_1_30' title='bbox 357 1138 483 1198; x_wconf 79' lang='lat' dir='ltr'><strong>aeternis</strong></span> <span class='ocrx_word' id='word_1_31' title='bbox 497 1139 618 1214; x_wconf 81' lang='lat' dir='ltr'><strong>legibus</strong></span> <span class='ocrx_word' id='word_1_32' title='bbox 634 1139 799 1201; x_wconf 75' lang='lat' dir='ltr'><strong>honestatis</strong></span> <span class='ocrx_word' id='word_1_33' title='bbox 818 1141 1016 1211; x_wconf 82' lang='lat' dir='ltr'><strong>conformare,</strong></span> <span class='ocrx_word' id='word_1_34' title='bbox 1032 1145 1060 1201; x_wconf 89' lang='lat' dir='ltr'><strong>et</strong></span> <span class='ocrx_word' id='word_1_35' title='bbox 1073 1140 1244 1203; x_wconf 82' lang='lat' dir='ltr'><strong>felicitatem</strong></span> <span class='ocrx_word' id='word_1_36' title='bbox 1258 1158 1344 1204; x_wconf 86' lang='lat' dir='ltr'><strong>suam</strong></span> 
     </span>
    </p>
   </div>
   <div class='ocr_carea' id='block_1_3' title="bbox 250 1238 1344 1411">
    <p class='ocr_par' dir='ltr' id='par_1_4' title="bbox 250 1238 1344 1411">
     <span class='ocr_line' id='line_1_6' title="bbox 250 1238 1344 1318; baseline 0.004 -21"><span class='ocrx_word' id='word_1_37' title='bbox 250 1256 305 1317; x_wconf 91' lang='lat' dir='ltr'><strong>per</strong></span> <span class='ocrx_word' id='word_1_38' title='bbox 319 1238 398 1297; x_wconf 89' lang='lat' dir='ltr'><strong>Boni</strong></span> <span class='ocrx_word' id='word_1_39' title='bbox 415 1238 530 1298; x_wconf 82' lang='lat' dir='ltr'><strong>introiti</strong></span> <span class='ocrx_word' id='word_1_40' title='bbox 551 1243 792 1301; x_wconf 72' lang='lat' dir='ltr'><strong>consecutionem</strong></span> <span class='ocrx_word' id='word_1_41' title='bbox 812 1242 871 1301; x_wconf 88' lang='lat' dir='ltr'><strong>sibi</strong></span> <span class='ocrx_word' id='word_1_42' title='bbox 891 1240 1056 1318; x_wconf 75' lang='lat' dir='ltr'><strong>inquirere.</strong></span> <span class='ocrx_word' id='word_1_43' title='bbox 1070 1244 1148 1317; x_wconf 78' lang='lat' dir='ltr'><strong>Ergo</strong></span> <span class='ocrx_word' id='word_1_44' title='bbox 1170 1246 1268 1301; x_wconf 89' lang='lat' dir='ltr'><strong>totum</strong></span> <span class='ocrx_word' id='word_1_45' title='bbox 1288 1242 1344 1301; x_wconf 82' lang='lat' dir='ltr'><strong>bu·</strong></span> 
     </span>
     <span class='ocr_line' id='line_1_7' title="bbox 252 1332 1250 1411; baseline 0.004 -22"><span class='ocrx_word' id='word_1_46' title='bbox 252 1348 385 1391; x_wconf 85' lang='lat' dir='ltr'><strong>manum</strong></span> <span class='ocrx_word' id='word_1_47' title='bbox 398 1348 462 1390; x_wconf 81' lang='lat' dir='ltr'><strong>esre</strong></span> <span class='ocrx_word' id='word_1_48' title='bbox 476 1348 511 1391; x_wconf 88' lang='lat' dir='ltr'><strong>ae</strong></span> <span class='ocrx_word' id='word_1_49' title='bbox 525 1334 587 1393; x_wconf 87' lang='lat' dir='ltr'><strong>rita</strong></span> <span class='ocrx_word' id='word_1_50' title='bbox 599 1332 737 1395; x_wconf 89' lang='lat' dir='ltr'><strong>humana</strong></span> <span class='ocrx_word' id='word_1_51' title='bbox 747 1333 785 1395; x_wconf 90' lang='lat' dir='ltr'><strong>ad</strong></span> <span class='ocrx_word' id='word_1_52' title='bbox 796 1333 933 1395; x_wconf 87' lang='lat' dir='ltr'><strong>ordinem</strong></span> <span class='ocrx_word' id='word_1_53' title='bbox 946 1334 1091 1395; x_wconf 86' lang='lat' dir='ltr'><strong>moralem</strong></span> <span class='ocrx_word' id='word_1_54' title='bbox 1106 1340 1250 1411; x_wconf 84' lang='lat' dir='ltr'><strong>spectant.</strong></span> 
     </span>
    </p>
   </div>
   <div class='ocr_carea' id='block_1_4' title="bbox 251 1430 1346 3898">
    <p class='ocr_par' dir='ltr' id='par_1_5' title="bbox 251 1430 1346 3606">
     <span class='ocr_line' id='line_1_8' title="bbox 290 1430 1346 1517; baseline 0.01 -30"><span class='ocrx_word' id='word_1_55' title='bbox 290 1431 438 1490; x_wconf 80' lang='lat' dir='ltr'><strong>tamrero</strong></span> <span class='ocrx_word' id='word_1_56' title='bbox 448 1430 521 1491; x_wconf 87' lang='lat' dir='ltr'><strong>finis</strong></span> <span class='ocrx_word' id='word_1_57' title='bbox 531 1432 568 1492; x_wconf 92' lang='lat' dir='ltr'><strong>ab</strong></span> <span class='ocrx_word' id='word_1_58' title='bbox 577 1433 753 1511; x_wconf 74' lang='lat' dir='ltr'><strong>objecturus</strong></span> <span class='ocrx_word' id='word_1_59' title='bbox 763 1434 884 1511; x_wconf 88' lang='lat' dir='ltr'><strong>proprio</strong></span> <span class='ocrx_word' id='word_1_60' title='bbox 896 1433 1095 1511; x_wconf 81' lang='lat' dir='ltr'><strong>specificatur:</strong></span> <span class='ocrx_word' id='word_1_61' title='bbox 1112 1434 1288 1517; x_wconf 79' lang='lat' dir='ltr'><strong>irnisautem</strong></span> <span class='ocrx_word' id='word_1_62' title='bbox 1298 1452 1346 1498; x_wconf 86' lang='lat' dir='ltr'><strong>so-</strong></span> 
     </span>
     <span class='ocr_line' id='line_1_9' title="bbox 251 1529 1341 1613; baseline 0.007 -26"><span class='ocrx_word' id='word_1_63' title='bbox 251 1529 373 1590; x_wconf 79' lang='lat' dir='ltr'><strong>cietatis</strong></span> <span class='ocrx_word' id='word_1_64' title='bbox 386 1531 458 1608; x_wconf 87' lang='lat' dir='ltr'><strong>conj</strong></span> <span class='ocrx_word' id='word_1_65' title='bbox 463 1531 562 1607; x_wconf 82' lang='lat' dir='ltr'><strong>agalia</strong></span> <span class='ocrx_word' id='word_1_66' title='bbox 576 1538 622 1597; x_wconf 84' lang='lat' dir='ltr'><strong>est</strong></span> <span class='ocrx_word' id='word_1_67' title='bbox 633 1532 766 1593; x_wconf 88' lang='lat' dir='ltr'><strong>bominis</strong></span> <span class='ocrx_word' id='word_1_68' title='bbox 778 1533 953 1613; x_wconf 80' lang='lat' dir='ltr'><strong>procreatio,</strong></span> <span class='ocrx_word' id='word_1_69' title='bbox 971 1532 1116 1599; x_wconf 88' lang='lat' dir='ltr'><strong>nimirum</strong></span> <span class='ocrx_word' id='word_1_70' title='bbox 1134 1532 1237 1607; x_wconf 90' lang='lat' dir='ltr'><strong>homo,</strong></span> <span class='ocrx_word' id='word_1_71' title='bbox 1251 1550 1341 1611; x_wconf 89' lang='lat' dir='ltr'><strong>quem</strong></span> 
     </span>
     <span class='ocr_line' id='line_1_10' title="bbox 253 1627 1346 1711; baseline 0.005 -24"><span class='ocrx_word' id='word_1_72' title='bbox 253 1627 391 1689; x_wconf 82' lang='lat' dir='ltr'><strong>uidimus</strong></span> <span class='ocrx_word' id='word_1_73' title='bbox 407 1646 477 1689; x_wconf 81' lang='lat' dir='ltr'><strong>ease</strong></span> <span class='ocrx_word' id='word_1_74' title='bbox 490 1637 546 1691; x_wconf 86' lang='lat' dir='ltr'><strong>eus</strong></span> <span class='ocrx_word' id='word_1_75' title='bbox 559 1646 677 1691; x_wconf 87' lang='lat' dir='ltr'><strong>sacrum</strong></span> <span class='ocrx_word' id='word_1_76' title='bbox 687 1636 777 1709; x_wconf 89' lang='lat' dir='ltr'><strong>atque</strong></span> <span class='ocrx_word' id='word_1_77' title='bbox 788 1631 902 1693; x_wconf 87' lang='lat' dir='ltr'><strong>ordinis</strong></span> <span class='ocrx_word' id='word_1_78' title='bbox 911 1630 1077 1711; x_wconf 85' lang='lat' dir='ltr'><strong>spiritualis</strong></span> <span class='ocrx_word' id='word_1_79' title='bbox 1088 1637 1116 1691; x_wconf 87' lang='lat' dir='ltr'><strong>et</strong></span> <span class='ocrx_word' id='word_1_80' title='bbox 1128 1632 1258 1699; x_wconf 72' lang='lat' dir='ltr'><strong>moralis,</strong></span> <span class='ocrx_word' id='word_1_81' title='bbox 1269 1633 1346 1707; x_wconf 77' lang='lat' dir='ltr'><strong>Ergo</strong></span> 
     </span>
     <span class='ocr_line' id='line_1_11' title="bbox 255 1718 1343 1815; baseline 0.006 -30"><span class='ocrx_word' id='word_1_82' title='bbox 255 1726 326 1787; x_wconf 77' lang='lat' dir='ltr'><strong>sinis</strong></span> <span class='ocrx_word' id='word_1_83' title='bbox 351 1728 505 1789; x_wconf 87' lang='lat' dir='ltr'><strong>societatis</strong></span> <span class='ocrx_word' id='word_1_84' title='bbox 527 1730 695 1809; x_wconf 79' lang='lat' dir='ltr'><strong>conjugalis</strong></span> <span class='ocrx_word' id='word_1_85' title='bbox 715 1736 761 1791; x_wconf 90' lang='lat' dir='ltr'><strong>est</strong></span> <span class='ocrx_word' id='word_1_86' title='bbox 780 1718 862 1795; x_wconf 79' lang='lat' dir='ltr'><strong>sacer</strong></span> <span class='ocrx_word' id='word_1_87' title='bbox 881 1737 972 1809; x_wconf 88' lang='lat' dir='ltr'><strong>atquc</strong></span> <span class='ocrx_word' id='word_1_88' title='bbox 992 1730 1107 1793; x_wconf 85' lang='lat' dir='ltr'><strong>ordinis</strong></span> <span class='ocrx_word' id='word_1_89' title='bbox 1126 1720 1294 1815; x_wconf 76' lang='lat' dir='ltr'><strong>spiritualis</strong></span> <span class='ocrx_word' id='word_1_90' title='bbox 1316 1733 1343 1792; x_wconf 91' lang='lat' dir='ltr'><strong>et</strong></span> 
     </span>
     <span class='ocr_line' id='line_1_12' title="bbox 257 1828 1097 1911; baseline 0 -24"><span class='ocrx_word' id='word_1_91' title='bbox 257 1828 396 1899; x_wconf 73' lang='lat' dir='ltr'><strong>moralis,</strong></span> <span class='ocrx_word' id='word_1_92' title='bbox 697 1831 699 1834; x_wconf 82' lang='grc'><strong>’</strong></span> <span class='ocrx_word' id='word_1_93' title='bbox 772 1878 781 1886; x_wconf 91' lang='grc'><strong>.</strong></span> <span class='ocrx_word' id='word_1_94' title='bbox 1093 1904 1097 1911; x_wconf 13' lang='grc' dir='ltr'><strong><em>ἢ</em></strong></span> 
     </span>
     <span class='ocr_line' id='line_1_13' title="bbox 299 1914 1344 2011; baseline 0.004 -24"><span class='ocrx_word' id='word_1_95' title='bbox 299 1928 371 1987; x_wconf 79' lang='lat' dir='ltr'><strong>tto.</strong></span> <span class='ocrx_word' id='word_1_96' title='bbox 394 1924 741 2003; x_wconf 76' lang='lat' dir='ltr'><strong>conum-Quamvis</strong></span> <span class='ocrx_word' id='word_1_97' title='bbox 752 1930 864 1992; x_wconf 89' lang='lat' dir='ltr'><strong>modus</strong></span> <span class='ocrx_word' id='word_1_98' title='bbox 883 1914 1098 2011; x_wconf 82' lang='lat' dir='ltr'><strong>procreationis</strong></span> <span class='ocrx_word' id='word_1_99' title='bbox 1116 1930 1155 1991; x_wconf 88' lang='lat' dir='ltr'><strong>sit</strong></span> <span class='ocrx_word' id='word_1_100' title='bbox 1172 1931 1296 1995; x_wconf 89' lang='lat' dir='ltr'><strong>omuino</strong></span> <span class='ocrx_word' id='word_1_101' title='bbox 1312 1932 1344 1991; x_wconf 89' lang='lat' dir='ltr'><strong>iu</strong></span> 
     </span>
     <span class='ocr_line' id='line_1_14' title="bbox 261 2027 1345 2113; baseline 0.006 -28"><span class='ocrx_word' id='word_1_102' title='bbox 261 2027 366 2093; x_wconf 84' lang='lat' dir='ltr'><strong>ordine</strong></span> <span class='ocrx_word' id='word_1_103' title='bbox 378 2030 631 2107; x_wconf 63' lang='lat' dir='ltr'><strong>materiamque</strong></span> <span class='ocrx_word' id='word_1_104' title='bbox 644 2033 766 2095; x_wconf 90' lang='lat' dir='ltr'><strong>nonnisi</strong></span> <span class='ocrx_word' id='word_1_105' title='bbox 786 2049 840 2113; x_wconf 92' lang='lat' dir='ltr'><strong>per</strong></span> <span class='ocrx_word' id='word_1_106' title='bbox 854 2033 986 2093; x_wconf 89' lang='lat' dir='ltr'><strong>actiones</strong></span> <span class='ocrx_word' id='word_1_107' title='bbox 1008 2031 1177 2097; x_wconf 83' lang='lat' dir='ltr'><strong>materiales</strong></span> <span class='ocrx_word' id='word_1_108' title='bbox 1197 2038 1226 2091; x_wconf 93' lang='lat' dir='ltr'><strong>et</strong></span> <span class='ocrx_word' id='word_1_109' title='bbox 1246 2031 1345 2111; x_wconf 81' lang='lat' dir='ltr'><strong>media</strong></span> 
     </span>
     <span class='ocr_line' id='line_1_15' title="bbox 262 2128 1343 2212; baseline 0.005 -27"><span class='ocrx_word' id='word_1_110' title='bbox 262 2128 431 2189; x_wconf 84' lang='lat' dir='ltr'><strong>amterialia</strong></span> <span class='ocrx_word' id='word_1_111' title='bbox 451 2130 615 2203; x_wconf 87' lang='lat' dir='ltr'><strong>obtinetur,</strong></span> <span class='ocrx_word' id='word_1_112' title='bbox 629 2132 694 2212; x_wconf 88' lang='lat' dir='ltr'><strong>ipsa</strong></span> <span class='ocrx_word' id='word_1_113' title='bbox 714 2138 815 2202; x_wconf 83' lang='lat' dir='ltr'><strong>tamen</strong></span> <span class='ocrx_word' id='word_1_114' title='bbox 830 2130 964 2195; x_wconf 85' lang='lat' dir='ltr'><strong>hominis</strong></span> <span class='ocrx_word' id='word_1_115' title='bbox 984 2133 1147 2211; x_wconf 77' lang='lat' dir='ltr'><strong>procreatio</strong></span> <span class='ocrx_word' id='word_1_116' title='bbox 1170 2132 1282 2193; x_wconf 91' lang='lat' dir='ltr'><strong>ratione</strong></span> <span class='ocrx_word' id='word_1_117' title='bbox 1296 2132 1343 2192; x_wconf 91' lang='lat' dir='ltr'><strong>sui</strong></span> 
     </span>
     <span class='ocr_line' id='line_1_16' title="bbox 265 2218 1340 2311; baseline 0.005 -25"><span class='ocrx_word' id='word_1_118' title='bbox 265 2227 377 2304; x_wconf 78' lang='lat' dir='ltr'><strong>objecti,</strong></span> <span class='ocrx_word' id='word_1_119' title='bbox 394 2228 478 2307; x_wconf 89' lang='lat' dir='ltr'><strong>quod</strong></span> <span class='ocrx_word' id='word_1_120' title='bbox 493 2237 539 2291; x_wconf 89' lang='lat' dir='ltr'><strong>est</strong></span> <span class='ocrx_word' id='word_1_121' title='bbox 553 2230 656 2306; x_wconf 90' lang='lat' dir='ltr'><strong>homo,</strong></span> <span class='ocrx_word' id='word_1_122' title='bbox 670 2232 708 2293; x_wconf 86' lang='lat' dir='ltr'><strong>ad</strong></span> <span class='ocrx_word' id='word_1_123' title='bbox 722 2218 860 2293; x_wconf 80' lang='lat' dir='ltr'><strong>ordinem</strong></span> <span class='ocrx_word' id='word_1_124' title='bbox 873 2230 1075 2311; x_wconf 88' lang='lat' dir='ltr'><strong>spiritualem,</strong></span> <span class='ocrx_word' id='word_1_125' title='bbox 1088 2231 1224 2293; x_wconf 88' lang='lat' dir='ltr'><strong>moraleu</strong></span> <span class='ocrx_word' id='word_1_126' title='bbox 1244 2236 1274 2291; x_wconf 91' lang='lat' dir='ltr'><strong>et</strong></span> <span class='ocrx_word' id='word_1_127' title='bbox 1290 2246 1340 2291; x_wconf 83' lang='lat' dir='ltr'><strong>ea-</strong></span> 
     </span>
     <span class='ocr_line' id='line_1_17' title="bbox 270 2330 1342 2418; baseline 0.01 -33"><span class='ocrx_word' id='word_1_128' title='bbox 270 2342 352 2386; x_wconf 85' lang='lat' dir='ltr'><strong>erum</strong></span> <span class='ocrx_word' id='word_1_129' title='bbox 362 2331 502 2406; x_wconf 85' lang='lat' dir='ltr'><strong>pertinet.</strong></span> <span class='ocrx_word' id='word_1_130' title='bbox 516 2331 592 2393; x_wconf 91' lang='lat' dir='ltr'><strong>ltine</strong></span> <span class='ocrx_word' id='word_1_131' title='bbox 601 2332 713 2394; x_wconf 86' lang='lat' dir='ltr'><strong>laetum</strong></span> <span class='ocrx_word' id='word_1_132' title='bbox 727 2338 816 2392; x_wconf 90' lang='lat' dir='ltr'><strong>estut</strong></span> <span class='ocrx_word' id='word_1_133' title='bbox 829 2347 935 2418; x_wconf 85' lang='lat' dir='ltr'><strong>omnes</strong></span> <span class='ocrx_word' id='word_1_134' title='bbox 948 2331 1131 2411; x_wconf 82' lang='lat' dir='ltr'><strong>populitum</strong></span> <span class='ocrx_word' id='word_1_135' title='bbox 1144 2330 1261 2407; x_wconf 87' lang='lat' dir='ltr'><strong>antiqui</strong></span> <span class='ocrx_word' id='word_1_136' title='bbox 1277 2336 1342 2396; x_wconf 83' lang='lat' dir='ltr'><strong>tum</strong></span> 
     </span>
     <span class='ocr_line' id='line_1_18' title="bbox 274 2428 1345 2512; baseline 0.002 -25"><span class='ocrx_word' id='word_1_137' title='bbox 274 2429 454 2507; x_wconf 76' lang='lat' dir='ltr'><strong>moratores,</strong></span> <span class='ocrx_word' id='word_1_138' title='bbox 467 2433 521 2507; x_wconf 89' lang='lat' dir='ltr'><strong>qui</strong></span> <span class='ocrx_word' id='word_1_139' title='bbox 537 2431 637 2511; x_wconf 78' lang='lat' dir='ltr'><strong>impia</strong></span> <span class='ocrx_word' id='word_1_140' title='bbox 651 2432 808 2509; x_wconf 87' lang='lat' dir='ltr'><strong>cujusdam</strong></span> <span class='ocrx_word' id='word_1_141' title='bbox 824 2430 1022 2512; x_wconf 77' lang='lat' dir='ltr'><strong>philosophia</strong></span> <span class='ocrx_word' id='word_1_142' title='bbox 1035 2428 1275 2509; x_wconf 86' lang='lat' dir='ltr'><strong>sophismatibus¹</strong></span> <span class='ocrx_word' id='word_1_143' title='bbox 1284 2444 1345 2489; x_wconf 92' lang='lat' dir='ltr'><strong>uon</strong></span> 
     </span>
     <span class='ocr_line' id='line_1_19' title="bbox 268 2526 1343 2611; baseline 0.003 -25"><span class='ocrx_word' id='word_1_144' title='bbox 268 2526 375 2589; x_wconf 76' lang='lat' dir='ltr'><strong>fuerim</strong></span> <span class='ocrx_word' id='word_1_145' title='bbox 385 2530 535 2611; x_wconf 80' lang='lat' dir='ltr'><strong>corrupti,</strong></span> <span class='ocrx_word' id='word_1_146' title='bbox 550 2533 779 2593; x_wconf 89' lang='lat' dir='ltr'><strong>matrimonium</strong></span> <span class='ocrx_word' id='word_1_147' title='bbox 792 2532 849 2593; x_wconf 88' lang='lat' dir='ltr'><strong>sub</strong></span> <span class='ocrx_word' id='word_1_148' title='bbox 864 2530 956 2592; x_wconf 89' lang='lat' dir='ltr'><strong>tutela</strong></span> <span class='ocrx_word' id='word_1_149' title='bbox 969 2546 1046 2592; x_wconf 73' lang='lat' dir='ltr'><strong>versu</strong></span> <span class='ocrx_word' id='word_1_150' title='bbox 1061 2536 1113 2590; x_wconf 87' lang='lat' dir='ltr'><strong>aut</strong></span> <span class='ocrx_word' id='word_1_151' title='bbox 1127 2529 1200 2590; x_wconf 81' lang='lat' dir='ltr'><strong>tiata</strong></span> <span class='ocrx_word' id='word_1_152' title='bbox 1213 2528 1343 2606; x_wconf 88' lang='lat' dir='ltr'><strong>alicujus</strong></span> 
     </span>
     <span class='ocr_line' id='line_1_20' title="bbox 264 2626 1342 2708; baseline 0.003 -23"><span class='ocrx_word' id='word_1_153' title='bbox 264 2626 430 2690; x_wconf 79' lang='lat' dir='ltr'><strong>divinitatis</strong></span> <span class='ocrx_word' id='word_1_154' title='bbox 449 2630 670 2694; x_wconf 84' lang='lat' dir='ltr'><strong>collocaverint.</strong></span> <span class='ocrx_word' id='word_1_155' title='bbox 691 2635 728 2693; x_wconf 80' lang='lat' dir='ltr'><strong>tet</strong></span> <span class='ocrx_word' id='word_1_156' title='bbox 748 2649 830 2703; x_wconf 82' lang='lat' dir='ltr'><strong>vero,</strong></span> <span class='ocrx_word' id='word_1_157' title='bbox 845 2632 994 2695; x_wconf 87' lang='lat' dir='ltr'><strong>societatis</strong></span> <span class='ocrx_word' id='word_1_158' title='bbox 1008 2632 1284 2708; x_wconf 73' lang='lat' dir='ltr'><strong>cuiusquenatura</strong></span> <span class='ocrx_word' id='word_1_159' title='bbox 1304 2628 1342 2689; x_wconf 91' lang='lat' dir='ltr'><strong>ab</strong></span> 
     </span>
     <span class='ocr_line' id='line_1_21' title="bbox 263 2729 1344 2810; baseline 0.003 -24"><span class='ocrx_word' id='word_1_160' title='bbox 263 2729 329 2805; x_wconf 82' lang='lat' dir='ltr'><strong>ejus</strong></span> <span class='ocrx_word' id='word_1_161' title='bbox 342 2730 405 2789; x_wconf 87' lang='lat' dir='ltr'><strong>tine</strong></span> <span class='ocrx_word' id='word_1_162' title='bbox 417 2732 551 2810; x_wconf 92' lang='lat' dir='ltr'><strong>proprio,</strong></span> <span class='ocrx_word' id='word_1_163' title='bbox 563 2737 593 2793; x_wconf 89' lang='lat' dir='ltr'><strong>et</strong></span> <span class='ocrx_word' id='word_1_164' title='bbox 605 2731 643 2793; x_wconf 88' lang='lat' dir='ltr'><strong>ab</strong></span> <span class='ocrx_word' id='word_1_165' title='bbox 656 2733 804 2793; x_wconf 87' lang='lat' dir='ltr'><strong>societatis</strong></span> <span class='ocrx_word' id='word_1_166' title='bbox 820 2734 969 2809; x_wconf 76' lang='lat' dir='ltr'><strong>cuiusque</strong></span> <span class='ocrx_word' id='word_1_167' title='bbox 981 2736 1088 2792; x_wconf 89' lang='lat' dir='ltr'><strong>natura</strong></span> <span class='ocrx_word' id='word_1_168' title='bbox 1110 2730 1246 2809; x_wconf 87' lang='lat' dir='ltr'><strong>ejusdem</strong></span> <span class='ocrx_word' id='word_1_169' title='bbox 1263 2729 1344 2805; x_wconf 74' lang='lat' dir='ltr'><strong>leges</strong></span> 
     </span>
     <span class='ocr_line' id='line_1_22' title="bbox 262 2828 1344 2912; baseline 0.001 -23"><span class='ocrx_word' id='word_1_170' title='bbox 262 2828 517 2892; x_wconf 89' lang='lat' dir='ltr'><strong>determinantur.</strong></span> <span class='ocrx_word' id='word_1_171' title='bbox 540 2832 784 2911; x_wconf 75' lang='lat' dir='ltr'><strong>Ergo,quoniam</strong></span> <span class='ocrx_word' id='word_1_172' title='bbox 801 2832 985 2896; x_wconf 85' lang='lat' dir='ltr'><strong>matrimonii</strong></span> <span class='ocrx_word' id='word_1_173' title='bbox 1010 2831 1080 2892; x_wconf 82' lang='lat' dir='ltr'><strong>finis</strong></span> <span class='ocrx_word' id='word_1_174' title='bbox 1104 2839 1147 2894; x_wconf 86' lang='lat' dir='ltr'><strong>est</strong></span> <span class='ocrx_word' id='word_1_175' title='bbox 1168 2830 1344 2912; x_wconf 85' lang='lat' dir='ltr'><strong>spiritualis,</strong></span> 
     </span>
     <span class='ocr_line' id='line_1_23' title="bbox 262 2915 1345 3008; baseline 0.001 -20"><span class='ocrx_word' id='word_1_176' title='bbox 262 2930 387 2990; x_wconf 85' lang='lat' dir='ltr'><strong>moralis</strong></span> <span class='ocrx_word' id='word_1_177' title='bbox 397 2937 429 2990; x_wconf 89' lang='lat' dir='ltr'><strong>et</strong></span> <span class='ocrx_word' id='word_1_178' title='bbox 443 2915 538 3006; x_wconf 83' lang='lat' dir='ltr'><strong>sacer,</strong></span> <span class='ocrx_word' id='word_1_179' title='bbox 554 2933 646 2992; x_wconf 90' lang='lat' dir='ltr'><strong>etiam</strong></span> <span class='ocrx_word' id='word_1_180' title='bbox 661 2933 888 2994; x_wconf 85' lang='lat' dir='ltr'><strong>matrimonium</strong></span> <span class='ocrx_word' id='word_1_181' title='bbox 905 2937 950 2994; x_wconf 90' lang='lat' dir='ltr'><strong>est</strong></span> <span class='ocrx_word' id='word_1_182' title='bbox 962 2935 1087 2994; x_wconf 88' lang='lat' dir='ltr'><strong>societas</strong></span> <span class='ocrx_word' id='word_1_183' title='bbox 1105 2928 1270 3008; x_wconf 84' lang='lat' dir='ltr'><strong>spiritualia</strong></span> <span class='ocrx_word' id='word_1_184' title='bbox 1282 2945 1345 2989; x_wconf 90' lang='lat' dir='ltr'><strong>mo-</strong></span> 
     </span>
     <span class='ocr_line' id='line_1_24' title="bbox 261 3028 1345 3112; baseline -0.001 -25"><span class='ocrx_word' id='word_1_185' title='bbox 261 3029 335 3088; x_wconf 86' lang='lat' dir='ltr'><strong>ralis</strong></span> <span class='ocrx_word' id='word_1_186' title='bbox 350 3037 382 3089; x_wconf 83' lang='lat' dir='ltr'><strong>et</strong></span> <span class='ocrx_word' id='word_1_187' title='bbox 398 3047 484 3090; x_wconf 84' lang='lat' dir='ltr'><strong>saera</strong></span> <span class='ocrx_word' id='word_1_188' title='bbox 493 3054 501 3105; x_wconf 91' lang='lat'>;</span> <span class='ocrx_word' id='word_1_189' title='bbox 514 3038 544 3091; x_wconf 91' lang='lat' dir='ltr'><strong>et</strong></span> <span class='ocrx_word' id='word_1_190' title='bbox 555 3031 713 3112; x_wconf 82' lang='lat' dir='ltr'><strong>praecipuae</strong></span> <span class='ocrx_word' id='word_1_191' title='bbox 732 3031 916 3106; x_wconf 86' lang='lat' dir='ltr'><strong>matrimonii</strong></span> <span class='ocrx_word' id='word_1_192' title='bbox 931 3031 1024 3106; x_wconf 85' lang='lat' dir='ltr'><strong>leqes,</strong></span> <span class='ocrx_word' id='word_1_193' title='bbox 1041 3030 1153 3106; x_wconf 86' lang='lat' dir='ltr'><strong>quibua</strong></span> <span class='ocrx_word' id='word_1_194' title='bbox 1175 3028 1259 3086; x_wconf 90' lang='lat' dir='ltr'><strong>illius</strong></span> <span class='ocrx_word' id='word_1_195' title='bbox 1275 3029 1345 3103; x_wconf 88' lang='lat' dir='ltr'><strong>jura</strong></span> 
     </span>
     <span class='ocr_line' id='line_1_25' title="bbox 261 3123 1345 3208; baseline -0.005 -22"><span class='ocrx_word' id='word_1_196' title='bbox 261 3136 290 3186; x_wconf 89' lang='lat' dir='ltr'><strong>et</strong></span> <span class='ocrx_word' id='word_1_197' title='bbox 304 3127 409 3188; x_wconf 78' lang='lat' dir='ltr'><strong>officia</strong></span> <span class='ocrx_word' id='word_1_198' title='bbox 430 3130 669 3205; x_wconf 88' lang='lat' dir='ltr'><strong>continentur,a</strong></span> <span class='ocrx_word' id='word_1_199' title='bbox 689 3130 856 3194; x_wconf 77' lang='lat' dir='ltr'><strong>moralibus</strong></span> <span class='ocrx_word' id='word_1_200' title='bbox 876 3129 1014 3208; x_wconf 88' lang='lat' dir='ltr'><strong>ejusdem</strong></span> <span class='ocrx_word' id='word_1_201' title='bbox 1039 3127 1196 3188; x_wconf 88' lang='lat' dir='ltr'><strong>elementis</strong></span> <span class='ocrx_word' id='word_1_202' title='bbox 1216 3123 1345 3190; x_wconf 83' lang='lat' dir='ltr'><strong>derivari</strong></span> 
     </span>
     <span class='ocr_line' id='line_1_26' title="bbox 261 3224 1344 3306; baseline -0.002 -22"><span class='ocrx_word' id='word_1_203' title='bbox 261 3225 390 3301; x_wconf 86' lang='lat' dir='ltr'><strong>debent,</strong></span> <span class='ocrx_word' id='word_1_204' title='bbox 414 3231 503 3302; x_wconf 88' lang='lat' dir='ltr'><strong>atque</strong></span> <span class='ocrx_word' id='word_1_205' title='bbox 517 3226 552 3286; x_wconf 87' lang='lat' dir='ltr'><strong>ad</strong></span> <span class='ocrx_word' id='word_1_206' title='bbox 572 3229 774 3306; x_wconf 85' lang='lat' dir='ltr'><strong>spiritualem,</strong></span> <span class='ocrx_word' id='word_1_207' title='bbox 790 3227 934 3292; x_wconf 87' lang='lat' dir='ltr'><strong>moralem</strong></span> <span class='ocrx_word' id='word_1_208' title='bbox 952 3233 981 3288; x_wconf 93' lang='lat' dir='ltr'><strong>et</strong></span> <span class='ocrx_word' id='word_1_209' title='bbox 1001 3242 1120 3289; x_wconf 87' lang='lat' dir='ltr'><strong>sacrum</strong></span> <span class='ocrx_word' id='word_1_210' title='bbox 1143 3224 1226 3288; x_wconf 87' lang='lat' dir='ltr'><strong>illius</strong></span> <span class='ocrx_word' id='word_1_211' title='bbox 1241 3225 1344 3298; x_wconf 88' lang='lat' dir='ltr'><strong>tinem,</strong></span> 
     </span>
     <span class='ocr_line' id='line_1_27' title="bbox 260 3323 1344 3405; baseline -0.004 -21"><span class='ocrx_word' id='word_1_212' title='bbox 260 3327 316 3402; x_wconf 92' lang='lat' dir='ltr'><strong>qui</strong></span> <span class='ocrx_word' id='word_1_213' title='bbox 339 3332 386 3386; x_wconf 89' lang='lat' dir='ltr'><strong>est</strong></span> <span class='ocrx_word' id='word_1_214' title='bbox 411 3323 552 3388; x_wconf 89' lang='lat' dir='ltr'><strong>homines</strong></span> <span class='ocrx_word' id='word_1_215' title='bbox 572 3329 624 3387; x_wconf 84' lang='lat' dir='ltr'><strong>bei</strong></span> <span class='ocrx_word' id='word_1_216' title='bbox 645 3329 756 3389; x_wconf 89' lang='lat' dir='ltr'><strong>amicos</strong></span> <span class='ocrx_word' id='word_1_217' title='bbox 776 3333 806 3389; x_wconf 90' lang='lat' dir='ltr'><strong>et</strong></span> <span class='ocrx_word' id='word_1_218' title='bbox 823 3328 916 3405; x_wconf 86' lang='lat' dir='ltr'><strong>lilios,</strong></span> <span class='ocrx_word' id='word_1_219' title='bbox 938 3327 1110 3388; x_wconf 88' lang='lat' dir='ltr'><strong>divinorum</strong></span> <span class='ocrx_word' id='word_1_220' title='bbox 1133 3325 1344 3385; x_wconf 84' lang='lat' dir='ltr'><strong>attributorum</strong></span> 
     </span>
     <span class='ocr_line' id='line_1_28' title="bbox 261 3425 1344 3507; baseline -0.002 -23"><span class='ocrx_word' id='word_1_221' title='bbox 261 3425 463 3486; x_wconf 84' lang='lat' dir='ltr'><strong>admiratores</strong></span> <span class='ocrx_word' id='word_1_222' title='bbox 475 3431 505 3485; x_wconf 92' lang='lat' dir='ltr'><strong>et</strong></span> <span class='ocrx_word' id='word_1_223' title='bbox 523 3425 630 3488; x_wconf 80' lang='lat' dir='ltr'><strong>diviua</strong></span> <span class='ocrx_word' id='word_1_224' title='bbox 644 3429 788 3488; x_wconf 85' lang='lat' dir='ltr'><strong>Bonitatis</strong></span> <span class='ocrx_word' id='word_1_225' title='bbox 809 3429 928 3490; x_wconf 80' lang='lat' dir='ltr'><strong>tuturos</strong></span> <span class='ocrx_word' id='word_1_226' title='bbox 942 3442 1139 3507; x_wconf 85' lang='lat' dir='ltr'><strong>possessores,</strong></span> <span class='ocrx_word' id='word_1_227' title='bbox 1155 3431 1344 3505; x_wconf 89' lang='lat' dir='ltr'><strong>perpetuare,</strong></span> 
     </span>
     <span class='ocr_line' id='line_1_29' title="bbox 262 3511 743 3606; baseline 0.002 -22"><span class='ocrx_word' id='word_1_228' title='bbox 262 3511 352 3586; x_wconf 84' lang='lat' dir='ltr'><strong>debet</strong></span> <span class='ocrx_word' id='word_1_229' title='bbox 366 3527 559 3606; x_wconf 87' lang='lat' dir='ltr'><strong>potissimum</strong></span> <span class='ocrx_word' id='word_1_230' title='bbox 579 3527 743 3590; x_wconf 86' lang='lat' dir='ltr'><strong>intendere.</strong></span> 
     </span>
    </p>

    <p class='ocr_par' dir='ltr' id='par_1_6' title="bbox 264 3625 1346 3898">
     <span class='ocr_line' id='line_1_30' title="bbox 304 3625 1346 3690; baseline -0.003 -6"><span class='ocrx_word' id='word_1_231' title='bbox 304 3625 376 3686; x_wconf 79' lang='lat' dir='ltr'><strong>ott.</strong></span> <span class='ocrx_word' id='word_1_232' title='bbox 403 3629 470 3688; x_wconf 76' lang='lat' dir='ltr'><strong>t‘os.</strong></span> <span class='ocrx_word' id='word_1_233' title='bbox 494 3627 577 3687; x_wconf 76' lang='lat'><strong>390².</strong></span> <span class='ocrx_word' id='word_1_234' title='bbox 594 3661 634 3671; x_wconf 95' lang='lat'>—</span> <span class='ocrx_word' id='word_1_235' title='bbox 658 3629 882 3689; x_wconf 80' lang='lat' dir='ltr'><strong>Matrimonium</strong></span> <span class='ocrx_word' id='word_1_236' title='bbox 908 3635 953 3690; x_wconf 89' lang='lat' dir='ltr'><strong>est</strong></span> <span class='ocrx_word' id='word_1_237' title='bbox 975 3629 1100 3690; x_wconf 88' lang='lat' dir='ltr'><strong>societas</strong></span> <span class='ocrx_word' id='word_1_238' title='bbox 1126 3625 1291 3686; x_wconf 84' lang='lat' dir='ltr'><strong>domestica</strong></span> <span class='ocrx_word' id='word_1_239' title='bbox 1317 3627 1346 3682; x_wconf 91' lang='lat' dir='ltr'><strong>et</strong></span> 
     </span>
     <span class='ocr_line' id='line_1_31' title="bbox 264 3726 1340 3786; baseline 0.003 -2"><span class='ocrx_word' id='word_1_240' title='bbox 264 3726 413 3786; x_wconf 83' lang='lat' dir='ltr'><strong>amicalis.</strong></span> <span class='ocrx_word' id='word_1_241' title='bbox 1338 3767 1340 3776; x_wconf 86' lang='lat'>·</span> 
     </span>
     <span class='ocr_line' id='line_1_32' title="bbox 305 3817 1343 3898; baseline 0.001 -19"><span class='ocrx_word' id='word_1_242' title='bbox 305 3823 401 3881; x_wconf 80' lang='lat' dir='ltr'><strong>Pron.</strong></span> <span class='ocrx_word' id='word_1_243' title='bbox 419 3825 448 3880; x_wconf 88' lang='lat'><strong>1·</strong></span> <span class='ocrx_word' id='word_1_244' title='bbox 461 3835 547 3880; x_wconf 79' lang='lat' dir='ltr'><strong>sans.</strong></span> <span class='ocrx_word' id='word_1_245' title='bbox 564 3855 598 3864; x_wconf 90' lang='lat'>-</span> <span class='ocrx_word' id='word_1_246' title='bbox 616 3821 841 3882; x_wconf 86' lang='lat' dir='ltr'><strong>Matrimonium</strong></span> <span class='ocrx_word' id='word_1_247' title='bbox 853 3829 898 3882; x_wconf 87' lang='lat' dir='ltr'><strong>est</strong></span> <span class='ocrx_word' id='word_1_248' title='bbox 910 3821 1065 3898; x_wconf 72' lang='lat' dir='ltr'><strong>associatio</strong></span> <span class='ocrx_word' id='word_1_249' title='bbox 1083 3817 1181 3897; x_wconf 87' lang='lat' dir='ltr'><strong>quoad</strong></span> <span class='ocrx_word' id='word_1_250' title='bbox 1199 3821 1267 3896; x_wconf 90' lang='lat' dir='ltr'><strong>ejus</strong></span> <span class='ocrx_word' id='word_1_251' title='bbox 1279 3819 1343 3880; x_wconf 85' lang='lat' dir='ltr'><strong>lor·</strong></span> 
     </span>
    </p>
   </div>
   <div class='ocr_carea' id='block_1_5' title="bbox 267 3917 1436 3994">
    <p class='ocr_par' dir='ltr' id='par_1_7' title="bbox 267 3917 1436 3994">
     <span class='ocr_line' id='line_1_33' title="bbox 267 3917 1436 3994; baseline 0.001 -15"><span class='ocrx_word' id='word_1_252' title='bbox 267 3923 434 3994; x_wconf 88' lang='lat' dir='ltr'><strong>mationem</strong></span> <span class='ocrx_word' id='word_1_253' title='bbox 461 3920 573 3994; x_wconf 85' lang='lat' dir='ltr'><strong>libera,</strong></span> <span class='ocrx_word' id='word_1_254' title='bbox 601 3921 652 3982; x_wconf 87' lang='lat' dir='ltr'><strong>sed</strong></span> <span class='ocrx_word' id='word_1_255' title='bbox 676 3921 714 3982; x_wconf 80' lang='lat' dir='ltr'><strong>atl</strong></span> <span class='ocrx_word' id='word_1_256' title='bbox 737 3929 851 3986; x_wconf 89' lang='lat' dir='ltr'><strong>certum</strong></span> <span class='ocrx_word' id='word_1_257' title='bbox 878 3923 969 3982; x_wconf 85' lang='lat' dir='ltr'><strong>finem</strong></span> <span class='ocrx_word' id='word_1_258' title='bbox 997 3917 1172 3980; x_wconf 87' lang='lat' dir='ltr'><strong>naturaliter</strong></span> <span class='ocrx_word' id='word_1_259' title='bbox 1195 3918 1341 3982; x_wconf 88' lang='lat' dir='ltr'><strong>ordinata.</strong></span> <span class='ocrx_word' id='word_1_260' title='bbox 1432 3917 1436 3942; x_wconf 90' lang='lat'>&#39;</span> 
     </span>
    </p>
   </div>
   <div class='ocr_carea' id='block_1_6' title="bbox 265 4017 1347 4604">
    <p class='ocr_par' dir='ltr' id='par_1_8' title="bbox 265 4017 1347 4604">
     <span class='ocr_line' id='line_1_34' title="bbox 265 4017 1344 4098; baseline -0.001 -18"><span class='ocrx_word' id='word_1_261' title='bbox 265 4023 357 4097; x_wconf 73' lang='lat' dir='ltr'><strong>Atqui</strong></span> <span class='ocrx_word' id='word_1_262' title='bbox 391 4021 429 4080; x_wconf 77' lang='lat' dir='ltr'><strong>art</strong></span> <span class='ocrx_word' id='word_1_263' title='bbox 458 4020 541 4080; x_wconf 88' lang='lat' dir='ltr'><strong>hunc</strong></span> <span class='ocrx_word' id='word_1_264' title='bbox 572 4022 662 4082; x_wconf 81' lang='lat' dir='ltr'><strong>finem</strong></span> <span class='ocrx_word' id='word_1_265' title='bbox 688 4022 884 4082; x_wconf 88' lang='lat' dir='ltr'><strong>obtiuemlum</strong></span> <span class='ocrx_word' id='word_1_266' title='bbox 910 4020 1074 4098; x_wconf 86' lang='lat' dir='ltr'><strong>requiritur</strong></span> <span class='ocrx_word' id='word_1_267' title='bbox 1101 4017 1213 4078; x_wconf 87' lang='lat' dir='ltr'><strong>stabilis</strong></span> <span class='ocrx_word' id='word_1_268' title='bbox 1241 4019 1344 4096; x_wconf 86' lang='lat' dir='ltr'><strong>aliqua</strong></span> 
     </span>
     <span class='ocr_line' id='line_1_35' title="bbox 265 4120 1345 4200; baseline 0.001 -20"><span class='ocrx_word' id='word_1_269' title='bbox 265 4125 436 4199; x_wconf 79' lang='lat' dir='ltr'><strong>conjugum</strong></span> <span class='ocrx_word' id='word_1_270' title='bbox 456 4121 648 4183; x_wconf 85' lang='lat' dir='ltr'><strong>cohabitatio.</strong></span> <span class='ocrx_word' id='word_1_271' title='bbox 663 4125 824 4184; x_wconf 89' lang='lat' dir='ltr'><strong>llultorum</strong></span> <span class='ocrx_word' id='word_1_272' title='bbox 843 4140 975 4200; x_wconf 84' lang='lat' dir='ltr'><strong>namque</strong></span> <span class='ocrx_word' id='word_1_273' title='bbox 989 4121 1139 4183; x_wconf 86' lang='lat' dir='ltr'><strong>annorum</strong></span> <span class='ocrx_word' id='word_1_274' title='bbox 1152 4120 1247 4198; x_wconf 88' lang='lat' dir='ltr'><strong>spatia</strong></span> <span class='ocrx_word' id='word_1_275' title='bbox 1259 4137 1345 4181; x_wconf 87' lang='lat' dir='ltr'><strong>eme·</strong></span> 
     </span>
     <span class='ocr_line' id='line_1_36' title="bbox 268 4217 1347 4302; baseline 0.002 -23"><span class='ocrx_word' id='word_1_276' title='bbox 268 4221 369 4280; x_wconf 81' lang='lat' dir='ltr'><strong>tieuda</strong></span> <span class='ocrx_word' id='word_1_277' title='bbox 395 4227 487 4295; x_wconf 88' lang='lat' dir='ltr'><strong>sunt,</strong></span> <span class='ocrx_word' id='word_1_278' title='bbox 519 4229 681 4300; x_wconf 87' lang='lat' dir='ltr'><strong>autequam</strong></span> <span class='ocrx_word' id='word_1_279' title='bbox 704 4241 779 4302; x_wconf 89' lang='lat' dir='ltr'><strong>puer</strong></span> <span class='ocrx_word' id='word_1_280' title='bbox 806 4223 842 4284; x_wconf 86' lang='lat' dir='ltr'><strong>ad</strong></span> <span class='ocrx_word' id='word_1_281' title='bbox 871 4241 938 4284; x_wconf 86' lang='lat' dir='ltr'><strong>eam</strong></span> <span class='ocrx_word' id='word_1_282' title='bbox 965 4227 1081 4282; x_wconf 76' lang='lat' dir='ltr'><strong>atatem</strong></span> <span class='ocrx_word' id='word_1_283' title='bbox 1109 4217 1258 4298; x_wconf 85' lang='lat' dir='ltr'><strong>perveniat</strong></span> <span class='ocrx_word' id='word_1_284' title='bbox 1285 4236 1347 4300; x_wconf 86' lang='lat' dir='ltr'><strong>qua</strong></span> 
     </span>
     <span class='ocr_line' id='line_1_37' title="bbox 265 4319 1342 4400; baseline -0.004 -18"><span class='ocrx_word' id='word_1_285' title='bbox 265 4324 416 4400; x_wconf 83' lang='lat' dir='ltr'><strong>seipsum,</strong></span> <span class='ocrx_word' id='word_1_286' title='bbox 433 4329 466 4381; x_wconf 90' lang='lat' dir='ltr'><strong>ut</strong></span> <span class='ocrx_word' id='word_1_287' title='bbox 485 4322 638 4383; x_wconf 88' lang='lat' dir='ltr'><strong>bominem</strong></span> <span class='ocrx_word' id='word_1_288' title='bbox 659 4324 752 4397; x_wconf 93' lang='lat' dir='ltr'><strong>decet,</strong></span> <span class='ocrx_word' id='word_1_289' title='bbox 766 4341 879 4400; x_wconf 80' lang='lat' dir='ltr'><strong>gerere,</strong></span> <span class='ocrx_word' id='word_1_290' title='bbox 902 4324 1047 4384; x_wconf 85' lang='lat' dir='ltr'><strong>rationem</strong></span> <span class='ocrx_word' id='word_1_291' title='bbox 1069 4321 1135 4380; x_wconf 76' lang='lat' dir='ltr'><strong>vitae</strong></span> <span class='ocrx_word' id='word_1_292' title='bbox 1153 4337 1215 4380; x_wconf 79' lang='lat' dir='ltr'><strong>sum</strong></span> <span class='ocrx_word' id='word_1_293' title='bbox 1236 4319 1342 4380; x_wconf 87' lang='lat' dir='ltr'><strong>ducem</strong></span> 
     </span>
     <span class='ocr_line' id='line_1_38' title="bbox 265 4418 1345 4501; baseline -0.006 -16"><span class='ocrx_word' id='word_1_294' title='bbox 265 4423 435 4500; x_wconf 87' lang='lat' dir='ltr'><strong>sequendo,</strong></span> <span class='ocrx_word' id='word_1_295' title='bbox 451 4425 554 4501; x_wconf 83' lang='lat' dir='ltr'><strong>possit.</strong></span> <span class='ocrx_word' id='word_1_296' title='bbox 570 4425 607 4484; x_wconf 81' lang='lat' dir='ltr'><strong>at</strong></span> <span class='ocrx_word' id='word_1_297' title='bbox 622 4427 715 4501; x_wconf 87' lang='lat' dir='ltr'><strong>pactio</strong></span> <span class='ocrx_word' id='word_1_298' title='bbox 735 4441 840 4484; x_wconf 87' lang='lat' dir='ltr'><strong>eorum</strong></span> <span class='ocrx_word' id='word_1_299' title='bbox 855 4418 908 4500; x_wconf 84' lang='lat' dir='ltr'><strong>qui</strong></span> <span class='ocrx_word' id='word_1_300' title='bbox 924 4421 1148 4482; x_wconf 88' lang='lat' dir='ltr'><strong>matrimonium</strong></span> <span class='ocrx_word' id='word_1_301' title='bbox 1169 4419 1285 4498; x_wconf 90' lang='lat' dir='ltr'><strong>ineunt,</strong></span> <span class='ocrx_word' id='word_1_302' title='bbox 1301 4419 1345 4478; x_wconf 89' lang='lat' dir='ltr'><strong>in-</strong></span> 
     </span>
     <span class='ocr_line' id='line_1_39' title="bbox 267 4517 1343 4604; baseline -0.005 -23"><span class='ocrx_word' id='word_1_303' title='bbox 267 4522 362 4582; x_wconf 88' lang='lat' dir='ltr'><strong>cludit</strong></span> <span class='ocrx_word' id='word_1_304' title='bbox 382 4522 584 4603; x_wconf 68' lang='lat' dir='ltr'><strong>essentialiter</strong></span> <span class='ocrx_word' id='word_1_305' title='bbox 597 4539 658 4584; x_wconf 89' lang='lat' dir='ltr'><strong>non</strong></span> <span class='ocrx_word' id='word_1_306' title='bbox 678 4524 777 4604; x_wconf 91' lang='lat' dir='ltr'><strong>solum</strong></span> <span class='ocrx_word' id='word_1_307' title='bbox 793 4523 883 4582; x_wconf 86' lang='lat' dir='ltr'><strong>linem</strong></span> <span class='ocrx_word' id='word_1_308' title='bbox 904 4521 1113 4582; x_wconf 86' lang='lat' dir='ltr'><strong>immediatum</strong></span> <span class='ocrx_word' id='word_1_309' title='bbox 1127 4517 1299 4596; x_wconf 86' lang='lat' dir='ltr'><strong>procreandi</strong></span> <span class='ocrx_word' id='word_1_310' title='bbox 1314 4520 1343 4578; x_wconf 92' lang='lat' dir='ltr'><strong>iu</strong></span> 
     </span>
    </p>
   </div>
   <div class='ocr_carea' id='block_1_7' title="bbox 270 4601 1346 4802">
    <p class='ocr_par' dir='ltr' id='par_1_9' title="bbox 270 4601 1346 4802">
     <span class='ocr_line' id='line_1_40' title="bbox 270 4601 1346 4702; baseline -0.005 -21"><span class='ocrx_word' id='word_1_311' title='bbox 270 4601 404 4684; x_wconf 65' lang='lat' dir='ltr'><strong>humane</strong></span> <span class='ocrx_word' id='word_1_312' title='bbox 419 4621 575 4682; x_wconf 83' lang='lat' dir='ltr'><strong>individuo</strong></span> <span class='ocrx_word' id='word_1_313' title='bbox 586 4622 743 4702; x_wconf 86' lang='lat' dir='ltr'><strong>physicum</strong></span> <span class='ocrx_word' id='word_1_314' title='bbox 762 4621 894 4682; x_wconf 90' lang='lat' dir='ltr'><strong>bominis</strong></span> <span class='ocrx_word' id='word_1_315' title='bbox 906 4621 1124 4698; x_wconf 83' lang='lat' dir='ltr'><strong>organismum‚</strong></span> <span class='ocrx_word' id='word_1_316' title='bbox 1135 4617 1185 4677; x_wconf 85' lang='lat' dir='ltr'><strong>sed</strong></span> <span class='ocrx_word' id='word_1_317' title='bbox 1199 4616 1346 4696; x_wconf 69' lang='lat' dir='ltr'><strong>precipue</strong></span> 
     </span>
     <span class='ocr_line' id='line_1_41' title="bbox 270 4717 1344 4802; baseline -0.004 -22"><span class='ocrx_word' id='word_1_318' title='bbox 270 4724 363 4782; x_wconf 88' lang='lat' dir='ltr'><strong>alium</strong></span> <span class='ocrx_word' id='word_1_319' title='bbox 385 4724 480 4785; x_wconf 87' lang='lat' dir='ltr'><strong>tinem</strong></span> <span class='ocrx_word' id='word_1_320' title='bbox 492 4741 510 4783; x_wconf 93' lang='lat' dir='ltr'><strong>a</strong></span> <span class='ocrx_word' id='word_1_321' title='bbox 524 4723 622 4800; x_wconf 93' lang='lat' dir='ltr'><strong>priore</strong></span> <span class='ocrx_word' id='word_1_322' title='bbox 640 4723 693 4784; x_wconf 90' lang='lat' dir='ltr'><strong>illo</strong></span> <span class='ocrx_word' id='word_1_323' title='bbox 709 4721 948 4802; x_wconf 84' lang='lat' dir='ltr'><strong>inseparabilem,</strong></span> <span class='ocrx_word' id='word_1_324' title='bbox 965 4717 1147 4800; x_wconf 86' lang='lat' dir='ltr'><strong>producendi</strong></span> <span class='ocrx_word' id='word_1_325' title='bbox 1168 4735 1219 4796; x_wconf 89' lang='lat' dir='ltr'><strong>per</strong></span> <span class='ocrx_word' id='word_1_326' title='bbox 1234 4722 1344 4800; x_wconf 83' lang='lat' dir='ltr'><strong>restam</strong></span> 
     </span>
    </p>
   </div>
   <div class='ocr_carea' id='block_1_8' title="bbox 0 0 1788 5675">
    <p class='ocr_par' dir='ltr' id='par_1_10' title="bbox 0 0 1788 5675">
     <span class='ocr_line' id='line_1_42' title="bbox 0 0 1788 5675; baseline 0 0"><span class='ocrx_word' id='word_1_327' title='bbox 0 0 1788 5675; x_wconf 95' lang='lat' dir='ltr'><strong> </strong></span> 
     </span>
    </p>
   </div>
  </div>
 </body>
</html>
