3559 5675
592 751 706 806 mrmn·
726 774 762 788 -
786 756 869 803 arasa
890 757 1021 805 oacmos.
1284 739 1342 806 ibt

264 861 530 924 rcaoivandasunt
554 881 563 920 r
586 863 611 923 si
633 877 740 942 corpus
760 865 996 940 extinguendum
1019 865 1146 946 cjusquc
1164 865 1235 942 iura
1257 871 1347 943 atquc

267 963 576 1023 intcrnacoustitntio
590 976 608 1021 a
621 963 753 1042 principa
772 951 993 1042 imprimunt,
1007 969 1036 1025 ei
1050 963 1139 1026 modo
1153 981 1204 1043 par
1218 979 1249 1024 sc
1263 967 1347 1024 ravo-

265 1063 356 1124 cabili
367 1065 470 1122 creata
480 1067 672 1140 mntspotcst
691 1078 763 1124 sanc
776 1064 913 1144 princeps
928 1063 993 1125 hnc
1006 1065 1108 1126 ornuia
1122 1063 1221 1132 doloro
1233 1079 1267 1126 ac
1280 1081 1347 1124 mu-

266 1167 342 1235 tare,
356 1169 447 1239 prom
467 1161 624 1221 communi
631 1156 716 1221 acco
735 1161 764 1221 id
782 1161 927 1240 postulari
942 1163 1102 1223 consuerit.
1117 1165 1164 1250 ii³
1172 1164 1199 1224 si
1211 1163 1262 1224 iiia
1278 1159 1345 1244 p'cr-

264 1261 385 1319 nocam
401 1258 439 1318 ad
453 1260 564 1320 mnium
579 1261 777 1338 primitivum,
792 1261 925 1337 aiicoquc
952 1259 988 1320 ad
1008 1260 1060 1334 jus
1075 1266 1105 1322 ct
1116 1261 1215 1336 tegern
1237 1259 1347 1324 iunuc-

267 1358 445 1432 monialem,
460 1359 562 1418 sotum
573 1375 733 1424 commune
748 1359 865 1422 bonum
877 1359 1023 1420 abstracto
1037 1366 1191 1440 sumptum
1208 1375 1269 1422 nou
1286 1359 1348 1422 sui·

267 1460 328 1518 ticit
355 1463 391 1518 ut
409 1459 538 1538 principi
557 1457 641 1518 liccat
659 1459 711 1520 iiia
732 1465 860 1520 mutare.
877 1461 962 1520 Tunc
975 1459 1064 1540 piano
1081 1462 1244 1537 requiritur
1258 1477 1349 1522 causa

267 1559 373 1636 aliqua
384 1560 514 1634 qualus
528 1559 629 1638 ipsum
638 1559 834 1635 originarium
843 1559 953 1634 dolcat,
962 1559 1132 1635 cujusmodi
1142 1565 1252 1631 assant,
1264 1577 1293 1616 c.
1302 1571 1348 1636 pt,

266 1657 414 1718 anicium
430 1662 483 1718 ant
494 1670 576 1716 mors
589 1656 713 1717 aitarius
732 1657 833 1736 pactis.
860 1659 948 1720 tuuc
967 1659 1061 1738 cuim,
1077 1658 1167 1719 'iacto
1186 1655 1349 1736 originario

268 1761 396 1832 mutato,
414 1758 466 1833 jus
479 1750 551 1816 indc
567 1757 718 1818 resultans
730 1763 761 1818 ct
771 1756 871 1836 ipsum
886 1763 1031 1818 mutatur.
1220 1757 1223 1764 ’

308 1853 446 1932 idipsum
459 1855 498 1915 da
509 1856 667 1931 tcrritorio,
682 1872 716 1917 ac
726 1855 933 1938 dcprorinciis
944 1849 1110 1920 alienandis
1120 1857 1283 1919 dicandum
1293 1863 1347 1920 cst.

266 1956 299 2016 Si
311 1957 453 2034 prinecps
466 1953 545 2014 iliud
554 1955 736 2016 territorium
747 1953 858 2034 casquc
868 1957 1038 2036 provincias
1047 1959 1117 2033 jura
1132 1953 1349 2034 indapcudsutc

268 2067 478 2130 aqnoounquc
488 2053 654 2114 incolarum
665 2071 814 2115 couscnsu
825 2055 1008 2135 possidebat,
1020 2057 1128 2134 potorii
1140 2055 1245 2134 utiquc
1256 2055 1294 2116 iis
1302 2057 1348 2116 in·

268 2153 427 2231 munitis,
443 2155 643 2216 sicommmrc
656 2153 770 2216 nonum
786 2155 816 2215 id
828 2155 974 2230 conicrat,
991 2155 1066 2216 iliud
1082 2155 1263 2220 territorium
1286 2171 1350 2216 aas·

268 2266 330 2328 quc
347 2253 517 2330 prouincias
537 2252 668 2312 aiicuarc
692 2259 745 2312 aut
768 2259 952 2333 pcrmmms.
969 2251 1015 2330 At,
1041 2254 1067 2314 si
1090 2255 1270 2314 territorium
1299 2261 1352 2314 aui

268 2351 425 2430 provincia
439 2349 529 2412 morit
541 2351 614 2412 oiim
626 2369 696 2430 pars
710 2353 821 2421 Status.
832 2353 886 2429 qui
900 2367 966 2412 soso
976 2351 1057 2412 uitro
1071 2351 1122 2411 taii
1138 2349 1265 2432 principi
1280 2351 1352 2412 sub-

269 2452 390 2527 tcccrit,
414 2457 485 2510 tuuc
503 2449 567 2510 sola
587 2451 759 2512 communis
780 2451 850 2510 boui
875 2452 949 2512 ratio
972 2447 1161 2529 nequaquam
1184 2447 1304 2525 sufficit,
1318 2449 1353 2511 ut

272 2549 403 2628 principi
422 2549 510 2609 iiccat
522 2549 696 2611 momorum
717 2550 801 2619 iilius
812 2551 1019 2612 associationis
1032 2549 1217 2626 abscindat-c,
1235 2555 1350 2629 partein

273 2647 418 2708 tanimrii
439 2652 502 2707 aut
512 2649 632 2726 jurium
650 2647 778 2713 auicrru.
793 2651 877 2712 nmo
900 2649 1092 2712 solummodo
1109 2649 1138 2711 id
1163 2649 1291 2729 principi
1311 2649 1351 2708 li-

272 2747 362 2825 conii,
375 2763 474 2823 quum
487 2749 541 2824 jus
558 2749 718 2826 societatis,
730 2765 919 2828 quoacunque
938 2767 973 2812 aa
989 2752 1040 2826 sii,
1052 2753 1140 2830 cujus
1151 2753 1292 2812 assensus
1307 2763 1351 2810 cs·

270 2857 317 2907 sat
331 2848 589 2921 necessariumve!
603 2850 671 2927 otus
692 2848 799 2910 dciicio
811 2850 859 2911 vsi
877 2853 948 2927 jnrs
973 2850 1351 2929 pransisntcautomuinc

271 2948 439 3022 dotabitur,
451 2956 506 3008 ant
517 2948 808 3027 partim‘cniiidsiur.
915 2988 918 2993 -
982 2978 989 2989 ι
1056 2954 1063 2969 ‘
1092 2950 1095 2955 '
1297 2972 1302 2977 ·

315 3046 403 3122 Quod
418 3047 542 3123 quidcm
559 3046 691 3109 officinm
704 3050 887 3125 integritatis
894 3048 1054 3109 natisnatis
1064 3046 1273 3109 conservanda
1290 3030 1353 3106 ma'-

276 3149 385 3209 nitastc
405 3147 558 3223 colligitur
573 3164 609 3208 cx
631 3149 670 3208 iis
686 3165 756 3226 qna
773 3150 805 3209 in
815 3150 888 3226 iuro
908 3132 1089 3227 hypoiastico
1103 3143 1156 3207 lib.
1180 3162 1220 3219 u,
1234 3162 1300 3225 cap.
1320 3146 1351 3219 6,

275 3253 334 3308 ara
345 3252 378 3320 2,
390 3246 580 3310 tradidimus.
591 3248 711 3309 Etenim
724 3264 866 3327 suprema
875 3248 1033 3309 auotoritas
1043 3245 1353 3325 hypoiactica‘tcnctur

275 3349 313 3410 ad
331 3349 480 3409 uniutcm
491 3349 643 3425 propriam
654 3353 686 3407 ot
696 3364 761 3408 cssc
774 3348 928 3427 proprium
941 3348 1051 3424 cuique
1071 3344 1218 3407 consortio
1229 3342 1351 3405 tuenda.

276 3452 355 3526 drgo
368 3462 407 3507 aa
417 3462 480 3507 non
498 3451 595 3524 poton
608 3446 792 3508 consortium
805 3446 927 3524 aliquod
947 3462 1001 3527 pro
1018 3462 1074 3513 suo
1090 3445 1187 3507 lubitu
1205 3459 1222 3505 a
1241 3442 1353 3505 carioris

276 3546 424 3609 mammio
437 3546 593 3625 amplioris
604 3546 689 3607 iiiios
703 3548 851 3607 insistatis
864 3546 1006 3607 dividam.
1020 3546 1272 3624 uaqacalnuacu
1281 3542 1357 3604 boui·

277 3646 453 3708 mononis
464 3646 540 3706 ratio
553 3650 649 3723 poisat
667 3638 858 3706 arbitrariam
873 3646 1022 3723 ejusmodi
1046 3644 1224 3706 diuisionem
1241 3640 1353 3704 iicitarn

276 3746 497 3807 ammonitam
510 3747 693 3807 consortium
714 3745 803 3820 iilud,
822 3745 944 3821 quaudo
969 3746 1071 3821 majori
1087 3742 1215 3805 societati
1231 3743 1311 3803 ultro
1322 3754 1354 3801 sa

277 3844 404 3919 addixit,
415 3858 596 3904 consensum
607 3859 697 3903 suum
707 3842 856 3905 socialitcr
866 3859 937 3903 carn
950 3844 1063 3903 catoris
1073 3842 1214 3919 prabuit,
1236 3856 1296 3916 quo
1309 3854 1355 3899 so—

274 3945 512 4005 ciaiiccnssnsu
530 3944 680 4003 consortia
697 3941 821 4018 singula
838 3942 963 4002 fuorunt
978 3942 1110 4017 altigata.
1125 3942 1202 4015 Ergo
1215 3936 1354 3999 consortii

277 4046 372 4105 unius
393 4042 553 4103 arbitraria
565 4058 583 4101 a
594 4042 706 4102 coieris
718 4042 825 4102 divisio
840 4048 936 4101 totum
951 4040 1034 4101 iilius
1054 4038 1172 4099 socialis
1191 4050 1355 4099 consensus

278 4142 508 4221 principiorum
520 4140 646 4219 proindc
667 4146 761 4203 iotam
771 4142 867 4220 ipsam
887 4140 1063 4219 ampliorum
1077 4139 1259 4227 societatem,
1278 4152 1355 4212 qua-

279 4254 373 4307 tcnua
382 4243 413 4309 ci
420 4241 549 4321 principi
563 4241 677 4315 ouban,
688 4242 775 4320 piano
788 4242 971 4303 dissolverat.

319 4342 493 4405 uouotum
514 4349 616 4399 minan
637 4346 693 4410 cst
717 4340 756 4399 oh
774 4340 942 4400 incuratam
957 4328 1097 4400 hominis
1111 4336 1295 4398 tondendam
1319 4334 1356 4396 aa

277 4446 453 4506 sociatam
478 4439 679 4502 ommonem
695 4440 872 4518 iucundam,
885 4440 943 4501 hoc
960 4440 1023 4501 itari
1049 4439 1156 4514 solaro,
1186 4443 1220 4497 ut
1235 4438 1356 4498 iabcutc

278 4552 413 4624 tempora
434 4560 470 4603 co
490 4542 589 4619 magis
601 4540 791 4621 partiordaaia
801 4526 945 4608 consortii
953 4542 1075 4603 vincula
1088 4540 1207 4620 propria
1221 4538 1357 4600 ralaxan-

279 4656 340 4721 tur‚
353 4660 417 4721 quo
432 4644 574 4704 aradum
591 4658 661 4703 cum
680 4644 793 4719 mapsa
812 4626 949 4704 nocicuu
974 4643 1134 4703 rotationos
1159 4640 1357 4702 intuuntur.

282 4750 385 4829 itaqua
403 4744 470 4809 tisri
483 4742 628 4829 panicio
649 4749 758 4831 pciast,
776 4749 813 4808 nt
834 4742 922 4821 pun
949 4744 1097 4807 consortis
1122 4740 1234 4807 sonaim
1255 4741 1310 4824 psi
1325 4752 1356 4801 sc
