3559 5675
564 739 672 785 sienni.
697 758 734 772 -
758 741 842 812 ursan
859 740 1035 791 oneremus.
1279 722 1338 785 itti

305 844 389 903 1227.
408 848 477 906 Pus.
501 847 588 909 606¹.
601 879 642 893 -
657 848 843 925 Priudpotus
860 848 955 909 imma
967 844 1150 909 ethoamhiae
1164 845 1339 907 naturaiiter

265 944 511 1015 conveniensem
530 945 713 1023 polyarchia.
866 942 867 945 ’

302 1046 393 1103 i‘noo.
408 1075 447 1086 -
457 1043 635 1104 Ethnerchie
648 1047 839 1123 componitur
852 1044 992 1123 pluribus
1005 1042 1178 1106 nationibus
1190 1042 1338 1121 indepen-

263 1142 399 1205 dentibus
414 1150 503 1223 atqno
524 1144 601 1207 inter
620 1162 652 1207 so
670 1147 788 1223 politice
807 1146 985 1220 mentitus.
1013 1145 1101 1219 Ergo,
1115 1150 1151 1206 ut
1163 1144 1335 1213 auotoritas,

261 1238 458 1301 ethnarehinae
468 1242 654 1301 associationi
671 1242 846 1318 primmdum,
860 1242 899 1311 ad
919 1240 1143 1306 mortarotricutu
1156 1240 1338 1321 principatus

261 1340 391 1402 formem
405 1338 553 1415 deveniat,
571 1356 691 1403 necesse
705 1354 750 1406 est
764 1348 797 1401 nt
812 1358 879 1406 eern
893 1340 1111 1413 auctoritatem,
1124 1356 1216 1415 quam
1235 1357 1340 1403 timeres

259 1437 292 1497 ed
310 1456 377 1501 rem
391 1455 477 1499 suam
491 1438 644 1517 publicam
658 1438 750 1503 libam
764 1438 994 1514 gubernandam
1006 1454 1047 1501 aar
1061 1437 1263 1508 nationessno
1272 1439 1341 1515 iure

259 1537 425 1615 possident,
438 1538 469 1599 in
481 1554 577 1603 unum
592 1538 746 1603 leoninam
758 1539 894 1605 conferre
907 1538 1010 1607 uelint.
1023 1538 1115 1615 Atqui
1129 1536 1186 1597 troo
1198 1536 1340 1600 difficilli-

259 1654 348 1699 mum
359 1643 403 1699 est
412 1654 447 1698 ao
457 1638 608 1712 moraliter
618 1639 804 1719 impossibiie
818 1644 847 1701 ct
859 1640 954 1704 terme
968 1654 1127 1714 utinquam
1137 1638 1339 1701 umersninm

260 1737 306 1797 vel
327 1736 413 1801 utile.
431 1738 562 1813 Etenim,
577 1754 674 1815 quum
695 1738 854 1806 natiuitatis
875 1736 1114 1816 independentiae
1134 1734 1282 1800 abdicatio
1302 1738 1345 1814 sii

258 1836 440 1915 grauissima
461 1843 489 1903 et
514 1838 633 1916 nutritoe
643 1840 772 1915 jactura,
789 1854 884 1915 quam
909 1854 982 1914 geno
1002 1837 1143 1907 universe
1157 1842 1229 1901 tuuc
1242 1842 1342 1897 tameo

260 1936 393 2013 perterre
408 1936 540 2013 dederet,
562 1952 753 2015 nequaquam
777 1938 882 2016 poterit
897 1934 958 2003 ulia
979 1937 1062 2003 natio
1083 1935 1157 2003 illuc
1174 1934 1296 2012 adduci,
1310 1941 1344 2014 ut

259 2036 448 2100 rationetur
462 2051 550 2100 snam
563 2034 734 2100 libertatem
752 2035 989 2113 disoitaomqoe
1001 2036 1086 2101 alteri
1100 2035 1229 2110 undoni,
1243 2042 1341 2098 exter·

259 2149 364 2211 noque
378 2132 505 2219 principi
519 2149 657 2217 unquam
671 2134 812 2204 dimittat.

301 2236 420 2311 neque,
441 2235 605 2311 tittidersirn
623 2234 785 2313 loquendo,
805 2241 866 2301 tom
881 2235 982 2309 gravis
999 2237 1120 2311 jactura
1136 2249 1275 2307 unquam
1288 2249 1342 2295 os·

258 2334 390 2395 cessaria
404 2340 458 2393 cet.
477 2334 570 2410 Siqua
591 2335 673 2394 enim
692 2351 778 2411 gens,
801 2341 835 2396 ut
854 2350 920 2398 seso
934 2332 981 2395 rel
999 2333 1036 2393 ab
1058 2333 1190 2397 cateruis
1207 2330 1345 2393 hostibus

259 2434 310 2495 eei
326 2430 366 2493 ab
381 2431 507 2495 internis
520 2430 653 2496 dissidiis
666 2438 795 2507 tueatur,
811 2430 937 2499 alteriue
951 2431 1080 2497 sadonis
1092 2446 1181 2515 opeiu
1194 2436 1343 2509 exposcat,

260 2547 459 2610 nequaquam
472 2531 572 2609 debet,
588 2539 622 2599 ut
633 2548 698 2594 eam
713 2532 857 2607 obtineat,
870 2535 939 2610 ejus
953 2549 1017 2593 sese
1032 2530 1230 2600 monamhiear
1244 2529 1344 2593 domi·

261 2632 380 2694 nationi
391 2630 549 2711 subjicere.
565 2632 639 2693 Nam
652 2632 794 2711 peculiari
806 2631 917 2695 ioedere
927 2647 1072 2701 seseoum
1084 2630 1137 2699 ilia
1146 2632 1344 2707 cotinusam,

262 2731 499 2819 independentia
513 2748 567 2797 sna
582 2736 712 2807 retente,
736 2733 848 2810 optimc
862 2732 953 2799 satuti
967 2748 1030 2800 sna
1040 2732 1209 2809 prospicere
1227 2730 1344 2809 poterit.

261 2832 351 2911 Quod
367 2831 393 2895 si
408 2830 472 2893 hac
486 2830 546 2898 alia
560 2849 635 2908 geris
650 2831 724 2895 nolit
736 2847 824 2910 opem
838 2829 948 2909 populo
960 2829 1138 2908 periclitanti
1152 2827 1270 2907 afferre,
1289 2828 1346 2894 uisi

261 2936 314 2994 iric
326 2932 458 3016 populus
469 2949 501 2992 se
513 2931 556 2993 ilii
568 2937 677 3006 totuin,
690 2929 826 2994 abdicate
838 2946 894 2993 sua
906 2929 1053 3003 iiber-tate,
1063 2928 1162 3002 dedet,
1173 2927 1349 3004 manissime

262 3035 293 3094 id
308 3047 402 3092 causa
416 3033 484 3111 erit,
500 3047 554 3098 our
576 3030 704 3116 populns
719 3028 890 3108 periclitans
910 3027 958 3088 vei
977 3028 1015 3090 ad
1030 3027 1119 3094 aliam
1137 3025 1349 3092 humaniorem

262 3133 431 3200 nationem,
456 3145 523 3208 quoe
544 3128 726 3209 suniericus
739 3127 963 3189 conditionibus
983 3126 1054 3188 sctit
1067 3124 1221 3204 opitulari,
1237 3121 1344 3187 eoniu-

262 3235 342 3310 εἰει,
358 3228 407 3290 vel
423 3236 554 3288 extrema
568 3229 668 3307 potins
679 3228 781 3292 omnia
791 3227 979 3302 discrimina,
992 3228 1056 3290 suis
1068 3225 1142 3287 solis
1155 3225 1270 3287 viribus
1279 3239 1347 3284 con·

264 3335 334 3406 tiss,
352 3327 468 3388 subeat.
483 3328 607 3393 Nullum
622 3329 705 3390 enim
720 3329 818 3406 majus
832 3328 957 3388 exitium
972 3327 1085 3394 fortiter
1100 3325 1274 3404 pugnaudo,
1289 3324 1348 3393 sitii

225 3477 228 3482 ,
263 3431 325 3492 soii
340 3428 456 3504 relicte,
473 3429 578 3488 timere
593 3433 700 3507 potest,
719 3444 812 3506 qnam
827 3426 1064 3506 independeutiae
1077 3426 1239 3496 natisonis
1249 3427 1352 3502 jactu·

264 3545 351 3608 ram;
368 3543 460 3605 quam
472 3544 545 3588 sane
558 3531 707 3606 jacturam
725 3527 815 3602 ultro,
831 3535 911 3588 certo
924 3535 952 3588 et
968 3527 1095 3602 inglorie
1110 3526 1268 3604 acciperat,
1286 3541 1352 3589 sese

266 3639 362 3692 totam
374 3627 460 3688 atteri
473 3625 515 3688 illi
526 3627 609 3702 genti
621 3623 850 3706 gubernandam
867 3625 1022 3686 tradendo.

309 3726 395 3789 Unde
407 3727 484 3786 iilud
496 3727 587 3786 etiam
597 3725 886 3802 intelligitur,taieni
897 3725 1046 3802 jacturam
1057 3738 1095 3786 uo
1109 3722 1216 3790 utitem
1227 3721 1351 3798 quidem

265 3847 334 3892 esse
346 3844 445 3908 posse.
463 3829 519 3886 Per·
533 3826 612 3886 lianc
626 3825 707 3886 enim
722 3825 869 3887 arnittitnr
884 3823 960 3887 iilud
975 3821 1055 3898 (pund
1070 3821 1169 3898 gentis
1191 3820 1355 3896 cujustibet

266 3931 386 3992 bonum
401 3929 568 3988 marimum
589 3934 646 4000 eet,
667 3925 800 3986 libertas.
821 3924 899 4000 Ergo
919 3921 1043 3991 nullum
1062 3919 1255 3990 commedere
1270 3919 1353 3985 eliud

267 4031 341 4106 tingi
359 4035 465 4110 potest,
482 4027 562 4104 qnod
578 4027 742 4110 adjectura
755 4029 977 4104 compensetur.

308 4129 448 4204 Denique
461 4125 516 4189 hoc
531 4127 622 4189 etiem
637 4122 938 4186 arrimadtertendnm
954 4127 1009 4196 cst,
1026 4133 1173 4194 teregnum
1187 4114 1357 4179 deliberan-

270 4229 347 4289 tium
362 4233 454 4302 atque
466 4223 679 4313 imperantium
691 4237 854 4289 nnmerum
870 4237 943 4302 quo,
955 4219 1009 4280 uhi
1018 4218 1056 4281 de
1070 4214 1232 4292 individuis
1243 4214 1355 4292 agitur,

268 4325 448 4408 perdifficile
465 4323 688 4404 petroselinum
704 4323 838 4402 regimen
855 4319 984 4385 efficitur
1005 4324 1034 4379 et
1054 4316 1220 4397 saepissime
1235 4331 1357 4394 prorsus

268 4428 459 4512 impossibiie
471 4426 536 4504 itit).
556 4439 600 4500 ιιι,
611 4441 676 4506 cap.
686 4423 717 4501 6,
727 4429 783 4488 ort.
796 4421 816 4481 4
828 4428 857 4481 et
869 4423 912 4496 5),
926 4421 957 4488 in
972 4418 1133 4482 nationum
1141 4416 1359 4497 eonmciatiotts

268 4532 359 4594 unito
380 4535 463 4620 pecto
485 4527 601 4593 adesse.
624 4523 797 4587 temerario
814 4521 897 4588 citiru
911 4535 1014 4600 pauca
1034 4523 1106 4591 suot
1125 4534 1194 4596 qua
1213 4517 1360 4596 peculiari

267 4634 383 4694 foedere
398 4632 475 4692 inter
493 4645 524 4695 se
535 4629 721 4716 junguntur.

309 4735 391 4808 Ergo
413 4726 607 4790 monarchias
618 4726 807 4806 principatus
820 4721 917 4784 iorma
931 4720 968 4781 ad
986 4719 1123 4801 plurium
1135 4717 1294 4778 nationum
1311 4729 1364 4778 ec·
