3559 5675
546 754 654 806 tussa.
677 779 717 796 -
737 758 822 808 trees
843 755 1036 812 obduremus.
1151 787 1154 791 -
1269 739 1330 808 655

248 869 342 930 l‘asee
356 879 451 942 agnos
469 879 553 924 meos
561 876 573 940 3
596 879 765 942 paseeoves
779 884 872 941 meas,
888 873 944 932 eto.
960 887 976 926 s
994 869 1080 942 Nam,
1100 866 1156 930 bne
1171 868 1238 946 ipro
1249 866 1328 945 qnod

243 971 330 1030 Deus
343 965 549 1028 scelestastteae
562 969 729 1031 auctoritati
744 968 827 1030 dedit
845 970 900 1044 jns
917 973 947 1030 et
969 967 1113 1046 imposuit
1129 965 1261 1029 emtum
1279 966 1330 1026 eie

243 1065 344 1137 cendi,
357 1062 509 1147 pmoeedt,
525 1062 645 1142 lipardi
656 1067 705 1128 vel
716 1065 852 1128 eoteeedt'
866 1079 972 1128 omnes
990 1065 1141 1144 homiues,
1155 1081 1190 1128 oe
1206 1064 1330 1145 pminds

243 1170 342 1230 etiam
354 1181 438 1242 reges
451 1170 481 1225 et
494 1164 642 1242 prinsipes
653 1182 819 1245 eorumque
831 1183 938 1228 omnes
949 1165 1155 1239 administros,
1165 1167 1197 1228 in
1211 1165 1250 1226 iis
1263 1181 1331 1226 om·

243 1269 342 1328 nibus
352 1283 422 1344 que
433 1265 581 1343 pertinent
592 1265 629 1324 ad
638 1283 770 1342 regnum
781 1267 946 1346 emiorum,
963 1266 1105 1331 omnibus
1117 1266 1292 1328 bominibus
1303 1273 1332 1328 et

243 1368 360 1428 idcireo
374 1366 466 1426 etiam
479 1364 601 1438 regibus
613 1371 644 1426 ot
657 1367 845 1445 principibus
857 1381 1024 1444 eorumque
1038 1366 1225 1428 administris
1237 1366 1332 1444 impu

241 1471 313 1532 suit
325 1467 531 1531 nenessitatem
541 1466 699 1532 substemi
713 1469 919 1531 erelesimtieae
929 1469 1097 1530 auctoritati
1111 1469 1144 1528 in
1157 1467 1213 1529 hoo
1225 1467 1331 1528 ¹sedern

241 1585 355 1632 rerum
369 1565 486 1644 ordine,
500 1573 531 1628 et
543 1566 581 1626 ab
597 1566 651 1630 illa
661 1567 861 1648 dependendi,
872 1576 907 1631 ut
918 1569 956 1630 ab
967 1567 1071 1632 eadem
1084 1567 1252 1642 dementer,
1265 1583 1333 1645 pas·

239 1676 367 1744 meter,
390 1663 519 1744 tipenter
532 1663 580 1726 eet
598 1662 764 1743 soteoeter,
786 1667 967 1732 mduoentur
989 1668 1021 1728 iu
1042 1683 1168 1744 reguum
1188 1667 1332 1730 morum
1372 1679 1375 1694 ¹

241 1767 298 1829 vel
318 1765 518 1828 excludantur
536 1781 590 1842 per
607 1765 746 1834 Eeelesie
766 1767 934 1847 Prinetpem
948 1769 997 1828 oui
1011 1767 1108 1830 elares
1133 1767 1226 1843 hujus
1247 1766 1331 1842 regni

241 1868 327 1928 data
339 1871 412 1926 sunt
426 1884 434 1923 ι
449 1881 518 1941 quae
529 1864 660 1942 proleoto
677 1873 751 1928 sunt
764 1867 925 1929 evidentis.

291 1969 325 2026 2·
345 1964 405 2038 Qui
417 1969 462 2024 est
475 1963 611 2024 absolute
631 1965 769 2026 subditus
781 1967 873 2028 alieni
884 1966 956 2043 legi,
971 1976 1016 2028 est
1028 1967 1136 2028 eodem
1156 1965 1243 2028 modo
1257 1966 1333 2026 sub

243 2066 336 2126 ditus
348 2065 478 2140 siquem
491 2063 643 2140 legislator
654 2064 1004 2137 constitueritdoetorem,
1022 2065 1223 2146 interpretem,
1240 2067 1334 2126 atate

242 2163 317 2226 dem
337 2171 368 2225 et
386 2162 528 2225 uindicem
546 2165 672 2227 unieum
693 2165 831 2243 ejusdem
853 2166 940 2242 legis.
966 2167 1056 2242 stqm
1070 2167 1171 2227 omnis
1191 2165 1334 2228 seesrlsris
1386 2159 1388 2162 ’

243 2271 381 2344 potestes
391 2270 437 2326 est
449 2263 583 2324 absolute
595 2263 716 2326 subdita
734 2264 795 2342 legi
814 2265 945 2326 natursli
966 2269 995 2326 ot
1009 2263 1069 2340 legi
1083 2266 1282 2340 evangelum,
1305 2271 1335 2325 et

242 2365 410 2441 utriusque
421 2362 515 2439 huius
527 2362 603 2440 legis
622 2366 701 2426 beris
714 2365 843 2436 unioum
855 2363 1016 2436 duetorem,
1034 2364 1226 2441 interpretem
1239 2407 1248 2437 ,
1262 2379 1334 2424 eus·

245 2465 352 2526 todem
363 2470 395 2524 et
413 2462 562 2524 vindicem
578 2464 733 2526 eonstituit
745 2464 948 2524 austeritatem
968 2461 1212 2538 eoelesiesticam,
1228 2469 1261 2522 ut
1278 2461 1335 2522 luit

246 2564 437 2626 validissime
456 2559 552 2640 eapite
572 2565 604 2622 2⁰
626 2564 718 2640 partis
738 2563 781 2624 11·
794 2562 964 2642 probatum.
988 2563 1076 2638 Ergo,
1090 2561 1123 2622 in
1136 2559 1174 2622 iis
1190 2563 1332 2624 omuibus

252 2679 324 2740 que
332 2661 368 2723 ad
382 2662 481 2738 legem
494 2661 665 2722 naturalem
678 2679 713 2724 aa
726 2663 823 2739 legem
841 2661 1044 2739 evangelium
1058 2661 1220 2740 pertinent,
1233 2662 1333 2722 omnis

248 2761 396 2824 secueris
409 2767 537 2841 potesus
551 2767 596 2822 est
604 2764 676 2839 jure
694 2760 798 2823 divino
819 2761 940 2824 subdite
959 2761 1094 2839 potestati
1115 2760 1330 2836 eoelesiosttee5

244 2861 510 2941 quemadmodum
530 2860 587 2931 boe
600 2862 666 2939 ipso
678 2862 904 2941 quodtpotestes
922 2860 1065 2923 seeuleris
1077 2866 1123 2921 est
1142 2878 1160 2923 s
1183 2861 1243 2921 ileo
1259 2876 1332 2921 eou-

245 2966 356 3025 stitute
373 2962 465 3023 unies
478 2962 636 3039 interpres,
647 2968 746 3025 eustos
764 2970 795 3024 st
813 2963 924 3025 sinder
938 2962 1053 3025 ordinis
1070 2973 1151 3023 mere
1176 2960 1271 3023 uirilis
1298 2978 1332 3021 se

245 3064 379 3143 politio,
392 3080 499 3125 omnes
511 3064 603 3138 eires,
625 3066 716 3126 etiam
734 3065 848 3137 cleriei,
867 3071 941 3125 sunt
959 3061 1087 3125 seculari
1108 3062 1241 3139 potesutt
1262 3062 1332 3123 sub

238 3164 325 3238 jeeti
337 3165 370 3224 in
381 3164 419 3223 iis
432 3180 501 3240 qum
513 3163 547 3223 ad
563 3163 698 3223 ordinem
712 3180 796 3225 mere
808 3161 926 3225 uirilem
939 3178 973 3223 eo
984 3158 1138 3239 politicum
1150 3164 1291 3239 spectent.

293 3266 328 3325 3⁰
347 3262 615 3324 Evidentissimum
626 3263 718 3323 etiem
731 3269 777 3323 est
789 3278 881 3339 quam
906 3260 1054 3342 plurimes
1068 3274 1115 3319 res
1143 3259 1332 3338 temporales,

246 3362 359 3424 uiriles
368 3379 403 3424 au
414 3361 549 3440 potitieas
561 3362 599 3424 ad
613 3362 752 3423 ordinem
765 3364 913 3424 moralem
927 3378 961 3425 eo
973 3361 1152 3437 religiosum
1164 3363 1312 3439 pertinere
1324 3380 1333 3433 ς

248 3478 344 3541 posse
356 3462 502 3522 nimirum
517 3461 586 3523 illas
603 3477 769 3541 eongruere
788 3480 860 3525 enm
873 3461 986 3524 divinis
998 3460 1130 3538 legibus,
1146 3461 1336 3523 nrumttbus
1356 3522 1358 3531 ,

249 3562 304 3624 rel
323 3562 514 3639 evangelicis,
529 3570 582 3622 aut
599 3562 708 3622 iisdem
723 3578 902 3642 repugnem.
916 3560 1052 3639 Tributs,
1066 3560 1158 3637 belle,
1173 3563 1295 3641 perita
1305 3568 1336 3623 et

251 3677 367 3742 poene,
376 3661 458 3737 leges
470 3662 601 3738 denique
610 3678 687 3740 pene
695 3663 845 3723 omuesde
855 3664 929 3741 ipsis
938 3662 1029 3722 rebus
1038 3661 1335 3739 temporalibuspos·

254 3770 333 3823 sunt
342 3763 389 3824 vel
399 3765 482 3839 justa
494 3779 560 3823 esse
569 3763 616 3823 vel
626 3764 749 3839 injusta,
759 3760 913 3822 mersbur
920 3760 1047 3823 honesta
1057 3760 1102 3821 sel
1113 3760 1283 3835 inhenesta,
1292 3778 1338 3823 re·

256 3864 365 3941 ligioni
377 3872 407 3925 et
417 3864 520 3927 divino
534 3865 632 3925 uultui
644 3865 745 3926 lasere
753 3864 802 3925 sel
814 3864 922 3925 obesse
926 3882 936 3940 ι
949 3860 1029 3942 quod
1043 3864 1091 3924 rel
1109 3862 1261 3925 levissima
1272 3880 1338 3941 par·

257 3966 435 4041 tieularium
452 3965 618 4026 observatio
640 3966 796 4025 manileste
821 3964 962 4025 ostendit.
977 3964 1055 4039 Ergo
1078 3965 1110 4023 iu
1125 3964 1339 4042 temporalibus

258 4062 335 4144 ipsis
350 4066 601 4137 reltus,eivilibus
612 4072 666 4126 aut
677 4066 816 4145 politicis,
826 4066 958 4146 plurime
971 4072 1055 4139 sunt,
1065 4064 1095 4124 in
1105 4064 1339 4141 quibusseeula·

258 4167 304 4225 ris
324 4170 452 4243 potestas
470 4164 580 4243 pendet
596 4166 721 4227 omnino
740 4182 760 4226 a
776 4166 914 4244 legitimo
933 4164 1065 4241 religiosi
1081 4170 1111 4224 et
1123 4164 1338 4225 moralisordi·

258 4266 311 4327 nis
324 4264 462 4344 preside,
476 4264 600 4327 sustolle
621 4282 655 4327 ae
667 4266 796 4345 vindice,
811 4267 924 4327 seilicet
943 4283 959 4325 e
974 4270 1116 4345 potestate
1129 4264 1337 4327 emlenisstioe.

302 4368 354 4425 tlt.
372 4366 564 4427 Bossuetirus
585 4382 793 4443 errornegans
815 4365 983 4427 secularem
997 4368 1173 4446 potestatem
1192 4382 1256 4427 esse
1275 4367 1342 4428 ulto

259 4472 347 4549 paeto
360 4466 394 4525 in
411 4464 627 4545 temporalibus
647 4466 798 4527 subditam
818 4466 954 4546 potestati
973 4466 1186 4534 seolseiastiom
1201 4466 1238 4527 ad
1254 4471 1341 4527 teter·

262 4569 381 4629 rimum
395 4564 676 4627 moebiemltr'rmam
689 4567 840 4647 prinsipes
857 4580 1025 4645 eorumque
1044 4566 1198 4627 ministros
1216 4570 1295 4627 reete
1314 4572 1343 4626 et

262 4666 437 4732 neeemsrio
454 4667 604 4748 perdueit.
629 4668 704 4731 Nem
726 4666 1005 4730 maehiarellisrnus
1025 4666 1214 4731 consistitis
1236 4664 1351 4749 morell

262 4788 302 4837 ae
315 4770 455 4845 religiosa
467 4770 604 4851 quelibet
614 4769 680 4850 lege
692 4769 896 4857 postponenda
908 4768 1123 4853 temporalibus
1136 4766 1180 4829 rei
1195 4764 1292 4829 uirilis
1308 4778 1343 4847 se
