3559 5675
578 782 683 827 susus
705 802 745 814 -
766 786 850 831 crass
871 786 1009 835 octavus.
1273 781 1331 844 145
1381 806 1390 825 ·

252 884 309 955 Qut
322 886 409 947 enim
433 888 665 952 remabstracte
679 893 857 974 considerat,
878 896 1037 957 utilitatum
1054 897 1154 960 studio
1171 900 1330 983 immunis,

252 988 389 1061 apertius
399 988 525 1051 rationis
535 988 651 1053 decreta
657 995 809 1073 perspicit.

290 1084 366 1145 nto.
381 1090 466 1151 Poss.
478 1090 564 1151 tta.
576 1094 712 1153 -Civili
727 1096 895 1157 auctoritati
911 1104 1039 1177 pacatas
1048 1103 1061 1179 j
1066 1100 1216 1175 udiciaria.
1232 1112 1266 1167 ut
1280 1124 1332 1167 so·

252 1186 371 1247 cidurm
392 1188 562 1252 voluntates
584 1186 665 1255 civili
691 1194 873 1273 perfectione
898 1206 1015 1279 augeat,
1026 1204 1230 1266 essentialiter
1252 1222 1333 1267 com-

252 1288 338 1365 petit.
637 1296 642 1301 '

292 1392 389 1451 Pons.
405 1394 622 1456 -liominum
644 1402 823 1461 consociatio
842 1402 939 1461 multa
957 1403 1114 1480 conjungit
1137 1404 1335 1487 individua,a

252 1488 369 1565 quibus
380 1490 499 1554 divorsa
515 1493 604 1574 plane
614 1500 684 1575 jura
699 1500 891 1578 possidentur
905 1498 939 1578 (l.
956 1500 988 1575 4,
1000 1516 1025 1561 c.
1039 1504 1082 1579 2).
1097 1500 1276 1567 llaecautcm
1290 1508 1335 1568 di-

252 1604 339 1650 cersa
346 1593 421 1668 jura
431 1600 504 1656 sunt
513 1604 647 1676 respectu
659 1599 810 1661 variorum
824 1600 1048 1663 individuorum
1063 1604 1158 1679 magis
1170 1607 1336 1668 autminus

252 1690 417 1763 evidentia,
429 1712 486 1774 pro
499 1700 610 1774 majore
621 1705 673 1759 cut
689 1700 961 1763 minorccvidentia
978 1710 1006 1762 ct
1016 1702 1151 1764 absoluta
1166 1702 1195 1764 et
1214 1706 1337 1769 relativa

253 1802 362 1851 carum
375 1798 548 1866 veritatum.
561 1798 672 1875 quibus
685 1800 807 1877 singula
821 1800 873 1861 illa
882 1801 1049 1863 tundantur
1058 1803 1155 1882 (aad).
1171 1806 1261 1881 Atqui
1276 1806 1339 1869 hac

251 1890 440 1966 judiciorum
449 1894 604 1957 diversitas
612 1898 649 1958 de
655 1898 776 1974 iuribus
789 1898 913 1961 diversis
924 1908 1098 1980 perpetuam
1109 1902 1298 1965 voluntatum
1310 1912 1338 1967 ct

257 1992 413 2053 munuum
428 1994 632 2057 diversitatem
653 2003 683 2056 et
700 2014 832 2077 pugnam
843 2001 934 2061 etiam
946 1999 1025 2080 apud
1038 2017 1182 2081 personas
1197 2002 1338 2068 honestas

258 2100 285 2153 et
296 2094 411 2173 probas
425 2080 572 2173 gigneret.
590 2098 718 2158 Honeste
731 2116 862 2176 namque
876 2110 906 2159 ct
924 2106 1002 2161 rccte
1014 2102 1143 2179 quisquc
1159 2102 1248 2165 vellet
1261 2106 1337 2185 juri,

259 2194 347 2273 prale
360 2196 401 2255 ab
416 2195 471 2255 illo
487 2198 691 2275 cognoscitur,
707 2198 875 2259 voluntates
892 2216 996 2260 omrres
1010 2200 1097 2259 subdi
1113 2202 1184 2277 :jus
1197 2204 1278 2262 enim
1295 2212 1339 2265 est

262 2302 388 2374 potestas
401 2296 572 2356 secundnm
585 2295 728 2357 rationem
745 2298 945 2358 ineluctabilis
959 2298 1053 2375 (363).
1068 2300 1157 2375 Ergo,
1173 2308 1208 2359 ut
1219 2301 1339 2363 socialis

267 2397 421 2456 rudcntas
433 2398 529 2474 possit
546 2398 683 2457 omnium
703 2396 872 2457 voluntates
894 2400 1076 2473 conjungere
1090 2402 1178 2474 nuuc
1202 2398 1234 2459 in
1248 2400 1340 2461 linem

268 2494 400 2555 moialem
415 2495 566 2571 ordinare,
583 2512 701 2557 neccsse
718 2503 763 2557 cst
783 2513 850 2557 cam
863 2494 980 2556 diversa
994 2498 1047 2556 illa
1059 2500 1129 2574 jura
1141 2496 1340 2561 determinare

264 2601 362 2674 etapte
370 2582 1339 2683 componoreita‚utnuliiussubditivoluntatiliceataria'quam

260 2695 421 2757 auctoritas
441 2694 650 2771 designaverit,
668 2693 733 2755 ullo
753 2700 839 2774 pacto
858 2694 1006 2756 recedere.
1022 2696 1090 2757 lluc
1105 2701 1232 2774 potestas
1245 2690 1340 2759 detor·

259 2794 398 2857 minandi
407 2798 481 2873 jura
492 2802 522 2857 ct
532 2794 629 2857 officia
639 2797 718 2857 inter
733 2794 869 2857 subditos
878 2796 1040 2876 reciproca,
1052 2794 1109 2857 dici
1124 2794 1200 2859 solet
1212 2804 1341 2877 potestur

253 2893 425 2972 jrnlr’rmie
434 2913 448 2956 :
459 2913 527 2974 quaa
536 2896 661 2972 quidem
675 2902 722 2956 est
737 2912 835 2956 uuum
850 2895 987 2956 emediis
1000 2895 1214 2956 efficacissimis
1235 2898 1272 2958 ad
1287 2897 1340 2959 ob·

260 2993 423 3056 urendum
445 3011 499 3074 per
521 2994 647 3055 rationis
668 2993 734 3056 vias
751 2993 941 3055 voluntatum
958 2993 1195 3054 consociaturum
1217 3011 1341 3058 concor-

258 3095 341 3157 diam
354 3096 616 3175 etpemectinnem.
632 3095 721 3172 Ergo,
730 3095 875 3171 quoniam
882 3109 1032 3170 suprema
1043 3091 1141 3154 civilis
1158 3093 1341 3154 auctoritatis

258 3205 304 3258 est
311 3196 487 3257 societatem
500 3195 671 3256 universam
683 3202 751 3272 apte
761 3191 901 3254 ordinare
914 3209 948 3252 ac
959 3189 1112 3270 perficere,
1121 3190 1158 3252 ad
1167 3207 1340 3272 supremam

259 3294 340 3355 hanc
353 3292 572 3366 auctoritatem,
584 3292 732 3353 nimirum
742 3290 778 3350 ad
794 3305 953 3371 personam
968 3305 1023 3349 seu
1038 3288 1193 3368 physicam
1210 3305 1263 3350 seu
1276 3305 1340 3352 mo-

258 3395 356 3456 ralem
373 3409 442 3471 quae
456 3393 542 3453 illam
560 3392 648 3469 gerit,
664 3391 863 3452 essentialiter
872 3390 1002 3470 pertinet
1022 3395 1150 3468 potestas
1166 3389 1337 3469 judiciaria.
1422 3385 1426 3394 ’

298 3493 372 3555 911.
384 3493 514 3555 ennom.
528 3522 570 3537 -
582 3491 650 3551 llaec
659 3489 778 3567 Jurium
796 3490 983 3568 privatorum
1004 3489 1221 3569 determinatio,
1238 3507 1340 3568 quma
1415 3483 1417 3488 ’

259 3593 382 3672 publica
400 3593 574 3653 anctoritate
591 3591 667 3651 lacu
680 3591 731 3664 sit,
746 3590 835 3666 longe
849 3589 969 3651 diversa
989 3596 1034 3651 est
1047 3589 1088 3651 ab
1100 3589 1276 3652 eorumdem
1289 3590 1341 3652 dc-

258 3693 421 3754 elarationc
431 3707 500 3769 qua
512 3708 530 3752 a
540 3691 663 3769 privatis
675 3688 846 3750 doctoribus
854 3689 1044 3750 emanaverit
1057 3708 1065 3748 :
1082 3687 1114 3750 hi
1128 3705 1261 3768 namque
1271 3687 1340 3750 nul·

260 3793 326 3853 lum
339 3808 395 3871 per
408 3808 441 3851 sc
454 3791 566 3851 habent
574 3791 628 3867 jus
641 3787 755 3850 alienas
765 3786 906 3849 movendi
921 3788 1104 3850 voluntates.
1119 3789 1222 3867 ltaque
1234 3804 1340 3850 corum

259 3893 476 3953 dcclarationes
488 3905 548 3951 uon
561 3889 652 3951 aliam
665 3889 728 3949 rim
737 3887 861 3966 habeut,
869 3905 1038 3966 qnameam
1050 3903 1119 3966 quo
1130 3889 1276 3952 averitatc
1284 3896 1342 3952 cta

259 3991 439 4064 rationibus,
450 3988 562 4067 quihrn
572 3988 633 4050 illa
646 3988 796 4064 nituntur,
808 3988 885 4049 torte
893 3989 1019 4049 oriatur.
1032 3989 1071 4048 lit
1081 4001 1154 4048 vcro
1168 3989 1339 4066 ensurius,

259 4087 469 4170 quoniamilla
488 4095 533 4148 est
546 4105 599 4166 per
618 4105 649 4148 se
667 4089 731 4166 ipsa
749 4089 801 4166 jus
825 4087 996 4148 voluntates
1013 4085 1174 4148 associatos
1188 4087 1338 4162 movendi,

256 4193 328 4274 Jura
337 4197 368 4250 et
378 4189 478 4250 cilicia
488 4187 680 4248 subditorum
700 4187 801 4264 eflicit,
814 4204 913 4265 quum
931 4186 984 4247 illa
1001 4187 1037 4247 ad
1051 4201 1213 4247 commune
1227 4185 1341 4250 bonum

260 4291 406 4363 declarat,
418 4287 509 4347 modo
521 4291 622 4347 tamen
631 4285 903 4347 iniisdctlnicndis
912 4301 962 4348 eas
974 4286 1093 4362 regulas
1107 4291 1263 4362 sequatur,
1275 4286 1342 4363 qni·

260 4389 317 4449 bus
331 4387 518 4449 auctoritatis
531 4384 686 4461 legitimus
695 4401 770 4445 usus
782 4383 922 4470 efficitur,
937 4391 973 4446 ut
986 4383 1112 4448 interius
1125 4383 1271 4446 dicemus.

298 4481 1341 4564 stc.Pos.tt3².-lmaginanonemetansussoriornmdeoetctvitts

260 4586 422 4648 auctoritas
442 4583 586 4664 perticere
606 4589 636 4644 et
653 4584 803 4660 negative,
817 4599 923 4662 pravas
938 4583 1091 4646 illecebras
1106 4581 1342 4657 remorandust

262 4686 397 4763 maitiae
411 4684 530 4764 objecta
543 4683 670 4744 honesta
681 4682 775 4744 simul
789 4689 820 4744 et
828 4683 967 4761 jncuuda
981 4683 1045 4746 illis
1055 4681 1259 4763 proponendo.

300 4785 395 4848 Erec
408 4783 541 4848 tnruu.
558 4811 596 4829 ··
609 4779 775 4846 addciictc
786 4781 1001 4846 committenda
1023 4781 1191 4934 excitarirbur
1209 4778 1342 4856 pierum-

382 4892 418 4942 rr.
