3559 5675
451 716 511 781 idi
858 739 936 785 eneis
957 739 1115 786 senonens

450 848 534 921 paeto
552 843 720 906 de‘ieaeum
739 846 918 925 opinionum
939 844 1069 907 salsitate
1089 847 1366 921 coenmoneiaeiens,
1377 846 1427 908 hae
1445 847 1495 927 ipsa

450 948 547 1018 etate,
560 959 659 1021 quum
678 946 772 1005 temet
792 945 893 1007 adhue
906 946 939 1007 in
952 944 1123 1023 atiquomm
1144 946 1255 1007 animis
1278 944 1415 1008 scdidcse
1432 946 1497 1007 itlius

450 1040 592 1105 doctrine
605 1043 804 1125 desiderium,
824 1062 935 1124 quum,
949 1045 1170 1106 uenerabilibus
1191 1047 1354 1125 presertim
1371 1045 1499 1123 Episeopis

450 1158 572 1203 summa
599 1145 766 1205 constantia
793 1144 1011 1225 pmdeutiaque
1043 1144 1259 1223 adnitentibus,
1291 1147 1341 1207 vix
1367 1146 1501 1223 incipimus

451 1258 612 1320 agnoscere
626 1260 661 1306 ae
678 1246 779 1324 palam
792 1246 925 1325 profiteri
936 1262 1072 1307 romonae
1085 1262 1136 1307 eas
1147 1243 1337 1327 disciptinas,
1349 1244 1502 1307 universatis

451 1342 564 1404 seilicet
581 1343 720 1405 Ecclesiae
736 1344 854 1407 decreta
865 1352 897 1407 et
913 1345 1106 1417 documenta,
1118 1344 1229 1422 quibus
1240 1350 1270 1405 te
1287 1343 1502 1407 laudabiliterai·

452 1444 555 1504 demas
572 1460 639 1505 esse
657 1443 919 1507 addictissimum!

492 1548 527 1603 2⁰
545 1546 643 1605 immo
656 1560 739 1623 vero,
759 1545 817 1620 aie,
832 1544 979 1607 lectorum
999 1547 1116 1606 animos
1134 1542 1280 1605 aduersus
1301 1560 1353 1605 eas
1373 1544 1504 1623 opiniones

451 1642 608 1723 perillam
629 1644 795 1723 subjectam
817 1644 1040 1706 adnotationem
1062 1645 1134 1705 setis
1152 1645 1329 1724 premunio.
1352 1645 1461 1705 -lton
1476 1644 1505 1703 iu

452 1748 507 1813 eet,
527 1742 606 1804 mihi
618 1743 724 1821 erede3
744 1759 801 1805 nee
819 1744 988 1805 maleficam
1006 1744 1223 1821 galiimnarnni
1244 1744 1446 1824 opinationum
1460 1748 1506 1801 ate

453 1843 520 1904 sine
536 1842 601 1904 ulia
612 1860 738 1922 prorsus
751 1844 976 1923 impugnatione
995 1844 1159 1906 relatarum
1172 1845 1236 1905 vine
1250 1842 1402 1905 adnotatio
1414 1842 1461 1905 ilie
1471 1848 1507 1901 ua

453 1942 491 2003 ed
512 1942 584 2002 iibri
601 1942 712 2003 calcem
736 1942 851 2020 adjecta
873 1942 1026 2005 debilitare
1039 1948 1146 2023 potest.
1162 1940 1278 2015 Preion,
1296 1943 1370 2022 quia
1385 1947 1508 2022 pestremo

454 2041 519 2101 ioco
532 2046 652 2100 tantum
664 2041 848 2119 supervenit.
863 2042 947 2116 Quas
962 2041 1046 2103 enim
1058 2040 1215 2121 opiniones
1228 2042 1334 2103 auimo
1345 2038 1427 2120 peius
1438 2038 1510 2100 eiiii·

455 2156 536 2217 mue,
551 2156 613 2202 non
631 2141 719 2203 tacite
739 2142 896 2221 ejiciemus
914 2142 954 2204 ob
977 2143 1140 2205 contrariu
1159 2141 1376 2209 affirmationes
1388 2140 1509 2220 poetedu

454 2247 656 2317 mentientes,
679 2240 801 2323 mando
818 2243 886 2319 jam
906 2248 986 2303 certa
1003 2241 1158 2303 mentibus
1180 2244 1331 2303 mnenon
1354 2240 1463 2303 insedit.
1482 2271 1510 2283 -

455 2339 664 2419 Dn‘ede,e1uia
680 2342 772 2403 unica
791 2347 837 2403 est
858 2348 961 2404 eontra
975 2344 1137 2404 innumera
1150 2342 1216 2405 loca
1230 2342 1263 2403 in
1276 2342 1391 2421 quibus
1404 2341 1511 2403 affirmes

456 2442 535 2503 hene
558 2441 607 2503 vet
629 2442 715 2504 illam
731 2442 922 2522 apostotieem
945 2444 1043 2521 legem
1068 2444 1272 2526 univepsalem
1296 2460 1359 2505 non
1382 2445 1512 2521 vigerem

456 2542 566 2614 Gellia,
587 2557 650 2603 non
665 2544 798 2619 agnosci,
813 2558 876 2603 uon
894 2544 998 2622 recipi,
1017 2560 1080 2604 non
1094 2542 1222 2605 admitti.
1234 2544 1302 2603 iam
1316 2560 1384 2622 quie
1397 2558 1467 2620 sepe
1476 2556 1513 2598 ne·

457 2646 602 2721 petuntur
614 2646 644 2702 et
656 2640 856 2720 inculcantur,
869 2642 968 2705 multo
981 2642 1073 2705 attius
1088 2643 1268 2723 firmiusque
1281 2644 1386 2705 animo
1400 2644 1513 2703 inserun·

458 2746 519 2818 tue,
533 2754 627 2817 quam
644 2755 712 2816 quae
731 2739 826 2802 semel
842 2748 873 2802 et
889 2741 1113 2821 quodammodo
1130 2744 1226 2806 obiter
1243 2744 1281 2805 ab
1300 2743 1406 2805 eodem
1419 2747 1514 2803 auctore

457 2840 606 2901 dicentur.
617 2871 655 2886 -
667 2835 807 2912 Tertium,
822 2842 896 2919 quie
910 2858 1107 2921 nequaquam
1119 2845 1218 2921 rejicis
1231 2849 1348 2923 aperto,
1361 2857 1421 2904 non
1434 2854 1514 2918 repre

459 2941 536 3018 nes,
566 2955 628 3001 non
646 2939 771 3000 damnes
800 2941 834 3000 in
856 2940 911 3001 itte
929 2941 1118 3004 adnotatione
1140 2941 1306 3020 gallicanas
1333 2939 1514 3002 mndusiouee

459 3045 525 3102 ate
543 3038 657 3119 passim
678 3039 712 3100 in
731 3045 785 3100 tuo
803 3039 882 3101 libro
900 3039 1007 3102 allatae
1024 3047 1054 3102 et
1068 3042 1246 3121 propositas.
1261 3040 1436 3102 Proteetaeis
1452 3032 1515 3098 deii·

461 3140 550 3201 toties
565 3145 598 3201 et
612 3137 857 3201 conditionaliter
873 3145 904 3201 ts
924 3161 941 3197 a
962 3141 1063 3202 sotum
1085 3147 1121 3202 ut
1140 3142 1254 3202 tactum
1268 3158 1288 3204 a
1301 3139 1446 3217 theologie
1461 3135 1515 3198 eet·

461 3241 510 3304 lie
529 3238 698 3302 exhibitum
715 3240 825 3300 reform
846 3240 1022 3318 intendisse,
1049 3240 1150 3323 siquae
1162 3240 1290 3318 gallicas
1305 3237 1516 3304 eonsuetudines

461 3340 663 3421 apontitieiie
683 3340 948 3402 constitutionibus
977 3341 1094 3404 alienas
1122 3340 1304 3422 seposueris.
1334 3363 1351 3400 e
1378 3344 1440 3404 Non
1464 3351 1516 3413 cest

462 3442 617 3519 agnoscis,
639 3455 702 3502 non
723 3441 838 3516 totonis,
860 3440 915 3503 illa
933 3457 1003 3520 que
1026 3441 1167 3522 superius
1191 3461 1209 3503 a
1232 3459 1282 3503 me
1305 3442 1433 3504 indicata
1452 3441 1516 3508 sunt,

463 3540 563 3601 aliena
580 3555 647 3600 esse
667 3557 686 3599 a
704 3539 863 3618 pontificiis
879 3541 1143 3604 constitutionibus
1160 3545 1350 3622 muccisque
1366 3536 1515 3618 deieiptieei.

466 3638 592 3700 &edem
602 3645 742 3718 preterea
754 3640 879 3718 gallicae
893 3641 1138 3718 eonsuetudines,
1148 3643 1241 3704 etiam
1253 3641 1324 3704 iliae
1334 3657 1404 3721 que
1414 3639 1517 3720 foetos

464 3755 483 3801 a
496 3739 657 3818 pontificiis
668 3739 788 3818 iegibus
800 3747 902 3802 essent
913 3740 1190 3821 aticumprofiteris
1204 3747 1233 3802 te
1246 3743 1422 3822 exposuisse
1433 3745 1463 3800 et
1474 3735 1518 3816 soc

465 3847 528 3900 tum
535 3861 549 3910 ,·
562 3846 593 3900 at
608 3839 719 3900 iactum
737 3840 795 3901 hoe
807 3846 912 3902 utrum
927 3841 1043 3904 bonum
1057 3843 1148 3904 sitan
1162 3857 1303 3921 pravom,
1319 3840 1479 3918 legitimum
1489 3847 1516 3894 ut
1575 3831 1576 3838 ’

465 3940 670 4016 illegitimum,
686 3955 749 4001 nou
764 3941 906 4020 explices.
922 3943 987 4004 Non
1000 3959 1071 4020 ergo
1086 3942 1233 4004 tectorum
1251 3943 1371 4004 animoa
1383 3945 1477 4003 centn
1487 3933 1516 3994 il·

464 4039 510 4100 ¹³⁸
525 4039 711 4117 ⁰95⁰²²i⁰¹¹⁰⁸
726 4041 903 4118 immuniti·
918 4071 958 4088 ··
973 4038 1128 4114 (inertum,
1144 4041 1226 4120 quod
1240 4059 1277 4103 ex
1290 4042 1378 4102 tortio
1389 4038 1514 4116 nequitum
1575 4057 1576 4072 2

465 4139 538 4216 quie
551 4139 583 4199 in
594 4139 794 4200 controversia
804 4137 955 4218 reiigione,
965 4157 1062 4218 enque
1076 4147 1138 4202 tam
1151 4141 1245 4217 gensi,
1257 4139 1361 4204 doctor
1372 4137 1515 4213 theologus,

464 4239 630 4318 prasertim
648 4237 797 4319 repeteris
810 4247 840 4301 et
850 4243 974 4319 jemna,
989 4242 1015 4301 si
1028 4257 1184 4304 mrcncem
1196 4242 1363 4305 doctrinam
1378 4255 1435 4302 non
1447 4235 1515 4300 sudet

465 4339 566 4418 petam
585 4341 707 4416 rejicere
722 4346 753 4401 et
769 4341 959 4422 impugnare,
979 4343 1150 4404 censendus
1168 4350 1215 4404 est
1232 4343 1277 4404 illi
1290 4345 1414 4405 omnino
1424 4340 1512 4402 faece.

466 4438 562 4513 Cuius
575 4440 619 4499 eei
635 4439 791 4504 menitesta
807 4442 882 4502 ratio
896 4448 951 4503 est.
965 4443 1209 4521 Quotiescunque
1224 4445 1308 4505 enim
1322 4441 1457 4522 gentibue
1468 4449 1514 4496 mo

467 4539 577 4600 mentis
588 4537 627 4600 ed
644 4539 758 4617 aliquid
778 4541 950 4604 iaciendum
969 4543 1109 4606 voluutas
1125 4544 1252 4624 positive
1265 4543 1437 4625 impellitur,
1447 4539 1469 4598 si
1480 4536 1514 4595 te·

467 4653 533 4698 cere
552 4638 673 4707 omittit,
688 4638 852 4702 reluctatur
869 4643 907 4703 iis
925 4645 1107 4723 momentis3
1128 4643 1237 4708 idcirco
1251 4651 1350 4707 autem
1365 4641 1512 4705 minentur,

468 4737 540 4814 quia
559 4735 696 4815 diepiieet
716 4737 743 4800 ei
767 4756 856 4804 cause
876 4741 911 4804 ad
932 4749 1025 4822 quam
1048 4745 1299 4825 propugnandam
1317 4745 1367 4806 iile
1387 4739 1511 4803 monente
