3559 5675
571 720 679 771 mnu.
706 737 739 752 -
764 721 848 768 erasa
867 721 1062 770 nucuscruus:
1309 705 1366 770 titt

279 824 388 903 petiit3
402 840 502 904 neqm
517 826 642 898 cbristo
652 829 792 903 Domino,
806 828 883 910 Filio
896 845 965 903 suo,
980 829 1119 908 pracepit
1132 829 1259 890 autulio
1274 829 1364 906 morlo

280 926 392 999 sumit,
417 933 452 986 ut
468 927 587 987 reniam
607 927 702 988 ullam
724 945 742 987 a
763 927 849 989 laicis
868 929 1064 1006 potestatibus
1079 923 1246 1006 exquireret
1260 917 1366 1009 :quin

282 1026 349 1086 imo
359 1041 407 1084 res
420 1025 462 1085 ita
474 1025 646 1090 luitdiviuc
659 1024 784 1088 consilio
795 1029 1020 1106 sapientissimo
1034 1028 1189 1114 qisposita,
1205 1035 1239 1090 ut
1253 1030 1366 1091 buma-

278 1126 337 1186 ³nis
351 1126 505 1196 omuibus,
520 1143 588 1202 qua
601 1134 674 1188 turre
692 1128 837 1204 vigerent,
852 1129 1050 1211 potestatibus
1064 1145 1156 1206 quarn
1170 1130 1302 1192 maxime
1313 1133 1366 1190 in-

286 1225 373 1298 vitis,
397 1223 542 1285 Christus·
561 1227 708 1288 hominm
730 1229 803 1288 etin
820 1227 1002 1288 benennam
1017 1229 1106 1289 luerit
1118 1229 1229 1304 editus,
1244 1236 1272 1290 et
1287 1229 1366 1292 clam

287 1323 435 1398 nutritus,
451 1329 480 1396 et
499 1324 772 1398 doctrinam,suam
795 1327 1018 1387 sanctissimam
1032 1327 1247 1405 praedicaverit,
1268 1335 1297 1388 et
1311 1347 1367 1406 pu·

285 1421 392 1482 sillam
411 1439 529 1501 prepem
541 1410 817 1501 suorum'coegcrit
838 1443 872 1486 ac
895 1427 1004 1486 rexerit
1020 1444 1027 1502 ².
1044 1443 1114 1487 eum
1132 1426 1244 1506 quippe
1265 1430 1366 1490 statim

286 1521 327 1582 ab
350 1525 418 1600 ejus
439 1526 593 1585 nativitate
616 1525 786 1586 necandum
809 1526 939 1586 llarcrles
958 1543 1009 1586 rex
1032 1527 1199 1602 conquirit;
1222 1527 1367 1605 profugus

286 1622 370 1684 idem
381 1624 460 1706 apud
478 1629 633 1686 extraneas
644 1631 748 1700 gentes
760 1641 847 1702 agere
860 1643 914 1704 per
927 1642 1023 1686 annos
1038 1626 1207 1704 complures
1230 1627 1366 1706 cogitur;

287 1730 357 1783 turn
371 1724 514 1784 atudaeis
528 1726 753 1800 magistratibus
773 1726 856 1785 omni
872 1734 935 1785 arte
951 1724 1127 1803 prohibetur
1143 1741 1182 1786 ne
1198 1726 1368 1787 doctrinam

289 1839 379 1884 suam
392 1829 554 1901 propaget3
569 1824 607 1882 ab
620 1823 726 1883 iisdem
742 1823 873 1899 denique
888 1823 923 1883 ad
942 1831 1067 1884 mortem
1082 1826 1229 1902 expetitus
1243 1825 1281 1886 cb
1300 1827 1368 1885 uni-

290 1939 359 1986 cam
374 1939 440 1982 eam
455 1939 579 1984 mosam
591 1924 672 2000 quorl
683 1926 751 1999 cius
763 1923 918 2000 evarrgelio
929 1924 1073 2002 permulti
1084 1924 1333 2003 adhaerescerent,
1350 1942 1368 1985 a

290 2021 370 2082 laica
383 2037 575 2082 romanorum
589 2022 663 2082 inibi
675 2021 914 2100 imperitantium
930 2028 1072 2099 potestate
1085 2023 1214 2084 allicitur
1225 2023 1263 2084 ob
1281 2041 1367 2084 cam·

289 2121 362 2182 dem
384 2134 477 2182 unam
500 2139 622 2182 causam
643 2122 853 2182 crudelissimo
877 2122 1036 2201 supplicio.
1063 2125 1140 2200 Ergo
1170 2139 1207 2184 ne
1233 2125 1369 2201 Apostoli

288 2219 416 2299 quidem
435 2237 600 2299 eorumque
619 2237 806 2282 successores
822 2222 931 2282 debent
944 2221 1114 2282 lacultateur
1137 2223 1232 2284 ullam
1253 2225 1290 2284 ab
1309 2224 1369 2283 bu·

290 2337 382 2382 mana
394 2319 460 2380 ulla
467 2327 609 2399 potestate
624 2337 756 2400 psseere,
768 2327 803 2381 ut
816 2321 873 2380 sibi
888 2321 976 2381 liccat
993 2323 1183 2396 euangelium
1198 2323 1368 2401 praelibare,

292 2437 368 2482 suos
384 2420 546 2500 discipulos
566 2422 682 2494 docere,
695 2421 929 2481 christianorum
945 2421 1117 2480 societatem
1137 2422 1167 2480 in
1179 2422 1215 2481 iis
1227 2423 1368 2484 omnibus

291 2539 363 2598 quta
376 2521 414 2581 ad
429 2521 607 2598 religionem
618 2522 746 2581 attinent
760 2520 889 2596 dirigere
901 2526 931 2581 et
944 2519 1129 2596 gubernar03
1146 2520 1219 2597 quin
1232 2521 1294 2581 imo
1307 2521 1370 2582 bec

294 2622 397 2683 mnia
415 2622 524 2682 slebem
546 2621 677 2700 Apostoli
692 2637 857 2698 eorumque
879 2637 1063 2681 successores
1078 2620 1172 2681 libere
1187 2627 1370 2682 mnatanter·

296 2739 356 2798 qus
375 2729 534 2802 mutere,
557 2723 665 2800 spretis
683 2722 765 2782 laicae
787 2723 940 2800 potestatis
959 2721 1116 2782 contrariis
1138 2722 1368 2799 quibuscunque

293 2823 467 2902 preceptiss
477 2828 676 2899 tenemurque
685 2823 756 2899 jure
768 2820 871 2883 divim
887 2821 1025 2881 resistere
1039 2837 1107 2881 cum
1119 2835 1302 2899 quocunque
1312 2837 1368 2883 suo

293 2922 428 3001 periculo
447 2922 547 3000 impiis
567 2922 690 2997 regibus
704 2930 735 2981 et
751 2921 938 3002 principibus
953 2936 1119 2995 eorumque
1133 2936 1166 2981 ac
1179 2922 1294 2981 Satanae
1309 2922 1369 2981 mi·

293 3021 409 3090 rustris,
428 3022 482 3097 qui
497 3021 627 3082 audeant
644 3022 850 3097 euangelicum
867 3036 973 3081 eorum
990 3020 1191 3080 ministerium
1203 3025 1234 3080 et
1249 3020 1369 3097 religio—

294 3138 366 3181 sum
386 3121 557 3181 christianae
576 3122 725 3181 societatis
745 3121 881 3197 regimen
900 3118 1063 3197 impedire,
1090 3118 1222 3192 turbare,
1244 3119 1301 3179 sibi
1317 3136 1370 3199 per

292 3221 358 3281 vim
368 3220 539 3282 attribuere.
554 3222 628 3281 llam
639 3219 694 3280 boc
703 3218 888 3306 planemodo
899 3216 1035 3279 Christus
1049 3217 1193 3277 Dominus
1202 3216 1370 3281 abAEterno

293 3336 352 3380 suo
370 3323 455 3381 Patre
468 3320 580 3380 missus
595 3319 671 3394 tuit3
687 3325 777 3396 atque
796 3318 901 3379 eodem
925 3316 1013 3377 modo
1032 3316 1084 3377 ille
1101 3316 1258 3405 Apostolos
1274 3318 1368 3395 misit,

293 3421 374 3483 sicut
386 3421 510 3480 miserat
521 3438 593 3479 eum
605 3422 702 3480 Pater.
719 3422 806 3495 lugo,
817 3424 873 3479 etc.
982 3426 985 3433 ’

337 3522 389 3581 ΙΙΙ.
411 3520 562 3595 Christus,
577 3510 841 3581 Homo-beas.‘en
857 3536 919 3596 quo
936 3523 1017 3595 pacto
1032 3517 1188 3597 Apostolos
1202 3534 1368 3596 eorumque

295 3636 481 3683 successores
498 3621 611 3680 miserit
631 3620 666 3680 ari
681 3619 870 3695 evangelium
886 3618 1055 3679 tlomndum
1076 3624 1105 3678 et
1122 3634 1193 3679 suos
1209 3618 1370 3697 discipulos

294 3718 526 3797 gubernandos:
547 3720 684 3779 «Eunias
696 3724 809 3789 autem,
822 3718 863 3775 ait
871 3715 923 3792 (a),
942 3716 1112 3795 praedicate,
1125 3716 1276 3777 dicentes:
1292 3719 1370 3791 Quia

295 3818 548 3899 appropinquavit
558 3834 683 3895 regnum
698 3817 879 3878 coelomm...
894 3820 1001 3877 tlavete
1016 3822 1116 3875 autem
1129 3816 1166 3875 ab
1180 3814 1367 3877 bominibus.

297 3918 427 3977 Tradent
438 3918 519 3977 enim
529 3934 582 3977 vos
590 3919 621 3975 in
631 3915 765 3975 conciliis
775 3921 805 3974 et
815 3916 845 3973 in
856 3914 1016 3989 synagogis
1027 3914 1091 3973 suis
1100 3912 1367 3989 flagellabuntvos.

297 4020 334 4079 Et
345 4017 382 4078 ιιι]
395 4018 538 4095 prasirlcs
550 4023 581 4077 et
592 4016 629 4077 ad
642 4033 727 4092 reges
746 4014 899 4075 ducemini
916 4019 1034 4091 propter
1048 4029 1096 4072 me
1112 4012 1148 4085 in
1164 4013 1368 4075 testimonium

297 4117 359 4178 illis
370 4117 583 4192 etgcntibus...
596 4119 660 4176 lton
672 4121 716 4175 est
726 4114 893 4193 discipulus
904 4130 994 4190 supra
1003 4113 1191 4187 magistrum,
1203 4126 1258 4172 nec
1267 4130 1371 4183 sersus

295 4234 388 4296 super
396 4216 557 4276 dominum
567 4213 954 4289 suum.Sullicitdiscipnlo
962 4220 994 4271 ut
1004 4213 1044 4271 sit
1054 4212 1130 4273 sicut
1141 4212 1281 4288 magister
1290 4214 1369 4289 ejus,

296 4322 327 4379 et
337 4332 435 4389 serso,
448 4316 526 4377 ucut
534 4316 677 4375 (lominus
687 4317 764 4390 eius.
773 4314 804 4373 Si
814 4311 1060 4392 patremfamilias
1074 4311 1239 4373 Beelzebub
1251 4330 1371 4375 uocase-

295 4423 380 4489 runt‚
394 4420 507 4494 quanto
524 4416 621 4492 magis
631 4413 808 4475 domesticos
823 4414 913 4489 ejus?
925 4409 965 4470 Ne
979 4428 1049 4489 ergo
1062 4412 1223 4475 timueritis
1236 4430 1323 4473 eos...
1338 4416 1372 4475 tlt

296 4518 390 4579 nolite
401 4518 505 4578 timere
517 4534 569 4577 eos
579 4514 906 4596 quiocciduntccrpus‚
918 4514 1051 4575 animam
1061 4519 1162 4574 autem
1176 4530 1237 4575 non
1250 4522 1373 4594 possunt

328 4722 465 4788 (suaith.
479 4738 504 4775 a.
