3559 5675
468 704 526 765 386
873 718 950 763 iuius
974 716 1131 763 uisitauit:

467 823 769 895 communicationem
797 824 1011 901 pertinentium
1037 824 1203 901 cuiiipleiio
1222 830 1266 886 est
1291 821 1360 883 illud
1383 820 1451 901 quod
1471 820 1507 895 jue

468 923 687 1005 diplomaticum
701 922 844 1003 appellari
856 924 1011 993 consueuit
1029 942 1048 984 a
1069 920 1227 1003 diplomate
1242 941 1300 1003 quo
1314 922 1418 1001 legatus
1435 922 1510 999 quili-

467 1024 528 1099 bet,
551 1026 583 1085 in
608 1025 656 1087 sui
679 1023 813 1084 muneris
833 1024 1051 1101 matronium,
1076 1040 1094 1083 a
1120 1022 1222 1085 sociali
1247 1024 1510 1095 auctoritatesque

469 1140 626 1204 personam
641 1131 781 1199 gesturus
795 1127 850 1192 est,
867 1129 1033 1202 opportune
1048 1124 1263 1182 communitur.
1281 1124 1315 1182 Ei
1325 1125 1390 1197 jura
1402 1120 1447 1181 iila
1458 1120 1512 1197 qui·

467 1225 536 1287 dem
550 1231 639 1307 atque
653 1224 750 1294 otllcia
764 1221 967 1303 diplomatica.
982 1226 1130 1303 quautam
1145 1222 1239 1289 asela
1256 1222 1383 1295 naturali
1395 1222 1452 1301 lege
1464 1236 1513 1297 pro·

467 1326 604 1395 ueniunt,
624 1325 728 1395 omnia
754 1322 790 1388 ad
811 1306 866 1385 tria
884 1324 938 1383 iila
962 1325 1076 1405 capita,
1102 1340 1169 1401 quae
1194 1340 1288 1403 iiiiper
1312 1323 1422 1383 ultimis
1442 1320 1514 1379 tribea¹

467 1425 663 1504 positionibus
688 1424 947 1496 enumeravimus,
972 1422 1168 1493 reducuntur.
1196 1424 1233 1481 at
1255 1424 1303 1483 liis
1326 1424 1408 1499 quasi
1428 1419 1515 1481 lunda·

468 1522 578 1583 mentis
591 1522 730 1591 innixum
747 1524 801 1599 jus
815 1520 978 1601 positivum
993 1520 1223 1581 internetionale
1242 1522 1386 1599 plurimas
1404 1526 1517 1599 praterea

466 1621 548 1698 leges
561 1628 592 1691 et
604 1620 837 1684 eonsuetudines
859 1620 978 1698 adjecit,
1001 1636 1133 1695 quarum
1155 1622 1299 1698 expositio
1313 1620 1350 1681 ad
1363 1620 1436 1697 juris
1449 1623 1516 1677 natu·

466 1724 539 1788 ralis
553 1721 807 1803 compendiariam
821 1722 1026 1785 tractationem
1038 1721 1273 1801 haudquaquam
1288 1723 1421 1803 pertinet.

873 1898 1081 1975 narremus
1102 1900 1139 1959 n.

468 2056 511 2119 De
527 2058 599 2137 jure
618 2066 649 2118 et
665 2056 766 2139 officio
789 2055 1063 2121 aemulabantur
1088 2056 1277 2137 eopuiiienem
1300 2076 1376 2124 uera
1400 2054 1520 2135 uli'piuii

738 2156 823 2236 apud
835 2156 912 2217 atior
928 2158 1054 2237 populns
1071 2156 1268 2239 prepnqaudi.

510 2315 597 2376 1175.
619 2317 852 2379 Numantina-
866 2312 911 2374 ild
926 2313 1083 2374 relationes
1099 2312 1244 2391 morales,
1260 2330 1329 2391 qum
1352 2314 1447 2391 plures
1465 2320 1521 2369 mter

466 2414 594 2495 populos
616 2414 852 2495 independenter
877 2415 1021 2473 interesse
1039 2421 1185 2493 possunt,
1211 2415 1342 2491 pertinet
1359 2398 1450 2473 eiiam*
1463 2408 1523 2471 aliud

467 2515 621 2593 problema
634 2516 773 2592 superius
787 2512 952 2573 indicatum
974 2512 1000 2589 (l
1012 2514 1088 2589 lbi),
1100 2512 1253 2589 quoduam
1271 2514 1385 2573 seilicet
1403 2513 1523 2591 reciproce

464 2617 519 2693 jue
540 2616 578 2673 sit
600 2614 773 2673 nationibus
788 2612 957 2689 equalibus
976 2630 1053 2673 verae
1074 2610 1153 2690 apud
1175 2611 1250 2671 alias
1266 2614 1420 2689 religionis
1440 2627 1524 2693 propt·

467 2712 583 2791 gandae.
610 2713 704 2790 Cujus
727 2711 851 2792 quidem
874 2712 1069 2791 problematis
1087 2712 1195 2773 solutio
1220 2712 1257 2773 ab
1285 2714 1323 2771 iis
1344 2730 1411 2791 quae
1430 2712 1524 2787 injure

466 2812 549 2876 civili
566 2815 632 2890 jam
648 2812 845 2874 disseruimus
859 2812 897 2874 de
910 2811 1003 2874 simili
1013 2814 1083 2890 Jure
1095 2813 1175 2894 quod
1191 2810 1318 2892 publicae
1338 2811 1493 2874 auctoritati
1504 2808 1525 2868 in
1575 2831 1576 2856 l

467 2930 537 2974 suos
552 2913 687 2972 subditos
701 2913 774 2974 torte
789 2920 980 2991 competeret,
997 2911 1163 3004 plurimum
1186 2913 1305 2990 pendet.
1329 2915 1422 2990 igitur
1439 2929 1495 2990 qua
1513 2925 1525 2966 t

467 3011 553 3073 nobis
573 3028 608 3071 eo
623 3011 687 3072 loco
701 3011 779 3073 banc
799 3013 830 3072 iu
852 3030 915 3073 rem
940 3013 1098 3073 constituta
1112 3024 1203 3086 sum,
1223 3011 1385 3088 diligenter
1398 3013 1445 3073 hic
1462 3029 1527 3070 reco-

467 3113 557 3174 lenda
580 3118 660 3173 sunt.
684 3113 875 3192 Perspicuum
894 3119 995 3172 antem
1017 3119 1070 3187 est,
1096 3111 1131 3170 ad
1152 3111 1207 3172 huo
1222 3113 1379 3188 problema
1404 3115 1526 3192 pertinere

466 3211 545 3273 delle
565 3231 660 3285 roera,
676 3211 829 3289 religionis
848 3229 951 3288 causa,
968 3231 1021 3274 sen
1043 3231 1145 3292 reapse
1165 3231 1218 3272 seu
1241 3215 1339 3290 specie
1364 3221 1458 3286 tentis,
1473 3211 1527 3272 eliu

467 3317 604 3392 suscepta
626 3330 643 3372 a
664 3313 796 3372 romanis
821 3311 1254 3392 imperatoribuschristianis,
1278 3319 1306 3370 et
1329 3313 1428 3372 irredio
1447 3327 1527 3371 asoa

466 3411 588 3487 regibus
607 3412 753 3492 europaeis
770 3418 871 3471 eontra
884 3413 1007 3486 Tureas,
1023 3417 1051 3470 et
1066 3413 1216 3470 recernius
1231 3411 1267 3471 ab
1281 3413 1318 3470 iis
1333 3415 1388 3488 qui
1411 3412 1527 3472 indorum

467 3515 496 3568 et
516 3509 658 3569 Amerina
676 3511 824 3586 regiones,
847 3518 881 3570 ut
904 3529 953 3570 eas
973 3511 1144 3572 christianae
1167 3510 1234 3572 fidei
1260 3511 1436 3588 subderent,
1457 3509 1529 3572 ermis

468 3615 659 3688 occuparunt.

511 3705 598 3766 1176.
616 3707 682 3766 Pos.
707 3705 788 3766 580⁶.
803 3705 943 3769 —Nulla
964 3711 1124 3770 alletoritas
1145 3709 1279 3770 humana
1294 3711 1388 3772 habet
1406 3716 1454 3790 jus
1474 3711 1529 3772 reli·

467 3805 565 3883 gionis
579 3822 672 3882 qnam
688 3805 751 3886 ipsa
764 3807 839 3868 forte
860 3817 1016 3885 sequatur,
1033 3809 1084 3868 alii
1101 3809 1212 3890 populo
1227 3811 1428 3890 imponendae.

507 3907 601 3967 Pana.
614 3939 652 3949 -
665 3905 731 3964 lam
746 3922 777 3966 n.
793 3907 851 3967 875
868 3907 1054 3966 ostendimus
1069 3907 1146 3966 nulli
1162 3908 1303 3968 humana
1316 3913 1479 3971 auctoritati
1493 3928 1530 3990 per

467 4021 498 4064 se
509 4007 573 4065 esse
586 4007 637 4082 jus
646 4005 786 4065 doctriua
797 4007 967 4084 cujuspiam
985 4007 1116 4084 pesitum
1132 4007 1320 4086 imponendae
1332 4027 1398 4070 suis
1409 4011 1527 4072 subditis.

466 4106 536 4182 qnia
558 4105 644 4166 nulla
665 4105 800 4165 bumana
817 4108 974 4166 auctoritas
998 4113 1042 4166 est
1065 4125 1116 4185 per
1139 4125 1170 4166 se
1197 4107 1380 4170 inidlibiiis.
1405 4111 1529 4174 Humane

466 4205 558 4281 igitur
579 4205 746 4264 auctoritati
763 4203 819 4265 hoe
834 4223 931 4266 unum
946 4206 1000 4266 bac
1016 4208 1046 4266 iu
1063 4225 1094 4265 re
1112 4205 1301 4268 efficiendum
1317 4219 1372 4278 est,
1390 4219 1434 4284 ut,
1449 4207 1528 4290 [quoad

465 4307 534 4383 ejus
545 4305 610 4364 lieri
624 4307 730 4382 potest,
747 4303 973 4365 evidentissima
987 4323 1113 4384 qumque
1127 4305 1250 4366 rationis
1265 4314 1293 4366 et
1304 4309 1386 4384 juris
1404 4309 1529 4371 naturalis

465 4402 624 4480 dogmata,
641 4403 753 4478 quibus
767 4403 957 4482 potissimum
973 4407 1014 4466 rei
1035 4405 1161 4484 publicae
1177 4405 1257 4465 salus
1273 4409 1390 4481 urium,
1408 4419 1529 4490 perpetuo

465 4502 605 4564 defendat
626 4508 714 4577 atque
730 4503 843 4579 integra
866 4513 1032 4565 conservet.
1057 4509 1155 4582 Atque
1178 4506 1210 4564 iu
1233 4506 1313 4566 inum
1333 4511 1424 4568 linem
1447 4513 1528 4588 ipsum

464 4618 658 4681 nequaquam
678 4601 729 4663 illa
750 4604 905 4665 internum
922 4621 1079 4668 assensum
1101 4607 1196 4664 asuis
1212 4607 1339 4666 stiliditis
1358 4611 1472 4686 exigere
1487 4624 1527 4688 pe·

465 4706 533 4778 test,
543 4702 595 4764 aed
607 4701 681 4764 illud
693 4706 902 4768 tantummodo
915 4713 1071 4768 exmmnm
1081 4707 1247 4782 silentium,
1257 4707 1335 4784 quod
1346 4709 1385 4772 ad
1398 4709 1527 4788 publicam
