3559 5675
452 722 492 787 od
593 748 600 759 ·
852 739 930 792 aunis
952 746 1108 795 seruilius

451 850 533 912 libus
546 850 699 914 affectibus
720 858 750 915 et
769 856 850 915 euris
872 856 1037 917 necessario
1060 855 1242 935 implicatus,
1262 870 1318 917 nee
1334 861 1451 935 tempus
1471 872 1520 917 uco

453 952 548 1012 animi
561 953 727 1016 libertatem
742 954 939 1017 sufficientem
961 956 1062 1032 babet,
1075 963 1110 1017 ut
1127 956 1283 1017 altioribus
1301 957 1521 1036 contemplatio·

453 1053 538 1115 ribus
551 1062 644 1129 vacet,
659 1060 693 1115 ut
705 1053 921 1134 multiplicibus
940 1072 974 1117 ac
996 1056 1148 1117 diuturnis
1171 1056 1231 1118 illis
1252 1058 1361 1117 mentis
1382 1060 1412 1117 et
1433 1057 1520 1117 animi

453 1155 599 1216 exercitiis
620 1156 785 1229 incumbat,
804 1156 869 1217 siue
890 1157 1003 1234 quibus
1024 1148 1239 1236 prestantiores
1257 1172 1385 1233 qumque
1403 1157 1520 1217 virtuales

453 1253 568 1329 acquiri
588 1260 622 1313 ul
645 1254 813 1332 plurimum
836 1260 1006 1331 nequeunt3
1031 1255 1197 1317 necessaria
1217 1254 1309 1315 etiam
1329 1254 1425 1314 animi
1447 1256 1477 1315 vi
1496 1260 1522 1316 et

453 1353 559 1413 robore
583 1354 695 1413 carebit
713 1352 751 1412 ad
772 1352 880 1413 arduas
905 1353 973 1415 illas
992 1354 1139 1414 virtutum
1164 1354 1284 1414 semitas
1307 1352 1520 1431 portentandas,

452 1454 525 1531 qnia
544 1451 712 1531 conjugalis
732 1453 794 1513 vita
814 1470 868 1533 per
889 1470 922 1515 se
945 1455 1083 1515 animum
1103 1452 1227 1529 emollit,
1240 1452 1377 1513 animum
1395 1452 1522 1515 simulet

452 1570 560 1632 eorpus
580 1551 772 1613 sensualibus
794 1553 875 1612 curis
893 1558 923 1613 et
938 1553 1141 1633 volrrptatibus
1157 1552 1366 1631 mancipando.
1383 1553 1521 1630 Conjugi·

451 1654 509 1715 bus
523 1653 653 1731 denique
667 1651 802 1733 proprias
815 1668 886 1714 suas
899 1652 1043 1713 utilitates
1056 1642 1229 1713 ct‘iortunas
1241 1668 1277 1711 ex
1286 1651 1416 1714 aliorum
1430 1668 1521 1713 amore

451 1760 657 1828 contemnere,
677 1770 754 1829 quas
774 1750 845 1811 filiis
864 1752 928 1812 suis
949 1752 1076 1827 debent,
1100 1768 1290 1829 nequaquam
1317 1751 1420 1813 licebit
1443 1772 1451 1811 :
1474 1768 1522 1811 nco

451 1854 543 1912 vitam
564 1869 651 1911 suam
664 1851 796 1931 periculo
806 1853 973 1931 exponere,
990 1857 1025 1913 ut
1043 1852 1110 1913 aliis
1130 1851 1364 1932 periclitantibus
1382 1868 1467 1933 opem
1485 1850 1520 1911 le·

450 1961 531 2028 rant,
547 1954 607 2014 illis
619 1953 665 2013 fas
678 1953 744 2014 erit.

491 2056 640 2115 llouestus
656 2070 727 2115 vero
739 2054 890 2115 caelibatus
904 2060 933 2115 et
951 2056 1046 2116 otium
1062 2061 1091 2115 et
1104 2055 1215 2115 mentis
1230 2054 1401 2115 libertatem
1416 2070 1521 2134 suppe-

451 2155 536 2229 ditat,
551 2155 655 2216 etvim
668 2152 806 2216 animine
820 2155 911 2217 robur
925 2154 962 2215 ad
977 2155 1071 2216 ardua
1084 2171 1211 2233 quaeque
1226 2153 1420 2235 suscipienda
1432 2171 1483 2233 por
1494 2172 1521 2214 se

451 2253 573 2330 ingerit.
592 2254 722 2315 lloneste
742 2271 875 2333 namque
896 2255 994 2317 vivere
1016 2256 1048 2316 in
1070 2254 1211 2315 celibatu
1230 2270 1319 2316 nemo
1341 2260 1449 2334 potest,
1471 2255 1522 2315 nisi

450 2360 553 2415 contra
571 2354 765 2416 vehementes
783 2350 986 2415 sensualitatis
1008 2354 1159 2435 passiones
1179 2354 1295 2415 fortiter
1313 2359 1344 2415 et
1363 2360 1523 2416 constanter

451 2455 599 2532 luctetur,
619 2454 754 2531 adeoque
773 2455 805 2515 in
823 2454 1063 2534 praeclarioribus
1087 2454 1260 2532 quibusque
1281 2454 1447 2515 virtutibus
1463 2470 1520 2516 sese

453 2552 589 2631 quotidie
603 2560 746 2613 exerceat.
759 2556 849 2631 Ergo,
863 2561 921 2615 ete.

495 2657 528 2713 2⁰
539 2651 655 2713 Statum
669 2653 861 2731 eonjugalem
879 2668 988 2731 magna
1006 2654 1182 2734 passionum
1202 2660 1231 2715 et
1249 2654 1438 2735 appetituum
1458 2670 1521 2715 seu·

455 2754 588 2815 sualium
610 2754 795 2815 turbulentia
813 2756 970 2833 multaque
986 2756 1153 2817 materialia
1172 2752 1269 2816 officia
1287 2755 1464 2817 naturaliter
1482 2770 1523 2815 co

457 2856 605 2916 mitantur
624 2875 633 2917 ε
650 2873 718 2933 quae
739 2857 843 2918 omnia
858 2857 1014 2918 facultates
1027 2857 1177 2918 humanas
1192 2855 1227 2917 ad
1243 2872 1291 2917 res
1304 2856 1464 2918 sensibiles
1476 2871 1522 2915 ne·

455 2957 584 3018 cessario
597 2957 754 3018 inclinant.
768 2989 809 3004 -
822 2959 983 3020 Culibatus
996 2976 1067 3021 vero
1077 2957 1200 3019 honeste
1214 2963 1362 3032 meratus,
1379 2957 1523 3035 passiones

455 3056 525 3118 illas
544 3063 573 3118 et
586 3059 734 3138 appetitus
749 3059 974 3138 comprimendo
988 3065 1018 3122 et
1031 3077 1049 3120 a
1064 3057 1268 3119 materialibus
1282 3057 1344 3118 illis
1359 3057 1465 3118 officiis
1477 3056 1523 3116 bo·

456 3159 572 3218 minem
591 3158 761 3235 eximendo,
775 3161 854 3221 vires
875 3159 1008 3222 hominis
1025 3177 1130 3222 omnes
1145 3159 1183 3220 ad
1199 3159 1314 3236 objecta
1328 3157 1485 3218 rationalia
1498 3159 1522 3214 et

457 3257 626 3335 spiritualia
639 3263 742 3337 suapte
755 3265 862 3319 natura
876 3260 974 3335 erigit.
992 3261 1082 3334 Ergo,
1095 3267 1150 3321 eto.

499 3357 568 3417 805.
584 3359 653 3418 l‘os.
669 3359 751 3417 387¹.
767 3389 804 3401 -
819 3357 994 3434 conjugalis
1008 3360 1139 3428 sociatas,
1153 3358 1294 3436 quamvis
1306 3359 1337 3418 in
1350 3377 1407 3420 suo
1420 3357 1524 3438 priuci-

459 3457 509 3536 pio
523 3458 562 3516 sit
574 3455 755 3529 voluntaria,
768 3457 859 3516 simul
873 3462 973 3517 tamen
990 3465 1035 3519 est
1049 3463 1142 3520 status
1154 3458 1355 3537 undequaque
1370 3458 1519 3520 naturalis.

499 3555 625 3616 Probata
644 3560 689 3614 est
707 3557 737 3615 l·
756 3572 822 3635 pars
840 3565 874 3616 n⁰
895 3558 964 3617 803.
980 3557 1011 3617 Si
1033 3559 1114 3619 enim
1132 3558 1360 3618 matrimonium
1378 3558 1457 3618 nulli
1471 3557 1525 3616 bo·

459 3655 534 3715 mini
552 3655 776 3717 individualiter
788 3662 833 3717 est
845 3656 1068 3733 obligatorium,
1082 3658 1249 3736 conjugalis
1263 3657 1389 3719 societas
1403 3663 1447 3718 est
1460 3672 1520 3716 om·

459 3757 616 3834 nibusqui
637 3756 722 3816 illam
743 3757 861 3834 ineunt,
874 3758 1052 3820 voluntaria.

498 3856 590 3918 Pron.
607 3859 639 3916 t·
654 3873 740 3918 rans.
756 3889 797 3903 -
810 3859 938 3919 Societas
951 3857 1116 3936 conjugalis
1132 3864 1175 3920 est
1197 3875 1248 3938 per
1266 3875 1297 3920 se
1317 3859 1383 3937 ipsa
1401 3863 1491 3919 status
1509 3871 1524 3913 a

459 3957 594 4019 Creatoro
607 3973 661 4036 pro
673 3957 824 4036 plerisque
837 3957 1013 4019 bominibus
1027 3960 1177 4030 intentus3
1188 3959 1279 4020 babet
1292 3957 1382 4019 linem
1395 3977 1412 4019 a
1426 3961 1523 4018 natura

460 4058 521 4134 ipsa
537 4055 703 4135 praefixum,
719 4056 860 4119 humanae
876 4059 984 4140 speciei
1002 4059 1277 4138 conservationem
1297 4058 1417 4136 legibus
1430 4059 1525 4118 subest

460 4157 498 4218 ab
513 4157 569 4219 boc
582 4158 642 4218 fine
655 4159 785 4219 naturali
799 4159 1001 4222 manantibus.
1020 4163 1096 4237 Ergo
1113 4165 1142 4221 et
1161 4166 1270 4221 natura
1284 4159 1379 4238 brq‘us
1400 4159 1519 4221 societa-

458 4259 510 4334 tis,
525 4264 555 4320 et
576 4247 658 4319 illius
679 4259 823 4323 institutio
843 4267 871 4321 et
890 4261 959 4321 linis
979 4267 1009 4323 et
1027 4247 1198 4338 lages'sunl
1217 4277 1339 4342 prorsus
1362 4259 1518 4322 naturales.
1596 4279 1599 4296 ⁴

459 4359 549 4435 Ergo,
563 4364 618 4420 eto.
1282 4367 1284 4370 ’

501 4461 571 4519 806.
587 4457 719 4522 Conoun.
735 4493 775 4507 -
789 4461 1012 4523 Matrimonium
1031 4450 1122 4540 igilur
1137 4463 1262 4542 pertinet
1282 4463 1316 4524 ad
1336 4462 1460 4522 classem
1481 4473 1521 4517 so·

409 4642 414 4650 ι
460 4558 601 4620 oielatum
615 4561 849 4622 voluntariarum
865 4563 962 4643 (llll).
977 4565 1171 4641 Nequaquam
1185 4569 1286 4624 tamen
1301 4561 1410 4624 tuturis
1424 4559 1524 4634 =conju·

459 4657 548 4732 gibus
573 4659 703 4720 liberum
724 4669 769 4722 cst
789 4663 981 4723 matrimonio
1000 4663 1177 4740 jungendo,
1198 4677 1395 4741 quascunque
1417 4655 1522 4726 velint,

459 4757 643 4821 conditiones
662 4777 828 4841 opponere3
848 4762 918 4840 quia
940 4780 1000 4824 non
1024 4769 1068 4824 est
1087 4763 1161 4824 illud
1183 4764 1306 4826 societas
1327 4760 1519 4838 undequaque
