3559 5675
888 724 967 793 rums
988 746 1145 793 serenius

482 852 623 923 tentatos,
638 850 780 929 aquibus
792 850 902 912 sociale
920 850 1032 911 bonurn
1048 849 1238 913 efficiendum
1254 860 1308 933 est,
1326 856 1515 933 juxtapresen·

483 960 544 1013 tem
557 968 661 1011 earum
687 958 809 1025 statum,
822 948 1058 1036 accommodare.
1077 952 1155 1027 Ergo
1178 953 1208 1011 in
1232 952 1353 1031 politica
1366 953 1410 1013 iiia
1426 954 1516 1013 scietur

482 1052 514 1111 in
528 1068 588 1128 qna
601 1050 723 1111 rationis
746 1056 777 1111 et
798 1048 986 1109 conscientie
1006 1050 1052 1109 ris
1078 1047 1166 1129 longe
1181 1052 1330 1130 praevaiet,
1345 1050 1430 1111 multo
1442 1052 1516 1110 minus

481 1149 537 1209 erit
562 1149 727 1209 necessaria
749 1148 971 1207 contrariarum
999 1147 1173 1225 passionum
1199 1152 1342 1229 oppositio
1365 1149 1397 1211 sd
1422 1152 1517 1209 istarum

483 1246 686 1323 aequilibrium
699 1244 907 1306 obtinendum.
924 1244 978 1303 Ubi
997 1261 1067 1305 vero
1081 1245 1160 1325 juris
1182 1254 1211 1307 ei
1232 1248 1409 1309 conscientia
1426 1264 1520 1307 sensnm

483 1347 562 1426 apud
575 1345 683 1423 eosqui
693 1364 757 1409 rem
768 1345 919 1425 publicam
927 1345 1200 1423 ger·unt,ianguere
1212 1356 1393 1427 perspectum
1402 1348 1521 1421 sit‚mrj0r

484 1452 588 1527 utique
614 1446 693 1529 apud
719 1444 797 1521 illes,
821 1446 996 1524 passionum
1023 1447 1169 1525 oppositio
1194 1446 1361 1511 edlribende
1386 1456 1434 1509 est.
1456 1448 1521 1525 liqui

483 1551 657 1631 passionum
668 1546 882 1624 equilibrium
897 1544 948 1605 obi
960 1546 1039 1621 juris
1054 1552 1082 1605 et
1101 1550 1289 1611 conscientia
1304 1566 1406 1611 sensus
1426 1548 1522 1625 deiciat,

484 1666 546 1711 non
560 1650 645 1709 aliter
658 1646 785 1708 obtineri
807 1650 913 1725 potest,
937 1662 1030 1723 qoam
1056 1646 1214 1711 ciliciendo
1239 1656 1272 1709 ut
1301 1650 1423 1727 singule
1439 1656 1523 1728 periero
1577 1716 1578 1725 ἦ

484 1766 631 1828 suprema
650 1746 832 1807 auctoritatis
855 1746 1035 1823 possideant.
1062 1748 1137 1824 lirgo
1159 1750 1271 1827 jurium
1289 1749 1464 1828 politicomm
1478 1757 1525 1827 epo

484 1848 660 1929 compositio
673 1853 704 1907 et
716 1844 923 1908 subordinatis
936 1862 989 1925 per
1002 1845 1080 1909 hene
1101 1854 1153 1907 aut
1175 1848 1258 1909 iiiam
1285 1851 1425 1911 extribus
1437 1850 1526 1909 ninni-

485 1951 544 2011 bus
557 1964 656 2027 nuper
669 1945 853 2007 enumeratis
869 1962 884 2003 a
905 1947 1042 2025 prasenti
1065 1953 1144 2007 statu
1159 1946 1266 2011 morali
1279 1948 1422 2013 societatis
1433 1948 1527 2011 omnino

486 2046 658 2109 deducenda
673 2051 727 2106 cst.

530 2148 617 2207 1136.
633 2148 762 2207 Conone.
779 2150 848 2206 i.-
857 2145 976 2205 lorium
992 2146 1084 2223 igitur
1097 2146 1284 2227 politicorum
1301 2150 1333 2211 in
1349 2148 1443 2229 plures
1453 2164 1529 2226 perso

486 2262 540 2309 uas
554 2245 660 2305 divisio
680 2242 889 2307 tantummodo
901 2242 940 2303 ob
961 2244 1106 2325 moralem
1117 2252 1146 2305 et
1159 2246 1311 2326 politicam
1336 2248 1472 2309 societatis
1483 2263 1530 2307 cor·

486 2347 655 2427 ruptionem
671 2344 703 2404 iit
721 2344 909 2421 necessaria;
928 2360 962 2405 ec
976 2348 1056 2405 tanto
1075 2348 1226 2422 magicest
1239 2350 1404 2411 neccssaria
1422 2354 1530 2423 meque

488 2450 585 2524 major
596 2443 767 2505 adhibenda
776 2449 831 2515 est,
848 2461 909 2521 quo
922 2444 1018 2523 magis
1029 2445 1107 2524 apud
1119 2447 1301 2524 societatem,
1311 2452 1401 2527 cujus
1411 2448 1532 2529 politiruu

487 2546 621 2622 regimen
640 2549 686 2604 est
705 2542 961 2619 constituendum,
981 2544 1105 2609 rationis
1126 2552 1154 2606 et
1174 2548 1296 2609 moralis
1318 2548 1490 2611 conscientia
1503 2546 1533 2603 ris

487 2648 630 2707 exstincta
643 2650 698 2704 est.
710 2644 734 2703 E
747 2642 906 2713 contrario,
920 2648 1034 2719 quanto
1048 2647 1192 2723 majorem
1213 2647 1336 2725 politica
1349 2648 1446 2729 populi
1458 2647 1534 2723 enjus·

489 2748 567 2827 piam
589 2744 759 2805 constitutio
788 2742 911 2803 moralis
934 2744 1121 2805 conscientiae
1146 2746 1208 2807 uim
1231 2748 1346 2825 prabet
1369 2750 1405 2810 iis
1425 2747 1472 2829 qui
1489 2759 1534 2805 ren

488 2847 640 2928 publicem
654 2850 775 2928 gemnt,
789 2861 823 2906 eo
834 2845 938 2906 minus
948 2845 1067 2922 jurium
1077 2845 1267 2924 politicorum
1281 2847 1391 2912 divisio
1404 2846 1536 2912 emostis

489 2947 536 3010 vei
550 2947 631 3008 utilis
644 2953 698 3007 cst.
1579 2999 1580 3012 ,

530 3048 661 3108 Conone.
676 3049 706 3104 2.
716 3075 757 3090 -
771 3043 911 3104 Doctrina
928 3059 1025 3122 nuper
1045 3041 1161 3120 tradite,
1176 3044 1228 3106 ubi
1249 3047 1342 3108 variis
1357 3044 1536 3126 principatibus

490 3149 523 3210 in
536 3151 670 3208 ooncreto
684 3143 860 3222 applicetur,
873 3141 929 3202 has
942 3141 1031 3202 iscile
1046 3141 1253 3206 conclusiones
1267 3145 1473 3226 suppeditabit

534 3253 562 3306 1⁰
573 3245 723 3322 Quoniam
737 3257 886 3320 suprema
904 3240 1086 3302 auctoritatis
1110 3242 1217 3305 divisio
1237 3261 1272 3308 eo
1292 3247 1391 3324 magis
1404 3245 1447 3308 rel
1464 3243 1539 3304 ninus

490 3349 575 3410 utilis
588 3345 623 3408 ed
639 3344 792 3425 publicum
808 3343 991 3417 becumen,
1007 3361 1068 3421 quo
1082 3345 1179 3422 magis
1192 3345 1239 3408 vel
1254 3348 1359 3408 minus
1373 3347 1455 3410 iaciic
1465 3363 1480 3406 a
1490 3359 1539 3423 prc·

490 3450 536 3512 ris
547 3443 736 3524 passionibus
748 3443 886 3522 princeps
897 3443 1026 3520 quisque
1040 3446 1222 3506 commoveri
1236 3451 1353 3526 potest;
1369 3463 1437 3524 ergo
1448 3447 1540 3508 creatu

492 3549 533 3608 ris
547 3545 729 3626 principatus
741 3559 776 3605 eo
789 3543 944 3622 perfectior
965 3548 1009 3604 est
1029 3559 1090 3622 quo
1111 3546 1207 3624 magis
1220 3551 1265 3607 est
1274 3546 1432 3618 absolutus
1442 3551 1467 3608 et
1480 3541 1542 3604 indr-

490 3644 635 3728 pendens.

535 3741 568 3802 θ’
580 3739 710 3819 improbi
723 3739 856 3800 hominis
869 3739 1054 3820 principatus
1069 3757 1104 3802 eo
1120 3741 1226 3802 melior
1240 3749 1297 3820 est,
1312 3761 1377 3822 quo
1390 3741 1542 3823 pluribusne

492 3841 684 3906 vabdioriirus
698 3837 828 3903 vinculis
840 3837 1015 3918 impeditur.
1039 3827 1043 3834 ’

533 3944 565 4006 3⁰
574 3940 760 4020 Principatus
771 3938 917 4014 bominis,
930 3937 1010 4016 apud
1023 3955 1111 4016 quern
1125 3939 1265 4002 humano
1277 3949 1395 4006 nature}
1415 3939 1543 4004 inormior

492 4043 576 4108 nulio
599 4041 742 4122 peculiari
763 4037 899 4118 prasidio
919 4039 1024 4100 morali
1049 4029 1242 4120 sustentatur,
1267 4044 1383 4124 quique
1406 4043 1503 4106 idcirco
1517 4035 1542 4096 ti

493 4136 666 4226 passionum
690 4157 805 4202 errores
827 4155 994 4218 propensus
1015 4139 1188 4218 est,'multis
1208 4146 1392 4206 communiri
1415 4137 1545 4206 obstaculis

492 4251 581 4322 etque
604 4239 827 4318 impedimentis
847 4237 947 4313 debet,
961 4253 1000 4300 ne
1015 4239 1065 4301 iiic
1086 4257 1225 4320 suprema
1246 4245 1419 4306 anctoritate
1437 4257 1499 4305 cunr
1509 4251 1544 4316 po·

494 4345 559 4426 puli
573 4342 752 4402 detrimento
765 4337 917 4398 abutatur.

534 4442 567 4501 4⁰
588 4439 723 4514 lienique
743 4437 924 4517 principatus
946 4435 1079 4510 hominis
1100 4441 1154 4518 qui
1178 4448 1207 4502 et
1232 4441 1423 4504 naturalibus
1452 4439 1543 4520 opina

495 4539 705 4616 institutionis,
721 4543 751 4597 et
764 4536 1044 4614 supernaturalibus
1063 4555 1140 4600 verse
1154 4556 1188 4623 ac
1205 4541 1349 4604 divinitus
1369 4543 1500 4610 instituta
1511 4552 1545 4596 re

496 4640 616 4720 ligionis
630 4636 773 4703 subsidiis
784 4638 949 4699 instructus
962 4638 1013 4714 sit,
1027 4638 1115 4718 longe
1129 4641 1298 4704 minoribus
1314 4642 1408 4704 irenis
1421 4639 1546 4704 madren-

496 4741 639 4812 duserit,
662 4744 763 4820 utpote
780 4738 833 4820 qui
854 4737 971 4800 sincero
993 4741 1200 4824 constantique
1220 4739 1308 4806 officii
1331 4743 1383 4806 sui
1405 4739 1547 4824 pubiiciqur
