3559 5675
591 725 699 772 eone.
718 745 755 756 -
779 727 863 774 uem
883 725 1072 774 oberremus.
1173 701 1178 716 “
1305 703 1361 768 bit

287 821 468 888 edbibendo
495 827 533 889 ed
557 835 715 892 externum
741 831 878 893 ordinem
906 831 986 903 epod
1014 848 1085 892 euos
1111 826 1362 892 conservandum.

334 927 426 988 Peon.
439 930 878 1016 -anielegitimeeooietee
893 931 998 993 eodem
1021 929 1106 991 titulo
1130 945 1190 1006 quo
1211 928 1362 1006 bebetjne

289 1022 445 1104 suiipsius
459 1029 669 1106 conservande·
680 1047 714 1091 eo
723 1031 922 1107 perficiendo,
936 1026 1027 1096 bebet
1036 1030 1125 1090 etiam
1137 1033 1189 1106 jus
1202 1028 1237 1088 ed
1242 1026 1366 1088 bibendi

287 1127 395 1186 omnia
417 1128 516 1189 medin
537 1129 662 1190 honeste
689 1131 815 1191 inbuur
836 1131 1118 1191 tinemueoeeerrie.
1134 1129 1222 1205 Atqui
1237 1126 1365 1189 Ecclesia

287 1223 457 1286 christiane
476 1227 545 1301 Jnre
567 1227 670 1288 divino
683 1229 771 1289 babet
784 1236 973 1308 potestatem,
988 1232 1064 1307 quin
1080 1219 1142 1288 imo
1166 1228 1268 1288 etrioto
1279 1243 1367 1301 urge-

288 1323 342 1381 tur
355 1323 453 1385 oilleio
462 1326 510 1385 eui
524 1326 619 1404 ipsine
637 1328 847 1388 conservande
860 1343 895 1388 eo
907 1328 1104 1406 persiciendoe,
1122 1332 1158 1386 ut
1167 1328 1231 1402 jem
1250 1323 1364 1386 dietum

285 1425 338 1480 eet
348 1420 461 1499 (13³7).
477 1426 556 1502 orgo
568 1425 674 1486 eodem
693 1430 764 1504 jure
777 1427 882 1488 divino
900 1427 991 1488 babet
1008 1432 1183 1504 potestatem
1204 1421 1366 1484 edbibendr

285 1522 397 1582 omnin
408 1524 508 1584 medie
517 1525 644 1586 honeste
654 1527 686 1586 in
698 1510 783 1587 buno
794 1527 888 1587 finem
902 1528 1081 1587 ueeerterie.

331 1623 434 1699 Atqui,
451 1629 486 1683 ut
497 1625 592 1703 poerit
603 1625 737 1686 beeleeie
750 1634 783 1686 be
795 1626 892 1704 ipeenr
910 1641 1084 1699 ooneerrere
1097 1641 1130 1686 ee
1143 1623 1295 1702 periinere,
1310 1638 1365 1682 ne-

283 1723 423 1782 oeeeerie
433 1720 478 1782 iili
492 1739 615 1801 proreue
633 1730 680 1787 eet
703 1726 751 1786 rle
763 1725 928 1790 meterlelie
941 1726 1070 1787 eoeotire
1083 1725 1120 1786 nd
1133 1739 1259 1785 suorum
1280 1723 1365 1784 iren·

286 1818 423 1895 gendum
432 1821 652 1899 improbitatem
660 1823 875 1885 reireoteriem.
884 1827 962 1885 dem
972 1820 1367 1898 norietetieonjuelibetoon-

285 1920 425 1978 semotio·
434 1924 464 1979 et
472 1921 613 1997 perieotio
621 1923 783 1999 requirnnt
790 1923 930 1984 omnium
940 1919 1219 1983 mnximeeore'elem
1229 1919 1366 1982 ordinem

283 2022 461 2077 constanter
480 2026 652 2082 serratum:
668 2035 702 2082 eo
714 2021 842 2100 proinde
855 2020 913 2083 bor
926 2022 1010 2083 omni
1024 2021 1155 2084 societati
1169 2025 1215 2082 eet
1227 2019 1364 2090 omnium

287 2115 425 2178 menime
437 2121 654 2197 nummarium,
672 2127 708 2180 ut
727 2138 780 2182 eor
797 2122 852 2198 qni
866 2122 1003 2184 ordinem
1023 2121 1162 2184 eooielem
1176 2120 1365 2199 perturbent,

285 2223 346 2277 eut
356 2218 532 2295 parturbare
545 2226 704 2295 conentur,
724 2222 819 2299 poerit
829 2220 884 2281 ille
904 2219 1272 2298 eidmoiterprompteque
1285 2235 1366 2282 eom-

287 2330 411 2395 peeoere
422 2319 600 2380 eodomere.
613 2321 721 2396 Agitur
742 2321 826 2380 enim
838 2319 889 2380 bin
907 2320 1053 2382 eoeietetie
1075 2318 1170 2398 ipsine
1182 2319 1363 2392 existentia:

291 2417 395 2493 egitur
403 2418 688 2496 jneiirmiseimum,
699 2435 734 2480 ae
744 2416 965 2497 suudemeutnie
977 2417 1106 2494 singuiis
1125 2421 1155 2478 et
1166 2415 1366 2477 omnibusne-

289 2513 346 2578 oiie
359 2513 544 2597 competere,
558 2519 724 2596 uenqnille
735 2520 767 2579 in
776 2519 833 2580 hae
842 2519 982 2580 rooietrte
995 2511 1126 2593 vivendi,
1139 2519 1269 2596 ejusque
1280 2515 1363 2593 leges

290 2617 478 2680 obeerrmdi.
1086 2641 1089 2651 .

329 2719 420 2795 Atqui
439 2732 501 2780 non
514 2725 611 2796 potest
632 2721 665 2779 in
677 2720 813 2779 bumana
833 2720 897 2780 ulle
910 2723 1045 2782 eodeteto
1063 2736 1098 2782 ee
1118 2717 1244 2797 proinde
1262 2733 1361 2794 noque

287 2819 322 2879 in
336 2817 469 2880 &olenio
480 2825 622 2882 oriemur
633 2819 707 2881 erdo
720 2821 842 2895 mereri,
857 2835 918 2881 non
935 2818 1211 2899 pomuntqnihuuo
1221 2816 1361 2889 ordinem

287 2918 414 2992 urunt,
432 2918 572 2995 meroe,
586 2921 660 2997 ene,
677 2922 706 2980 vt
722 2920 870 2981 maereo
893 2920 930 2981 ar
953 2920 1008 2981 oo·
1033 2920 1198 2981 ormnem
1218 2902 1363 2998 aurire.

286 3018 365 3079 Nem
378 3022 408 3077 t·
418 3019 464 3079 rie
472 3020 650 3095 materialis,
663 3036 816 3098 perquem
829 3020 965 3083 notorie
974 3019 1047 3081 ordo
1061 3025 1203 3081 externus
1213 3017 1363 3092 turbetur,

285 3120 394 3195 nequit
406 3119 535 3196 proiecto
557 3120 738 3198 plerumque
751 3120 872 3181 rotundi
888 3126 919 3182 et
940 3119 1086 3181 eontineri
1109 3118 1196 3177 aliter
1209 3132 1301 3193 qmm
1313 3132 1366 3194 per

286 3218 351 3277 rim
364 3218 552 3279 meterinlem
575 3219 622 3278 ilii
630 3221 810 3299 oppositam.
832 3252 873 3265 -·
882 3218 916 3279 2·
931 3218 976 3281 Ad
1002 3218 1139 3282 Eeeleeie
1152 3214 1288 3278 ordinem
1302 3220 1365 3273 tur-

285 3315 423 3377 bandum
435 3317 635 3395 impelluntur
656 3319 797 3380 hominen
813 3335 891 3381 enee
905 3318 1080 3397 pensionum
1094 3317 1145 3385 vir
1161 3330 1293 3392 querum
1307 3315 1364 3393 inp-

286 3422 394 3495 petum
413 3419 543 3477 exterior
562 3418 596 3477 iu
614 3418 729 3480 eoelere
748 3430 939 3498 quoeunque
961 3423 1169 3497 erumpentem
1183 3430 1246 3475 non
1268 3418 1365 3493 potest

284 3516 466 3594 plerumque
486 3518 647 3579 errotoritee
665 3518 805 3581 cohibere
826 3519 916 3579 aliter
936 3534 1032 3596 quent
1054 3516 1155 3595 poenie
1167 3512 1363 3583 sensibilibus

284 3614 420 3677 indicite.
435 3616 525 3691 Atqui
535 3614 751 3695 edbnponee
759 3617 917 3679 sensibiles
925 3615 1106 3693 infligendae
1118 3613 1272 3677 evidenter
1280 3618 1360 3693 petet

283 3715 487 3780 neoemeriem
498 3715 625 3777 omnino
637 3732 705 3778 eree
716 3717 779 3777 rim
796 3718 959 3779 eoeotirem
976 3714 1173 3777 meterialem.
1201 3714 1279 3789 Ergo
1291 3714 1361 3791 jure

283 3814 389 3875 divino
402 3813 634 3876 bebetliotleeie
652 3822 829 3893 potestatem
845 3816 891 3875 vie
904 3815 1070 3875 materialis
1085 3813 1143 3873 eibi
1161 3812 1289 3891 proprie
1307 3810 1359 3881 ed-

282 3914 425 3975 bibendo
434 3913 473 3975 ed
486 3921 645 3976 externum
653 3914 790 3977 ordinem
801 3914 881 3993 apud
894 3930 966 3975 euos
976 3909 1226 3975 conservandum.
1257 3966 1259 3972 .

326 4016 423 4091 Atque
434 4014 500 4075 beo
512 4014 639 4092 quidem
650 4022 779 4095 poteetee
792 4014 932 4081 dolete
942 4014 1190 4093 competenejnre
1200 4009 1302 4071 divino
1318 4017 1363 4073 eet

281 4130 624 4195 proreueequeonnque
635 4114 712 4177 loire
724 4122 863 4194 poteetete
883 4112 1112 4205 independenm
1128 4112 1262 4191 qniejm
1280 4109 1363 4187 peri-

283 4213 431 4275 terbebet
441 4212 571 4275 Ecoleeie
580 4214 629 4273 eui
640 4215 850 4276 ooneerrendee
861 4232 896 4300 eo
906 4213 1091 4295 perficiendo
1101 4209 1307 4289 independens
1321 4208 1360 4269 nb

283 4314 370 4375 omni
390 4312 526 4373 bunione
540 4319 694 4391 potente,
718 4316 868 4392 quinimo
887 4314 1031 4379 omuibus
1045 4314 1137 4375 etiam
1151 4310 1295 4371 humenis
1309 4325 1361 4389 po

283 4411 441 4473 teetetibue
459 4412 574 4489 invitis,
589 4420 624 4473 ut
636 4419 714 4474 retro
726 4416 912 4493 explicatum
926 4421 971 4477 eet
983 4414 1095 4491 (1337),

326 4508 417 4571 1345.
432 4512 565 4573 sonmo
581 4513 612 4572 l.
627 4546 665 4559 -
680 4514 747 4573 lem
760 4516 893 4591 <rumque
907 4514 987 4575 videt
1001 4512 1161 4591 quenteeit
1172 4509 1299 4573 stultitia
1313 4528 1362 4571 eo-

283 4610 467 4690 puteorum,
481 4614 538 4689 qui
561 4612 679 4674 nnllam
705 4614 773 4674 vim·
791 4615 952 4675 meetivem
975 4612 1159 4673 materialem
1179 4611 1316 4687 garriunt
1329 4611 1362 4671 in

285 4710 421 4778 &dimin
441 4712 541 4778 ineeee
564 4712 676 4775 ideirco
698 4718 845 4792 oportere,
868 4713 939 4791 quie
953 4714 1078 4781 eoeietes
1103 4712 1167 4774 hmo
1184 4711 1365 4795 eetomuipo
