3559 5675
481 749 541 812 cta
889 763 968 808 runis
988 763 1147 810 utrumne

477 875 711 948 tuagiutaauuis
731 875 910 952 captivitatis
933 871 1116 948 babylonios
1137 871 1318 948 comparari3
1332 877 1391 929 turn
1408 871 1508 930 marine

477 973 665 1034 occidentale
674 973 870 1050 qnadraginta
882 987 1032 1032 annornm
1043 971 1513 1046 schisma,etConstantiemiscen

478 1082 585 1134 ventus
604 1082 673 1134 ante
693 1075 823 1134 electum
838 1073 1000 1133 llartinnm
1015 1072 1038 1130 V
1051 1070 1253 1130 tumultuaria
1266 1069 1485 1143 declamationes,
1492 1075 1512 1130 et

478 1175 659 1236 Basileensis
672 1174 865 1236 conciliabuli
879 1173 998 1234 decreta
1012 1171 1203 1231 schismatica
1216 1177 1245 1231 et
1257 1171 1400 1230 heretica.

519 1277 638 1334 Etenim
651 1293 749 1353 quum
767 1275 924 1335 christiani
937 1271 1041 1352 populi
1053 1265 1154 1332 studia
1170 1277 1353 1347 conatusque
1365 1285 1428 1330 suos
1439 1284 1517 1329 emus

477 1377 692 1435 convertissent
704 1375 740 1435 ad
756 1376 946 1438 teterrimum
964 1371 1042 1432 illud
1055 1371 1188 1432 schisma
1197 1371 1361 1448 aliquande
1373 1367 1516 1442 tollendum,

478 1472 560 1550 quod
577 1473 655 1534 Galli
673 1473 847 1534 cardinales
860 1472 1052 1542 induxerant,
1067 1470 1221 1531 Clemente
1236 1470 1284 1528 l'll
1302 1469 1435 1546 antipapa
1444 1464 1518 1525 adrer-

479 1585 533 1629 sus
552 1571 707 1631 Urbanum
722 1572 760 1630 l'l
779 1569 949 1646 legitimum
969 1565 1144 1628 Pontificem
1167 1575 1279 1642 creato;
1295 1581 1443 1644 quumque
1459 1563 1519 1622 ndla

478 1673 548 1746 ejus
561 1670 686 1734 tollendi
699 1672 775 1731 ratio
793 1683 948 1748 superesse
965 1668 1128 1744 videretur,
1139 1668 1199 1727 nist
1213 1675 1272 1726 nes
1287 1669 1374 1745 Rape
1383 1667 1433 1744 qui
1443 1665 1519 1725 aeden

478 1777 613 1850 tempore
628 1779 701 1832 tunc
719 1772 752 1829 in
764 1770 891 1830 diversis
906 1766 1079 1844 regionibus
1098 1768 1278 1844 regnabant,
1302 1773 1519 1843 cogerentnrscre

478 1885 585 1931 ornnes
598 1872 709 1950 pariter
721 1869 871 1950 pontificia
880 1869 989 1946 quavis
1003 1875 1145 1946 potestate
1161 1867 1317 1944 abdicarc3
1331 1869 1446 1928 insanas
1455 1866 1520 1926 lune

477 1983 587 2046 sasque
599 1969 747 2029 eradones
758 1969 862 2029 erebro
870 1985 970 2028 eoram
981 1968 1117 2028 Patribus
1127 1967 1261 2028 habuere
1279 1968 1413 2028 deuteres
1426 1981 1520 2046 prascr-

481 2070 537 2128 tim
556 2069 762 2128 Universitatis
781 2069 959 2129 Parisiensis
985 2069 1062 2130 illud
1087 2069 1285 2144 inculcantes,
1301 2056 1435 2146 generale
1449 2069 1521 2127 conc·

478 2168 556 2226 lium
569 2183 634 2227 esse
644 2169 750 2244 unque
762 2169 898 2228 Romane
912 2167 1051 2230 l’entifice
1064 2185 1215 2248 superius,
1236 2177 1270 2228 ut
1290 2167 1411 2230 concilii
1427 2165 1521 2226 deame

478 2265 671 2327 teneatnrhie
684 2283 805 2345 prorsus
817 2269 1032 2345 obtemperare.
1046 2270 1209 2344 intorques
1217 2270 1346 2328 audacia
1355 2269 1446 2344 magis
1454 2281 1521 2344 quan

478 2366 599 2441 ingenio
620 2364 669 2424 vel
689 2365 822 2423 doctrina
836 2367 987 2424 eminebat
1005 2367 1136 2427 loannes
1149 2368 1336 2438 tLbarlerius
1359 2371 1522 2442 cognomento

475 2465 608 2538 dercon,
625 2467 714 2540 ciuus
733 2463 867 2523 hominis
889 2465 1033 2525 levissimi
1051 2481 1213 2542 secnmqtm
1233 2467 1299 2550 ipso
1321 2483 1384 2526 non
1402 2479 1523 2542 ruropng·

477 2567 577 2624 uanus
589 2580 705 2623 errores
722 2563 835 2623 multos
847 2571 877 2625 et
889 2581 995 2640 graves
1010 2565 1119 2626 videsis
1139 2566 1220 2644 apud
1233 2567 1398 2628 catholicos
1416 2565 1522 2626 bistone

476 2661 617 2740 graphos,
633 2665 800 2741 presertim
813 2666 894 2740 apud
909 2665 1114 2727 ltebrbacrum
1128 2667 1183 2742 (a).

516 2765 620 2835 Quem
644 2769 745 2822 cuum
764 2765 897 2839 synodus
916 2761 1151 2826 constantiensis
1169 2767 1365 2841 decrevisset,
1388 2767 1442 2828 sibi
1460 2779 1523 2841 gene

477 2866 538 2925 rale
549 2864 711 2923 concilium
721 2866 842 2923 laetenti
851 2886 868 2921 ι
879 2882 933 2943 pre
944 2867 1154 2944 exstirpatione
1168 2867 1340 2929 schismatis
1352 2876 1383 2929 ct
1395 2868 1492 2927 umene
1501 2880 1523 2921 ae

477 2964 687 3025 reformatione
707 2964 846 3023 Ecclesia
870 2964 923 3023 llei
944 2966 977 3023 in
997 2967 1093 3045 eapite
1114 2974 1143 3025 ct
1162 2966 1322 3041 membris,
1340 2988 1356 3023 u
1379 2966 1523 3027 christiam

476 3084 593 3143 omnes,
604 3082 787 3141 quacunque
799 3065 845 3125 illi
865 3066 1021 3141 dignusne,
1036 3068 1124 3127 etiam
1141 3069 1240 3145 papali
1253 3066 1417 3143 fulgerent,
1433 3064 1523 3127 obedire

475 3176 627 3245 opertere;
652 3169 733 3241 quod
756 3166 909 3226 decretum
932 3167 1072 3227 catholici
1096 3184 1203 3227 omues
1225 3168 1263 3227 de
1287 3170 1354 3229 sele
1386 3164 1524 3227 schismatis

476 3276 609 3344 tempore
628 3282 746 3343 semper
766 3266 979 3326 intellexerunt
992 3264 1047 3345 (d),
1063 3268 1141 3327 sicut
1152 3271 1217 3343 jam
1232 3268 1426 3345 probavimus
1444 3267 1475 3325 de
1485 3265 1524 3323 bec

477 3384 539 3427 uno
552 3376 684 3443 tempore
700 3382 786 3442 posse
801 3364 880 3423 illud
896 3365 1024 3442 intelligi
1043 3368 1154 3442 (retu,
1170 3370 1275 3427 enred.
1293 3370 1329 3444 Ξ)
1337 3384 1348 3441 ;
1370 3368 1464 3446 paucis
1480 3372 1524 3443 ptel

476 3467 564 3523 aureis
575 3464 811 3523 conciliabulum
823 3464 1049 3538 Basdeeuse,ab
1059 3466 1194 3541 Eugenio
1204 3468 1252 3537 ll',
1262 3468 1390 3527 Summe
1402 3466 1523 3532 nonme,

475 3564 552 3623 etab
563 3564 693 3623 Ecclesia
700 3566 841 3624 universa
850 3564 1056 3643 reprobatum,
1066 3575 1183 3645 arrepto
1192 3569 1413 3628 constantiensi
1424 3567 1522 3635 decret),

476 3666 580 3724 statuit
592 3678 645 3741 per
658 3663 876 3739 impudentiam
888 3664 977 3743 plane
992 3665 1152 3725 ridiculam
1171 3682 1204 3725 ec
1225 3668 1459 3745 pertinacissime
1475 3677 1524 3721 oeu-

476 3766 576 3824 lirmat
586 3764 750 3823 concilium
763 3763 976 3842 Episcopomm
990 3780 1173 3843 quocunque
1188 3774 1323 3845 tempere
1341 3782 1407 3828 esse
1419 3768 1523 3827 Romano

478 3866 617 3927 l‘ontrtiea
630 3866 788 3943 superius3
802 3876 891 3942 aune
905 3865 979 3925 adeo
991 3866 1160 3942 Eugenium
1173 3867 1221 3942 lv,
1236 3876 1309 3927 tunc
1322 3862 1522 3944 regenmundo

474 3968 625 4043 judicium
637 3980 740 4024 eoram
752 3981 785 4024 se
796 3964 936 4044 advocat3
952 3968 1091 4027 Ecclesia
1113 3966 1365 4042 gubermdonem
1379 3966 1434 4029 sibi
1446 3962 1523 4025 dudi-

509 4149 543 4197 (α,
556 4136 623 4183 llrst.
633 4146 705 4181 unte.
716 4130 781 4179 Eecl.
795 4131 893 4181 corbet.
903 4132 946 4182 lto.
957 4140 996 4183 er.

507 4219 533 4267 ro
553 4208 639 4254 l’ruaer
652 4207 719 4252 banc
730 4212 852 4251 retroueur
863 4218 913 4265 qua
926 4210 1052 4253 decretum
1064 4206 1125 4253 illud
1139 4208 1325 4255 nseblsmatlro
1336 4218 1409 4257 seusu
1422 4206 1521 4265 purgtltf.

476 4278 533 4325 eliu
553 4283 641 4325 neutras
655 4282 765 4323 callente·
782 4279 891 4337 adsunt,
903 4280 995 4337 onibus
1015 4278 1052 4325 rtlr
1074 4280 1172 4325 decreto
1189 4282 1227 4326 rls
1245 4292 1330 4327 omnis
1347 4278 1462 4325 nulerwr.
1476 4274 1520 4321 lien

478 4355 506 4395 ¹⁰
516 4352 652 4395 montrum
663 4360 776 4406 generare
791 4348 893 4395 uultum
909 4356 947 4394 est
958 4363 1013 4395 serre
1030 4348 1147 4397 renunes
1159 4350 1340 4410 mnseutiente,
1352 4362 1382 4397 ac
1397 4334 1521 4411 pullen·

477 4426 551 4466 surde
568 4424 670 4476 cogitur
679 4427 814 4466 concretum
830 4420 953 4477 ejusmodi
967 4426 1053 4466 neutra
1067 4422 1214 4469 Pentele-cnr
1233 4434 1358 4483 pugnans.
1372 4424 1399 4468 ²⁰
1408 4416 1521 4465 meruius

477 4498 677 4537 war-tunnensis
693 4501 719 4537 tu
732 4502 820 4549 prinus
837 4488 1000 4547 wasconibus,
1010 4499 1038 4539 lu
1053 4491 1146 4552 qulbus
1165 4496 1293 4541 decretum
1310 4490 1372 4541 allud
1383 4489 1429 4539 lull
1439 4488 1519 4536 obtul.

478 4572 638 4623 aequaeuam
651 4562 701 4607 tun
711 4560 836 4620 generale.
845 4566 874 4609 ὃν
883 4560 1006 4609 neruum
1017 4560 1046 4621 Υ,
1056 4576 1071 4609 c
1083 4574 1133 4624 que
1141 4564 1242 4613 decreta
1253 4564 1445 4615 munitet&
1453 4558 1519 4617 ΨΜ

479 4640 540 4680 sunt
549 4638 705 4690 muuruurtc,
714 4632 823 4679 decurtet
833 4639 877 4680 ura
888 4640 989 4681 tantum
1002 4646 1018 4681 a
1031 4645 1057 4683 tc
1068 4634 1200 4697 opprobio
1212 4648 1269 4698 quas
1280 4644 1364 4685 eunuc
1385 4630 1494 4681 trudon
1502 4630 1519 4670 rt

478 4710 601 4754 tmuurtu
611 4706 673 4761 um,
683 4710 772 4764 etque
782 4705 961 4753 cencrtrerrter
972 4708 1073 4757 inerant
1081 4715 1226 4759 cornutula.
1243 4710 1291 4761 Sed
1300 4710 1399 4760 musula
1407 4710 1431 4755 in
1439 4700 1473 4753 lut
1481 4708 1519 4747 un·

479 4785 553 4830 nebus
564 4783 730 4824 cusentinum
746 4772 927 4835 taunucum.
940 4776 987 4827 llb.
1001 4780 1041 4829 et.
