3559 5675
435 739 496 809 480
843 746 923 793 rums
944 746 1104 794 uetustus

437 858 551 922 nisibis.
563 854 726 929 Nimirum,
738 853 764 913 si
776 854 808 914 in
820 851 1016 914 multitudine
1030 852 1243 934 Episcopornm
1256 850 1390 932 dispersu
1402 847 1511 918 residet

437 956 633 1022 ecclesiastice
650 953 833 1031 Protarchia,
854 969 954 1031 quero
974 953 1069 1030 igitur
1084 968 1123 1014 an
1144 951 1208 1014 hac
1229 949 1390 1012 multitudo
1405 947 1512 1010 debeat

442 1077 480 1121 er
495 1057 650 1130 omnibus,
667 1071 707 1115 an
720 1071 737 1115 o
749 1053 888 1135 pluribus
901 1058 1047 1116 constare.

480 1161 532 1220 list
545 1158 628 1218 enirn
641 1157 698 1217 hoc
712 1154 918 1232 manifestum,
934 1170 995 1216 non
1009 1169 1095 1234 posse
1107 1168 1218 1232 pancos
1230 1151 1345 1229 aliquot
1356 1149 1515 1229 spiscopus

440 1258 588 1336 sufficere,
597 1262 631 1316 ut
645 1257 677 1318 in
693 1270 799 1317 eorum
811 1269 960 1315 musensu
972 1254 1129 1314 auctoritas
1142 1267 1282 1331 suprema
1299 1250 1462 1313 consistere
1474 1248 1517 1309 di·

440 1364 536 1422 catur.
557 1359 693 1419 Fuerunt
710 1355 792 1417 enim
815 1355 898 1416 omni
911 1353 1097 1416 memoriast
1114 1352 1214 1414 adhuc
1233 1356 1305 1412 sunt
1316 1349 1432 1428 aliquot
1447 1350 1517 1430 Epi·

439 1460 521 1539 scopi
535 1457 664 1536 singulis
685 1455 862 1531 heresibus,
882 1470 950 1534 ques
962 1455 1037 1516 lorte
1055 1453 1231 1528 exstiterint,
1250 1451 1360 1513 addicti
1365 1465 1376 1528 ;
1396 1467 1433 1512 ac
1447 1465 1517 1528 pro·

441 1561 521 1640 inde,
532 1563 559 1623 si
578 1560 740 1624 multitudo
751 1558 894 1639 quaelibet
906 1558 1130 1638 Episcopomm,
1143 1571 1324 1634 quocunque
1345 1569 1477 1616 numero
1490 1553 1521 1612 in

441 1662 579 1724 eamdem
592 1661 772 1724 sententiam
785 1658 979 1733 conveniens,
1000 1655 1227 1719 ecclesiasticam
1248 1651 1453 1719 Protarchiam
1465 1651 1521 1713 ha-

425 1753 503 1837 ¹bet,
515 1779 656 1841 suprema
669 1759 806 1822 Ecclesiae
821 1759 981 1820 auctoritas
993 1773 1098 1818 omnes
1110 1757 1236 1818 hereses
1249 1771 1302 1836 per
1315 1754 1435 1816 diversa
1450 1761 1523 1815 tem·

442 1880 514 1943 pora
532 1861 643 1939 docuit,
660 1877 692 1922 se
710 1859 805 1938 ipsam
820 1859 853 1920 in
872 1857 958 1920 mille
975 1863 1069 1920 sectas
1083 1858 1160 1919 inter
1175 1863 1390 1935 repugnantes
1412 1853 1523 1924 divisit,

442 1979 474 2023 sc
494 1962 589 2040 ipsam
605 1959 730 2021 dirersis
750 1959 945 2038 temporibus,
961 1959 1113 2020 interdum
1127 1959 1218 2020 etiam
1239 1955 1423 2030 simultanec,
1439 1953 1521 2018 mille

443 2061 541 2124 modis
554 2058 786 2124 condemnarit:
805 2077 873 2138 quae
893 2061 995 2121 omnia
1012 2060 1141 2140 proiecto
1157 2059 1287 2121 absurda
1301 2066 1332 2122 et
1351 2065 1520 2121 monstrosa

443 2159 627 2239 usqueadeo
640 2166 722 2233 snut,
737 2165 772 2221 ut
790 2177 880 2222 nemo
894 2177 986 2221 sanus
1003 2161 1095 2240 possit
1117 2177 1244 2222 numero
1264 2161 1439 2238 cuicunque
1457 2159 1521 2240 epi·

445 2278 603 2342 scoporum
617 2261 697 2323 idem
718 2261 888 2323 docemium
907 2262 1138 2324 ecclesiasticum
1158 2261 1360 2342 principatum
1380 2260 1521 2322 tribuere.

485 2364 547 2425 lioc
560 2362 653 2441 igitur
667 2361 800 2424 stultitiae
820 2368 955 2442 portento
968 2365 1078 2441 rejecto
1091 2379 1125 2424 ac
1137 2379 1258 2443 prorsus
1270 2362 1392 2442 exploso
1403 2361 1465 2443 (o),
1480 2358 1522 2421 al·

369 2518 371 2521 .
445 2466 602 2527 firmamus
615 2464 799 2526 invisibilem
814 2481 933 2544 semper
943 2463 1007 2524 tore
1022 2463 1160 2526 Ecclesia
1175 2479 1348 2544 supremam
1363 2461 1523 2525 anomalia·

445 2571 518 2637 tem,
529 2565 592 2626 sire
603 2565 636 2624 in
645 2562 842 2625 multitudine
853 2564 994 2625 universa
1008 2565 1221 2644 Episcopornm
1233 2547 1453 2642 dispersorum,
1463 2561 1521 2622 sito
1604 2571 1605 2606 ῑ

445 2668 478 2727 in
490 2681 596 2727 eornm
615 2662 793 2746 pluralitate
804 2665 868 2727 haec
889 2665 1047 2726 auctoritas
1067 2669 1222 2726 statuatur.
1239 2666 1271 2726 ln
1292 2669 1423 2743 utroque
1443 2663 1519 2726 enim

446 2783 517 2827 casu
539 2763 724 2843 impossibile
743 2769 787 2824 est
810 2779 915 2824 eorum
940 2763 1120 2826 sententiam
1143 2761 1306 2836 authentice
1329 2777 1505 2841 cognoscem
1510 2802 1520 2833 ‚

445 2864 636 2943 singulorum
653 2864 768 2926 decreta
788 2863 953 2926 authentice
975 2866 1117 2947 accipere.
1141 2866 1290 2927 Nimirum
1310 2870 1343 2928 ut
1364 2882 1471 2927 eornm
1488 2862 1521 2923 de

446 2966 575 3045 singulis
589 2964 679 3027 rebus
700 2966 878 3027 sententiam
899 2980 1126 3043 cognoscemus,
1147 2982 1208 3027 non
1222 2980 1383 3045 possumus
1397 2966 1521 3046 prolecto
1604 2958 1605 2979 i

446 3082 697 3145 unumquemque
708 3066 831 3127 illorum
841 3066 936 3141 adire,
950 3072 1044 3128 totum
1058 3067 1161 3129 orbem
1176 3067 1520 3147 terrarnmperlustran·

446 3172 501 3228 tes.
524 3167 625 3245 Neque
644 3165 763 3247 scriptis
786 3167 824 3227 ab
846 3183 1029 3245 unoqutque
1052 3166 1175 3227 illorum
1197 3165 1323 3229 decretis
1341 3166 1520 3245 publiceque

446 3267 533 3331 editis
546 3285 582 3329 ea
599 3271 693 3346 potest
705 3266 875 3329 authentice
888 3266 1045 3331 declarari.
1065 3268 1250 3345 Quocunque
1263 3266 1345 3328 enirn
1360 3268 1477 3331 ratione
1489 3279 1520 3323 ae

472 3490 511 3555 (o)
520 3489 693 3543 tnnedttttem
699 3492 766 3543 hane
772 3492 908 3544 stultitiam
916 3492 1022 3545 minime
1029 3492 1127 3547 ridetur
1135 3492 1237 3545 Carolus
1245 3492 1376 3554 liarttnue,
1384 3492 1518 3559 prestun.

447 3560 662 3612 animaduertisse.
673 3561 758 3622 Quum
766 3565 835 3613 enlm
846 3575 971 3627 perenm
980 3565 1121 3626 inventutis
1137 3564 1298 3615 instituente
1310 3566 1435 3615 rationem
1451 3564 1519 3627 rulqc

447 3636 572 3697 receptam
582 3633 699 3683 nonnulli
707 3636 753 3683 riri
763 3648 851 3697 granea
859 3635 974 3701 doctique
986 3636 1210 3701 reprehendissent,
1220 3640 1343 3701 paucique
1357 3636 1456 3700 aliquot
1467 3640 1517 3697 ept-

448 3706 517 3768 scopt
539 3705 620 3754 nostri
630 3707 814 3756 existimassent
826 3720 877 3757 non
890 3719 944 3757 esse
959 3711 1118 3759 recentiorem
1140 3710 1214 3758 istam
1227 3706 1374 3758 me'tbodum
1396 3710 1518 3759 litteraria

446 3777 614 3828 institutionis
623 3778 785 3840 affluendum,
796 3779 914 3829 inclamat
925 3780 976 3841 ille,
986 3779 1171 3843 quodammodo
1180 3778 1349 3844 triumphans,
1363 3796 1378 3828 r
1389 3794 1441 3831 nun
1449 3780 1517 3829 licere

447 3848 556 3914 proiecto
568 3850 720 3912 principium
733 3850 794 3899 illud
808 3850 976 3914 theologicum
987 3852 1110 3915 oblivisci,
1121 3865 1207 3902 rerum
1216 3855 1320 3903 omnino
1328 3864 1382 3901 ease
1392 3866 1443 3902 non
1455 3846 1516 3913 qnod

448 3924 539 3982 minor,
550 3921 594 3971 sed
606 3923 673 3984 quod
687 3925 768 3984 maior
779 3929 923 3974 nostrornm
939 3924 1115 3988 Episcoporum
1125 3936 1246 3975 nunrerns
1257 3924 1426 3976 uillrmarerit.
1440 3944 1451 3969 ι
1463 3920 1517 3975 l'ot

446 4006 477 4043 ue
486 3999 549 4058 pout
565 3992 665 4043 oublier
674 4007 699 4043 ce
708 3993 827 4059 principe
839 3996 870 4045 de
882 3994 1019 4057 tirioloqie,
1032 4008 1080 4057 que
1092 3995 1120 4045 lu
1132 3996 1213 4047 ueriti
1221 3998 1283 4046 n’ert
1292 4009 1341 4059 por
1354 4010 1414 4047 onec
1428 3991 1518 4058 lencm

446 4064 561 4123 nombre,
572 4063 641 4114 meir
652 4078 713 4114 onec
722 4064 750 4114 lo
761 4064 885 4130 mojoriti
892 4067 922 4116 de
933 4078 980 4115 nor
989 4066 1110 4130 pontisne.
1124 4068 1170 4131 (lte
1181 4066 1279 4131 l'uroqe
1290 4069 1333 4117 der
1345 4074 1453 4119 auteurs
1461 4076 1517 4129 pro·

446 4137 521 4197 fener
539 4136 606 4185 dens
625 4134 835 4199 t'emerpnmen,
852 4140 915 4201 ete.;
930 4139 1001 4195 test,
1017 4150 1074 4200 pag.
1091 4136 1137 4201 ib.)
1150 4162 1179 4175 -
1194 4138 1244 4187 Etsi
1257 4137 1428 4201 tinulogorurn
1449 4138 1516 4186 libros

448 4208 561 4261 muttum
573 4220 616 4270 per
626 4220 707 4258 annor
717 4210 861 4273 complures
877 4208 1053 4273 pervenerim,
1067 4209 1143 4260 iateor
1157 4222 1198 4260 me
1208 4208 1272 4260 nitril
1287 4210 1368 4261 simite
1380 4210 1440 4261 itote
1451 4208 1515 4258 tbeo·

448 4280 528 4342 logico
540 4281 665 4342 principio
676 4280 747 4329 ullibi
759 4280 902 4343 oliendisse,
912 4278 979 4345 quod
997 4282 1090 4331 scilieet
1101 4294 1145 4345 pro
1155 4292 1213 4331 vera
1228 4284 1344 4343 certaque
1359 4281 1473 4332 habenda
1482 4279 1512 4326 rit

448 4362 585 4414 pancorum
595 4350 689 4412 nltqnot
702 4348 878 4415 Episcoporum
889 4354 1026 4413 metentis,
1039 4350 1230 4416 quamrinnuila
1240 4352 1366 4415 syrmatis
1375 4344 1512 4404 deliberatio

450 4423 625 4479 intercesserit,
636 4420 706 4470 nulla
716 4426 888 4484 supervenerit
899 4424 1005 4477 Romani
1017 4424 1141 4473 Pontttcts
1151 4423 1304 4488 approbatio,
1316 4430 1340 4475 et
1350 4425 1391 4475 alit
1405 4416 1511 4474 nonnulli

451 4491 575 4553 Episcopi,
592 4492 716 4553 doctrina,
729 4504 829 4545 morum
844 4500 1005 4557 rmvttateuc
1017 4496 1155 4557 prudente
1167 4495 1341 4561 mmutteque
1356 4496 1423 4547 itura
1441 4505 1512 4558 pras·-

450 4566 533 4612 tnntes
546 4563 711 4625 refragentur,
731 4564 843 4629 plerique
853 4568 895 4617 alit
906 4571 933 4618 in
942 4566 1029 4619 endem
1039 4569 1149 4631 regione,
1158 4568 1233 4619 semet
1244 4570 1383 4631 iterumque
1400 4582 1429 4619 ae
1440 4566 1509 4617 reite

451 4637 549 4682 menter
564 4636 651 4693 rogati,
669 4634 780 4685 adnuere
790 4642 933 4689 constanter
944 4642 1069 4689 recusent.
1085 4638 1175 4702 Lepide
1187 4652 1243 4689 roro
1255 4640 1321 4701 idern
1334 4640 1436 4691 Carolus
1448 4638 1508 4689 liur-

451 4703 530 4765 ttnus,
546 4707 584 4755 rlr
595 4718 657 4757 sune
667 4705 801 4768 litterator,
813 4710 968 4771 singularem
986 4720 1041 4759 eant
1055 4713 1175 4761 rtrtutern
1193 4711 1313 4763 attribuit.
1325 4714 1409 4776 paucis
1424 4708 1509 4772 aliquot

453 4771 589 4840 Episcopis,
602 4788 653 4827 non
665 4776 867 4845 quibuscunque.
878 4782 921 4835 sed
934 4780 1040 4833 nostris.
