3559 5675
555 714 664 761 susus.
693 731 727 747 -·
752 718 836 764 cisen
857 716 1048 773 ntootcisns.
1274 707 1332 769 osni

270 820 363 879 tudine
374 826 403 877 et
415 821 573 881 auctoritas
585 822 650 901 ipsa
668 822 766 885 ciuilis
779 838 814 886 ac
828 823 949 905 politica
964 826 1101 900 negetur,
1113 830 1142 885 et
1153 826 1235 905 leges
1247 828 1285 893 ali
1297 847 1334 893 ea

254 918 381 978 erudite
391 926 582 996 spernantur.

301 1020 388 1079 llam.
402 1014 433 1077 l⁰
443 1018 581 1081 voluutas
596 1021 784 1085 intellectum
793 1024 948 1101 sequitur;
962 1023 1254 1101 etquemadmodurn
1269 1028 1333 1091 lue-

264 1120 316 1177 riot
327 1134 412 1179 mens
426 1134 459 1179 ac
472 1120 612 1182 voluntas
626 1123 752 1185 interius
765 1122 895 1199 ausam
905 1124 936 1185 in
950 1122 1092 1185 eumdem
1104 1124 1194 1205 plane
1207 1126 1331 1189 modum

265 1224 378 1279 erterm
401 1222 544 1298 operatio,
559 1237 627 1300 quaa
648 1227 709 1284 tota
722 1224 761 1285 ah
774 1234 879 1286 earum
900 1224 1118 1303 gubernatione
1139 1226 1333 1309 impulsuque

265 1316 381 1394 pendet,
393 1321 476 1379 omini
489 1321 772 1402 tempore'disposita
782 1322 922 1402 prodibit.
937 1326 1026 1401 Ergo,
1039 1324 1065 1383 si
1078 1323 1116 1385 ab
1128 1325 1212 1385 omui
1222 1342 1254 1387 se
1265 1343 1334 1390 auc·
1372 1380 1374 1385 t

264 1415 371 1479 toritste
382 1418 554 1481 intellectus
567 1421 732 1497 subtrahat,
746 1423 1003 1505 etiamlroluntan
1019 1422 1110 1484 etiem
1126 1425 1202 1486 actio
1212 1431 1334 1489 externo

263 1531 375 1578 omnem
398 1520 603 1581 auctoritatem
623 1515 876 1601 aspernahu'ntur.
891 1523 985 1600 Atqui
1002 1524 1261 1602 protestantisrnus
1273 1526 1332 1586 hu·

263 1625 529 1681 manem-mentem
543 1620 581 1682 ab
600 1622 686 1684 cinni
698 1623 873 1686 aucusitare
893 1622 1023 1685 vindicor
1033 1625 1065 1684 in
1082 1624 1200 1703 lisque
1213 1624 1250 1686 ad
1265 1625 1334 1687 fidei

263 1716 471 1797 religionisque
484 1718 650 1782 doctrinam
666 1724 833 1801 pertinent;
847 1722 929 1785 unde
942 1722 1137 1801 consequitur
1155 1726 1332 1801 necessario,

263 1823 291 1874 ut
307 1817 338 1877 in
350 1818 435 1881 cirili
447 1820 538 1880 etism
552 1821 717 1900 repolirieo
731 1839 764 1883 re
784 1822 1100 1886 exsolutamebomni
1114 1824 1287 1887 anctoritate
1301 1841 1334 1887 ss

263 1915 352 1992 ipsam
376 1916 489 1979 debeat
501 1917 556 1980 illa‘
576 1922 756 1982 existimare:
770 1922 901 1999 Etenim,
917 1922 942 1982 si
959 1923 993 1987 in
1012 1922 1198 1999 gravissimis
1212 1940 1247 1985 ac
1257 1922 1336 1985 diffi-

261 2016 373 2078 cillimis
395 2018 501 2097 rebus,
517 2020 570 2081 ubi
588 2020 626 2081 de
637 2021 749 2084 divinis
768 2024 919 2099 mysteriis
933 2039 968 2083 oc
979 2025 1133 2103 preceptis
1151 2023 1333 2099 scrutandis,

260 2116 349 2194 deque
361 2124 476 2179 uteros
488 2119 621 2181 lioririnis
634 2121 732 2182 salute
746 2122 859 2198 agilus,
872 2122 1083 2199 unusqusique
1097 2122 1153 2183 sibi
1169 2122 1206 2185 ed
1220 2106 1251 2185 se
1267 2130 1335 2203 apte

261 2232 291 2276 ao
301 2217 465 2295 prudenter
476 2218 669 2295 dirigendum
680 2218 803 2296 sufficit,
818 2219 959 2298 nullique
973 2220 1149 2297 homiuijus
1163 2236 1228 2283 esse
1238 2228 1335 2301 potest

260 2314 424 2394 quidquam
437 2318 747 2394 marisscalcum,
761 2325 795 2381 ut
815 2318 890 2381 illud
909 2318 1031 2381 eredere
1046 2325 1213 2396 teneantur,
1230 2323 1333 2398 praeci·

261 2415 355 2494 piendi
367 2438 376 2490 ς
390 2419 503 2481 multo
515 2421 662 2499 magisin
682 2422 777 2498 hujus
796 2422 874 2483 vitei
886 2422 1016 2498 negotiis
1029 2426 1111 2483 muto
1123 2421 1286 2486 levioribus
1300 2440 1336 2485 ac

261 2514 442 2580 tactionum
454 2521 665 2599 unusquisque
677 2522 733 2583 sini
750 2522 907 2601 aptissime
917 2521 965 2583 lex
977 2537 1010 2583 ao
1021 2522 1192 2583 tutissimus
1203 2520 1264 2583 dux
1277 2527 1333 2596 est,

262 2632 352 2695 neque
364 2621 425 2681 ulli
435 2620 556 2706 ¹homini
569 2625 838 2704 potestoornpetere
849 2625 903 2702 lus
915 2624 1001 2695 mihi,
1013 2634 1081 2702 quei
1096 2625 1126 2685 in
1138 2623 1242 2685 ordine
1252 2623 1335 2685 cirili

261 2733 291 2777 sc
305 2719 428 2796 politico
444 2722 615 2801 expoliant,
630 2723 928 2799 iu·demonstrandi,·
946 2728 980 2783 ul
1000 2726 1065 2801 ejus
1073 2722 1189 2799 judicio
1202 2708 1335 2785 mentem

262 2832 352 2880 meam
372 2823 618 2886 tenosromnino
631 2823 789 2900 subjicere.
806 2825 885 2900 lngo
899 2824 1108 2904 protestanlieo
1129 2822 1252 2887 rationis
1272 2824 1333 2903 pri-

262 2923 331 2980 vate
344 2921 377 2981 in
391 2921 466 2982 fidei
479 2920 931 3005 questionihussindependentia
944 2925 1112 2986 messario
1121 2925 1244 2987 redonis
1256 2925 1337 3000 ejus·

261 3016 322 3079 den
337 3020 511 3084 absolutam
525 3025 558 3083 in
577 3025 682 3084 ordino
693 3025 775 3085 civili
789 3029 820 3085 et
832 3025 952 3102 politico
962 3021 1226 3102 independenliam
1239 3023 1336 3100 gignit

261 3133 423 3200 secumque
436 3122 538 3196 trahit,
560 3123 600 3183 ita
622 3130 656 3184 ut
677 3123 741 3183 suis
764 3121 994 3184 morosioribus
1007 3121 1060 3186 ille
1073 3121 1179 3184 debeat
1191 3119 1336 3202 paulatim

261 3224 449 3298 persuadere,
467 3223 546 3284 nulli
561 3241 611 3284 eos
624 3224 766 3284 humanae
778 3223 957 3298 auctoritati,
972 3239 1011 3284 ne
1024 3223 1056 3284 in
1071 3221 1153 3284 cirili
1167 3221 1291 3300 quidem
1303 3239 1337 3284 re

260 3336 291 3381 ae
306 3324 443 3402 politice,
455 3341 520 3385 esse
534 3325 690 3386 obnoxios.

295 3425 328 3480 2⁰
342 3423 471 3483 Etiamsi
485 3424 563 3485 cives
578 3425 785 3503 pmtestantica
805 3421 874 3484 labe
887 3423 991 3486 inlecti
1004 3427 1197 3500 agnoscerent
1209 3439 1241 3484 se
1255 3421 1337 3484 cirili

260 3537 292 3581 ac
305 3523 434 3600 politica
447 3524 615 3584 auctoritati
624 3524 775 3602 subjectos
787 3541 851 3584 esse
864 3533 1012 3603 oportere,
1023 3529 1156 3585 ettamen
1165 3522 1286 3586 eosdem
1300 3521 1337 3584 ad

261 3619 339 3698 leges
350 3622 490 3700 singulos
505 3625 544 3685 ab
558 3624 613 3686 hac
626 3624 802 3685 auctoritate
814 3624 950 3686 conditos
967 3623 1056 3700 nihili
1072 3624 1212 3702 perfacile
1226 3623 1338 3686 haben-

260 3723 311 3784 das
325 3726 586 3801 protestantismus
597 3725 685 3786 debet
696 3741 753 3785 sua
765 3729 870 3804 sponte
882 3721 1047 3803 impellere.
1061 3725 1120 3784 Lex
1134 3725 1246 3802 quippe
1260 3722 1340 3786 nihil

260 3822 295 3881 ad
315 3824 514 3900 obligandum
528 3823 618 3902 salet,
634 3825 659 3884 si
672 3825 721 3885 rel
733 3823 930 3884 inhonestum
942 3822 1017 3899 quid
1031 3822 1079 3883 rel
1094 3824 1218 3883 noxium
1237 3822 1338 3901 prasoi-

261 3923 330 4001 pist.
353 3927 494 3986 tamrero
516 3926 864 4004 protestantismus,.qui
881 3924 1015 4000 religiosi
1036 3929 1066 3985 et
1083 3923 1207 3992 moralis
1224 3922 1338 3984 ordinis

262 4025 402 4085 universe
411 4025 546 4102 judicem
559 4041 737 4104 supremum
751 4039 1001 4101 sinumquemque
1017 4021 1172 4083 hominem
1185 4021 1241 4082 sibi
1253 4036 1339 4082 cons·

262 4124 352 4199 tituil,
368 4125 513 4186 moralem
531 4127 617 4186 etiam
636 4126 712 4202 legis
726 4123 891 4204 cujuslibet
903 4121 999 4184 civilis
1013 4138 1047 4183 ae
1062 4121 1187 4200 politice
1200 4124 1337 4182 naturam

262 4226 427 4303 unicuique
445 4227 503 4286 civi
522 4244 575 4306 pro
597 4243 630 4287 se
646 4227 717 4302 jure
737 4239 878 4304 supremo
894 4220 1089 4300 judicandam
1108 4220 1164 4282 hoc
1185 4221 1248 4300 ipso
1268 4235 1338 4299 per-

263 4325 364 4385 mittit.
379 4327 540 4404 Quumque
551 4327 585 4386 in
599 4325 683 4387 omui
697 4324 834 4386 humans
846 4321 996 4400 ejusmodi
1016 4320 1082 4397 lege
1098 4319 1222 4380 moralis
1235 4319 1339 4399 aliqua
1392 4319 1394 4324 ’

264 4425 337 4486 ratio
350 4443 469 4506 semper
482 4426 528 4487 rcl
548 4427 631 4501 insit,
647 4425 696 4488 rel
715 4427 814 4486 inesse
828 4422 916 4486 iacile
931 4421 1094 4484 existimari
1112 4421 1215 4501 possit,
1233 4437 1338 4484 omncs

263 4525 371 4588 ideirco
383 4528 465 4604 leges
481 4529 569 4589 etiam
588 4525 691 4588 civiles
704 4541 740 4586 ae
750 4523 878 4604 politice
891 4538 1032 4602 supremo
1047 4523 1286 4600 uuiuscujusque
1299 4523 1339 4586 ci·

263 4632 307 4690 ris
329 4631 453 4692 arbitrio
472 4646 491 4690 a
508 4627 751 4709 protestantismo
771 4623 968 4687 subduntur:
989 4623 1116 4701 quodi,
1135 4627 1169 4684 ut
1188 4639 1224 4685 cx
1242 4622 1337 4702 hujus

262 4727 383 4791 heresis
404 4730 559 4811 principiis
579 4728 721 4790 humone
742 4723 905 4804 cujuslibet
917 4725 1002 4802 iegis
1024 4722 1164 4786 validitas
1185 4739 1204 4784 o
1223 4724 1336 4803 privato
