3559 5675
472 770 531 837 ddi
882 796 962 845 snare
982 798 1145 847 seruulus

471 918 537 962 esse
552 902 705 979 legitimus
717 904 811 983 judex
826 904 862 965 de
877 922 947 966 vera
966 907 1051 968 illius
1071 910 1216 988 principis
1229 912 1382 988 tyrannide
1393 919 1507 979 satuens.

470 1004 556 1079 ‘prod
570 1006 594 1067 si
611 1005 764 1081 legitimus
778 1006 855 1068 adsit
866 1006 959 1086 judex
971 1014 1050 1071 certa
1063 1011 1226 1071 instructus
1239 1017 1376 1090 potestate
1385 1014 1510 1090 iudicandi

472 1120 509 1165 an
523 1106 573 1167 hic
586 1106 634 1167 vel
652 1106 702 1169 ille
722 1110 860 1187 princeps
870 1110 954 1185 juste
969 1126 1009 1170 an
1024 1112 1180 1185 tyrannice
1193 1112 1342 1190 possideat
1353 1112 1396 1174 rel
1407 1124 1510 1177 exerceo

467 1205 629 1268 secularem
639 1209 863 1279 auctoritatem
881 1218 945 1270 tum
960 1228 1031 1271 vero
1044 1228 1098 1289 per
1114 1211 1282 1285 legitimam
1299 1216 1512 1293 sententiamque

466 1306 536 1367 talis
552 1306 645 1383 juder
659 1308 787 1369 declaret
801 1308 882 1369 hune
898 1309 1049 1370 velillum
1065 1310 1231 1389 principem
1252 1314 1401 1388 tyrannice
1418 1314 1512 1393 palili-a

464 1408 640 1467 auctoritate
653 1408 748 1483 abuti,
761 1410 892 1469 habetur
907 1413 966 1483 iam
979 1409 1056 1471 illud
1069 1428 1166 1470 riuum
1181 1412 1261 1488 qttod
1274 1412 1513 1488 requirituradnut

464 1522 498 1567 et
509 1506 632 1581 srtfficit,
650 1514 683 1569 nt
700 1510 836 1587 princeps
850 1510 1024 1571 atrctoritata
1040 1510 1091 1571 illa
1105 1513 1188 1571 omni
1200 1510 1336 1589 privatus
1352 1520 1511 1584 agnoscatur,

467 1606 630 1668 intrinsece
651 1622 785 1685 namque
802 1616 961 1688 repugnat,
974 1612 1026 1685 jus
1041 1610 1189 1669 societatis
1207 1612 1412 1671 conservande
1424 1628 1514 1690 asper·

465 1702 484 1765 a‘
493 1704 611 1774 fienda,
626 1706 706 1783 qarocl
721 1712 764 1767 est
776 1706 895 1769 socialis
917 1710 1089 1776 auctoritas,
1105 1728 1170 1770 esse
1181 1713 1233 1784 jars
1246 1714 1392 1771 societatis
1403 1713 1514 1772 verende

395 1854 400 1865 .
466 1805 498 1865 ac
510 1806 677 1883 perdendae.
690 1840 725 1849 —
740 1808 829 1885 Atqui
848 1810 978 1868 Ecclesia
999 1809 1064 1869 sola
1080 1808 1169 1869 habet
1181 1810 1260 1869 hanc
1271 1816 1439 1889 potestatem
1450 1812 1515 1887 judi·

463 1904 552 1964 cendi
573 1906 741 1967 authentice
756 1906 793 1966 de
809 1906 862 1967 lali
885 1908 961 1967 lacto
975 1908 1083 1967 morali
1098 1909 1327 1983 gubernationis
1340 1910 1515 1986 tyrannicam

466 2002 596 2081 principe
609 2003 827 2083 independente
840 2025 847 2075 ;
863 2006 934 2082 quia
948 2007 1001 2066 illa
1013 2014 1060 2066 est
1070 2006 1265 2085 discrepare,
1281 2024 1317 2069 ac
1328 2010 1391 2069 sola
1403 2016 1453 2083 cst,
1463 2009 1514 2084 leci·

463 2106 559 2161 ‘rmus
580 2102 672 2179 juder
693 2118 798 2163 eorum
819 2122 886 2181 qrtae
907 2106 1108 2181 adjustitiam
1122 2106 1366 2168 etmoralitatem
1384 2110 1515 2187 pertinent,

465 2218 533 2281 qus
547 2206 618 2263 sunt
630 2204 761 2280 proiecto
773 2222 820 2265 res
831 2205 1011 2284 spirituales.
1025 2208 1114 2283 Ergo,
1129 2212 1185 2267 etc.

506 2304 601 2378 Amare
613 2300 677 2363 hac
691 2304 755 2381 ipsa
772 2312 817 2363 est
833 2306 923 2365 unica
941 2306 1016 2366 ratio
1035 2306 1213 2367 conciliandi
1229 2307 1284 2368 illa
1297 2308 1359 2368 duo
1372 2324 1435 2384 otta
1445 2324 1517 2384 nuper

468 2403 701 2463 memoravimus
717 2408 734 2462 a
749 2404 835 2463 nobis
849 2404 964 2480 injure
975 2406 1095 2483 politico
1106 2406 1227 2479 tradita,
1238 2408 1386 2466 nimirum
1397 2413 1425 2466 et
1433 2406 1517 2483 privari

464 2502 631 2580 principem
645 2504 729 2561 omni
743 2503 886 2582 poie'state
905 2504 1029 2583 publica
1043 2508 1082 2565 ob
1101 2510 1287 2566 constantem
1303 2506 1489 2583 tyrannidem.
1498 2508 1518 2561 et

469 2614 530 2661 tren
541 2614 627 2677 pesse
640 2592 742 2663 t'aineir
757 2615 775 2665 a
789 2602 902 2682 populo
920 2604 965 2665 illi
982 2606 1104 2665 subdite
1116 2605 1180 2665 ulla
1197 2607 1312 2665 ratione
1323 2606 1428 2684 deponi
1440 2603 1518 2675 (lodi.

466 2700 560 2777 1008)
575 2714 584 2760 t
600 2718 635 2761 er
647 2704 759 2778 ortibus
772 2704 890 2764 duobus
906 2706 1049 2781 consequi
1063 2705 1192 2777 videtur,
1204 2707 1350 2785 principis
1361 2704 1518 2779 tyranmden

467 2801 664 2878 quantumvis
679 2805 843 2867 immanem
858 2812 886 2866 et
901 2806 1093 2880 obstinatam,
1106 2805 1305 2867 calamitatem
1322 2803 1519 2885 scilicetpuili·

467 2912 534 2964 eam
555 2905 693 2964 emnium
718 2907 912 2980 teterrimam,
929 2921 1085 2984 utinquam
1109 2907 1200 2967 licere
1221 2907 1336 2984 populo
1354 2925 1371 2966 a
1392 2923 1423 2967 ea
1438 2903 1518 2983 procul

468 3002 630 3081 depellere.
649 3002 765 3066 etiamsi
786 3005 871 3066 lacile
890 3008 1001 3082 possit3
1018 3007 1048 3066 id
1067 3014 1168 3068 autem
1189 3008 1310 3068 videtur
1332 3007 1420 3086 plane
1441 3007 1520 3066 absur-

469 3103 554 3176 dun,
569 3105 679 3184 'quippe
703 3103 782 3184 quod
805 3107 964 3166 manifeste
985 3113 1132 3185 repugnet
1155 3108 1254 3186 primo
1273 3115 1304 3167 et
1325 3108 1465 3186 praecipuo
1474 3099 1519 3178 juri

470 3205 550 3282 rptod
565 3207 646 3266 omni
667 3207 727 3266 enti
747 3205 946 3266 essentialiter
967 3207 1056 3274 inest,
1069 3208 1132 3280 ΙΙιιτί
1144 3223 1253 3284 nempe
1269 3223 1335 3268 auae
1353 3205 1521 3268 conseruato

467 3321 530 3380 rra,
546 3311 574 3365 et
587 3305 696 3366 idcirco
709 3305 847 3366 sitellam
860 3305 969 3366 diona
982 3293 1178 3366 corruentia
1192 3307 1391 3380 injuriosum,
1406 3323 1466 3383 qam
1475 3311 1519 3362 uu

470 3407 571 3483 inepte
581 3405 746 3466 humanam
760 3408 929 3466 societatem
942 3407 1140 3480 constitnerit,
1152 3413 1184 3466 ut
1197 3410 1313 3466 vetetur
1324 3407 1378 3468 illa
1387 3402 1521 3482 aliquando

472 3518 535 3562 sum
556 3505 770 3564 conservationi
793 3504 966 3568 consulere,
991 3519 1230 3580 supremumque
1251 3503 1377 3564 exitium
1400 3501 1522 3562 immerito

473 3603 607 3658 teneatur
621 3599 734 3674 sarbire,
749 3603 827 3678 quod
840 3603 929 3662 laeile
943 3602 1035 3678 possit
1049 3599 1234 3680 propulsare.

514 3698 551 3757 dt
565 3710 646 3770 vero,
661 3710 781 3758 summa
794 3697 847 3760 illa
861 3697 1049 3760 ecclesiastici
1064 3698 1231 3758 Protamhae
1245 3700 1277 3758 in
1291 3700 1437 3778 principes
1450 3701 1521 3776 potes

473 3799 533 3856 tate
545 3797 644 3872 agnita
658 3801 687 3856 et
706 3795 848 3872 admissa,
863 3797 959 3858 facilis
971 3798 1072 3858 atatim
1093 3813 1128 3857 ac
1140 3797 1295 3874 legitimus
1307 3798 1342 3859 in
1356 3799 1521 3876 promporet

474 3895 582 3957 modus
591 3898 758 3973 tyrannidis
768 3897 999 3979 depellenda,si
1010 3915 1080 3958 vera
1089 3895 1142 3957 illa
1153 3899 1288 3974 tyrannis
1297 3899 1398 3959 luerit.
1411 3897 1449 3957 lte
1458 3905 1521 3954 naor

474 3977 533 4074 uus
545 3997 581 4057 ed
597 3997 759 4058 Summum
782 4013 884 4060 rerum
899 3998 1104 4077 spiritualium
1122 3999 1156 4058 in
1178 3999 1264 4059 terris
1280 3997 1417 4079 iudicem
1433 3993 1520 4056 detes,

473 4096 600 4158 solemni
617 4085 733 4159 decreto
744 4100 771 4158 ia
785 4101 898 4177 statuit,
913 4115 989 4159 num
999 4099 1126 4178 principi
1140 4115 1192 4160 reo
1205 4098 1333 4160 debeam
1346 4096 1445 4177 populi
1455 4105 1521 4172 pom

472 4199 594 4272 servire,
620 4215 671 4271 an,
688 4199 740 4260 illo
755 4199 886 4275 dejecto,
904 4200 1034 4259 alterum
1049 4199 1082 4258 in
1101 4201 1168 4274 eJus
1187 4186 1521 4259 incommmutabilis

476 4297 751 4376 intelligitquismte
761 4297 858 4358 ordini
869 4297 971 4360 sociali
985 4299 1095 4376 optime
1106 4296 1239 4357 divinam
1251 4295 1462 4358 Prouidentiam
1470 4302 1521 4350 oon·

476 4393 618 4463 suluisse,
638 4397 819 4474 modumque
834 4395 963 4470 facilem,
976 4401 1076 4456 tutum
1089 4413 1122 4456 ac
1136 4413 1259 4455 suavem
1273 4393 1392 4474 populis
1404 4383 1520 4452 miscell

478 4489 709 4570 ildeprandum,
733 4509 793 4572 quo
808 4511 872 4555 sese
896 4513 914 4554 a
936 4493 1078 4573 principis
1093 4492 1247 4573 tyrannide
1269 4493 1335 4553 sine
1357 4489 1456 4562 turdis,
1472 4483 1519 4543 sint

469 4591 624 4667 tumultu,
637 4593 702 4653 sine
716 4593 845 4654 moinus
859 4593 1014 4654 liberent..

520 4691 607 4752 llunc
621 4691 757 4768 modum,
772 4695 825 4772 qui
839 4694 893 4754 ubi
907 4693 945 4754 de
965 4693 1098 4772 principe
1113 4691 1331 4772 independente
1343 4691 1444 4767 agitur,
1458 4693 1517 4743 unul

480 4797 525 4853 eet
537 4791 702 4868 legitimus,
722 4793 827 4855 rationi
841 4799 870 4854 et
890 4793 950 4870 legi
962 4791 1092 4854 naturali
1111 4807 1272 4865 consonus,
1287 4791 1325 4870 si,
1343 4793 1435 4870 spreta
1445 4778 1515 4845 otili
