3559 5675
485 788 545 849 oro
890 795 969 843 rums
990 796 1151 843 seruetur
1197 817 1198 825 κ

482 924 575 987 quam
588 905 681 976 eslim,
702 910 735 964 ut
747 902 819 963 alibi
839 901 1071 982 notavimushr),
1091 902 1169 981 apud
1194 901 1348 963 catholicos
1368 899 1516 963 heterodoxis
1581 984 1582 987 Ἴ

482 1010 516 1069 in
541 1006 622 1068 civili
644 1002 861 1066 consuetudine
886 1002 1048 1083 permistos
1077 1002 1285 1065 haereticorum
1309 1002 1463 1080 dogmatum
1484 1003 1517 1061 ri-

482 1109 831 1184 tuumquecontemptus
853 1108 942 1181 atsere
965 1103 1071 1164 horror
1089 1104 1190 1181 rigere
1213 1104 1377 1184 plerunque
1396 1100 1520 1163 nondesi-

483 1213 536 1270 nat
555 1206 699 1281 omnino;
720 1202 805 1279 iolso¹
821 1209 920 1264 tamen
939 1204 1088 1281 permulta
1108 1202 1198 1264 effeta
1213 1204 1362 1282 falsasque
1382 1203 1519 1275 sententies,

481 1324 549 1386 qum
570 1306 697 1385 sparsim
723 1304 809 1381 quasi
830 1320 884 1382 per
906 1308 974 1365 uera
1001 1304 1259 1379 circumvolitant,
1284 1310 1420 1383 tunquam
1443 1309 1522 1363 moues

481 1405 621 1484 quosdam
641 1402 793 1482 particulas
812 1402 850 1463 ah
869 1402 1016 1463 hereticis
1040 1400 1182 1464 doctrinis
1201 1403 1329 1482 aculem,
1351 1401 1522 1481 ipsarumhe·

481 1522 585 1567 cesum
598 1505 789 1564 vehementer
806 1502 922 1579 atlines,
938 1502 975 1563 ad
995 1520 1105 1579 casque
1128 1505 1266 1564 animum
1284 1510 1476 1584 preparantes,
1487 1518 1523 1561 ne

482 1624 565 1669 cesse
578 1612 623 1667 est
635 1604 793 1666 catholicos
812 1604 882 1664 illos
905 1606 1066 1665 sensimus
1084 1604 1150 1665 sine
1171 1620 1263 1665 seusu
1276 1622 1348 1666 eum
1365 1605 1524 1683 spirituque

481 1706 640 1767 dammodo
662 1704 781 1765 ebihere
795 1710 884 1781 atque
906 1702 1072 1763 erlmurire.
1094 1706 1301 1765 perniciosum
1322 1705 1401 1765 huuc
1419 1702 1525 1764 ellectum

481 1821 500 1867 a
517 1806 657 1865 lamiliari
674 1802 889 1865 catholicorum
911 1819 981 1863 cum
1002 1802 1148 1865 haereticis
1171 1807 1351 1867 commercio
1366 1803 1525 1883 prodeuntem

480 1904 577 1967 Gallia
589 1910 688 1964 nostra
705 1903 811 1964 multis
829 1900 939 1975 modis,
950 1905 1104 1983 superiore
1119 1906 1280 1983 prasertim
1297 1910 1392 1981 aetate,
1404 1904 1433 1963 in
1443 1920 1470 1963 se
1484 1902 1527 1979 ipso

482 2011 601 2083 experta
614 2011 669 2065 est.
690 2003 951 2082 Eproteetantium
972 2004 1083 2082 quippe
1100 2004 1179 2065 inter
1197 2021 1252 2066 nos
1265 2004 1423 2065 catholicos
1441 2002 1527 2078 depen-

481 2106 558 2164 tium
573 2102 690 2182 placitis
708 2102 819 2163 multas
835 2101 873 2163 ad
888 2102 1121 2182 philosophiam,
1142 2103 1180 2165 ad
1194 2122 1258 2165 rem
1277 2104 1437 2184 politicam,
1450 2101 1479 2161 ad
1495 2116 1528 2159 re

481 2201 625 2281 ligionem
645 2204 741 2281 ipsam
762 2207 928 2281 spectantes
949 2202 1112 2263 sententies
1130 2206 1260 2281 majores
1284 2204 1377 2265 nostri
1386 2246 1397 2278 ,
1420 2218 1467 2263 nec
1485 2200 1528 2277 opi·

482 2310 606 2375 nantes,
632 2303 762 2366 mutuati
783 2308 894 2363 sunt.»

521 2406 595 2478 Qum
604 2404 629 2463 si
639 2402 676 2462 de
685 2400 838 2463 catholicis
851 2401 976 2462 sinceris
988 2408 1156 2479 sancteque
1168 2420 1230 2465 sua
1240 2402 1311 2464 fidei
1325 2402 1468 2473 studiosis,
1479 2396 1529 2459 side

481 2503 553 2583 ipsis
570 2500 719 2563 interdum
741 2500 856 2562 clericis
875 2517 944 2562 rere
960 2498 1113 2573 dicuntur,
1127 2508 1241 2579 quanto
1255 2505 1353 2579 major
1370 2498 1487 2580 putanda
1500 2501 1529 2555 est

480 2620 499 2666 e
510 2583 738 2681 protestantium
752 2599 968 2661 consuetudine
981 2602 1073 2661 creari
1084 2602 1230 2679 pernicies
1237 2601 1421 2680 reliquorum
1428 2598 1530 2659 multitu-

483 2700 561 2777 dini,
574 2716 651 2778 quos
663 2716 764 2777 neque
775 2701 945 2761 christiana
960 2699 1029 2761 lldei
1042 2699 1159 2779 plenior
1168 2702 1273 2761 notitia
1286 2702 1449 2772 confirmat.
1459 2712 1530 2773 neque

481 2800 565 2862 illios
578 2800 811 2880 amor,ipsorum
825 2798 993 2880 pectoribus
1004 2799 1041 2860 ah
1057 2802 1183 2863 infautia
1195 2801 1318 2880 insitus,
1335 2796 1529 2866 sustentetth'i·

483 2901 696 2962 mimmlalcos
709 2903 790 2962 viros
806 2903 838 2961 in
856 2901 1125 2982 omnihusgurtium
1135 2902 1319 2980 optimarum
1341 2901 1531 2982 etpuhlieomn

482 3001 657 3064 meoniorum
679 3001 841 3078 generibus
859 3017 920 3062 non
934 3017 1044 3080 peuces
1062 3001 1202 3064 videmus
1213 3019 1248 3064 eo
1271 3004 1434 3081 praesertim
1447 3005 1531 3082 protes·

481 3103 593 3163 tantieo
610 3119 722 3177 errore,
744 3102 883 3180 quamvis
903 3099 1041 3164 catholici
1061 3101 1242 3178 lrebcautur,
1262 3103 1425 3164 maximnm
1445 3105 1531 3179 partem

482 3200 835 3276 responsionumque
854 3216 920 3260 esse
935 3201 1050 3278 privato
1062 3200 1183 3278 iugenio
1198 3200 1359 3279 studioque
1375 3199 1531 3262 statuendum
1581 3171 1582 3200 ¹

482 3298 555 3377 quid
577 3301 615 3361 sle
635 3298 769 3376 qualibet
782 3295 951 3358 christianas
969 3298 1107 3358 doctrinm
1126 3305 1208 3378 parte
1230 3302 1367 3379 accipiat,
1385 3299 1453 3378 qnid
1471 3311 1532 3377 porro

482 3399 539 3458 sihi
554 3395 757 3477 respuendum
771 3403 865 3476 putet,
887 3405 976 3475 atque
999 3395 1193 3458 individualis
1207 3398 1337 3478 hujusce
1351 3397 1483 3461 eaomioir
1497 3400 1532 3472 jos

482 3495 639 3558 essentiale
652 3504 743 3572 atque
757 3495 947 3558 suatumotte
961 3499 1057 3559 cuivis
1070 3498 1188 3558 homini
1200 3505 1348 3562 constare.
1369 3524 1382 3553 s

523 3598 559 3655 ur
580 3596 723 3667 incautos,
739 3598 887 3676 praecipue
895 3601 1059 3678 juvenum,
1071 3599 1189 3660 animos
1200 3605 1303 3660 contre
1313 3599 1461 3662 exitialem
1474 3597 1531 3656 huns

482 3711 613 3757 errorem
627 3698 877 3773 praemuniamus,
889 3698 1017 3777 propriis
1032 3697 1122 3758 illum
1140 3699 1328 3776 argumentis
1342 3700 1400 3761 hoc
1413 3699 1471 3760 loeo
1483 3695 1530 3754 lrr

482 3799 556 3856 riter
570 3795 753 3858 relellemus.

524 3895 613 3958 till.
629 3899 697 3960 Pos.
709 3893 843 3958 ollu-
862 3897 1059 3960 protestantes
1080 3897 1181 3960 mullas
1200 3897 1326 3974 hahent,
1339 3899 1439 3962 nullas
1450 3895 1530 3958 haltere

483 4002 609 4078 possunt
625 4001 788 4077 scripturas
808 4015 919 4062 sacrus.
1369 4003 1381 4021 ¹

524 4109 704 4166 morsuum.
720 4137 759 4147 -
778 4104 946 4179 Scriptum
969 4121 1061 4166 suern
1075 4103 1228 4181 dicuntur,
1243 4104 1382 4166 omnium
1402 4111 1529 4164 mnuusu

482 4203 551 4266 libri
561 4204 687 4281 quidam
703 4204 762 4263 lico
775 4204 969 4264 revelantem
990 4204 1119 4266 dictante
1131 4203 1303 4281 conscripti,
1318 4205 1359 4264 ita
1373 4209 1407 4263 ut
1418 4201 1497 4263 oratio
1507 4194 1531 4252 iis
1581 4255 1582 4270 χ

482 4303 569 4364 libris
585 4308 723 4364 morenos
742 4318 811 4362 rere
829 4317 862 4362 ac
883 4303 1002 4382 proprie
1024 4304 1063 4364 sit
1080 4303 1198 4363 verdum
1213 4299 1279 4364 Dei.
1581 4283 1582 4312 ³

522 4407 617 4466 Paos.
652 4419 713 4464 ros.
740 4435 779 4447 -
799 4405 822 4462 l.
850 4404 886 4461 Ut
912 4419 1011 4463 sueres
1034 4405 1193 4484 scripturas
1219 4404 1370 4482 quispiam
1397 4395 1530 4481 possidat

481 4501 570 4564 debet
582 4504 608 4563 is
622 4510 702 4562 certa
715 4502 829 4563 ratione
845 4502 948 4580 aliqua
971 4507 1159 4580 compertum
1181 4507 1211 4562 et
1231 4501 1416 4582 exploratum
1434 4495 1529 4560 mure,

497 4655 549 4776 ¹tp)
561 4653 590 4704 ln
602 4661 688 4705 nostro
702 4654 802 4707 dissert.
818 4655 854 4705 De
865 4654 1027 4707 scholasticae
1037 4655 1180 4722 theolopr'oe,
1191 4654 1286 4706 studiis
1299 4651 1465 4712 restituendis,
1479 4640 1529 4695 nrt

481 4736 496 4778 ο
535 4758 543 4776 .
