3559 5675
478 789 538 855 tsi
889 801 969 849 sutus
989 800 1149 848 aurursus

479 913 610 991 crilcgus
625 908 783 993 provoluit
800 915 902 973 contra
917 911 1091 987 Ecclesiam,
1106 914 1304 971 veteratorum
1323 904 1461 967 fraudibus
1480 902 1517 963 illa

477 1012 597 1093 decepta
613 1016 675 1085 ast,
691 1026 726 1073 ac
743 1009 871 1071 coelcstis
895 1008 1035 1071 doctrinas
1050 1010 1271 1089 corruptionem
1295 1025 1348 1069 sua
1367 1004 1519 1069 conniventia

477 1110 692 1191 comprobavit.
708 1109 799 1187 Atqui
813 1108 877 1170 hcc
888 1110 990 1171 omnia
1004 1115 1077 1170 eunt
1098 1108 1181 1171 dictu
1201 1107 1366 1183 horribdia,
1381 1109 1468 1185 utpote
1484 1101 1519 1162 di·
1584 1150 1585 1153 ,

479 1212 558 1272 sinis
572 1208 751 1273 testimoniis
763 1208 919 1270 evideutcr
933 1210 1142 1289 repugnantia.
1165 1208 1303 1270 l'idimus
1316 1206 1394 1269 enim
1410 1204 1520 1283 superius

480 1312 640 1375 Ecclesiam
664 1326 729 1373 osse
747 1307 911 1369 columnam
934 1315 961 1369 et
981 1308 1200 1387 firmamentum
1221 1308 1370 1383 veritatis,
1385 1323 1416 1369 ac
1420 1302 1522 1385 proinde

478 1411 690 1489 iuiallibilsm3
705 1420 809 1475 contra
822 1412 907 1475 illam
921 1419 1037 1491 portos,
1053 1412 1130 1473 idest
1149 1416 1321 1491 potestatss,
1338 1407 1458 1483 inferrus
1469 1420 1522 1463 osr-

478 1531 566 1593 quom
581 1510 792 1593 praeluditur-os
800 1534 812 1581 ‚·
833 1530 904 1573 cum
923 1513 1053 1574 Ecclesia
1071 1512 1224 1573 Christum
1240 1511 1400 1573 Dominum
1418 1508 1524 1567 luturuu

480 1629 570 1692 usque
585 1611 627 1672 od
639 1611 913 1673 adnumerationem
925 1612 1016 1673 secoli
1030 1610 1145 1691 (tuos).
1161 1612 1252 1689 Ergo,
1267 1616 1324 1673 etc.

522 1714 570 1773 ll'.
585 1714 740 1774 Romanus
750 1712 884 1775 Pontifex
895 1728 976 1775 unus
986 1719 1042 1787 est,
1055 1730 1108 1792 per
1120 1729 1151 1773 sa
1165 1712 1241 1791 ipse,
1254 1710 1356 1771 divino
1365 1707 1527 1781 muuerciu·

479 1812 616 1873 inllibilis
637 1814 669 1873 in
683 1812 847 1873 christiana
862 1810 996 1873 doctriua
1012 1811 1235 1892 interpretanda
1251 1816 1282 1871 ct
1295 1808 1427 1872 Ecclesia
1446 1820 1527 1887 propo·

480 1914 579 1975 nenda
594 1929 602 1973 ε
617 1913 697 1991 quod
720 1914 891 1975 innumeris
917 1930 951 1975 ao
965 1913 1214 1997 luculentissimis
1236 1912 1419 1990 argumentis
1428 1922 1529 1984 compro

480 2012 568 2073 batur
584 2014 733 2092 passima
752 2012 901 2091 theologis
924 2019 955 2075 et
970 2014 1106 2075 canonici
1124 2015 1206 2092 juris
1221 2012 1402 2075 doctoribus.
1423 2009 1530 2069 Redones

480 2112 598 2190 aliquot
610 2113 641 2173 id
655 2113 814 2176 mandens
826 2114 1038 2175 confirmantes
1053 2114 1182 2177 breviter
1194 2113 1354 2175 obeamus.

523 2219 554 2274 1⁰
576 2214 713 2275 Cluistus
734 2215 881 2277 nominis
897 2213 1062 2275 Ecclesiam
1085 2213 1239 2275 adificavit
1253 2228 1348 2291 supra
1361 2202 1530 2291 perconamfi·

480 2312 609 2391 demque
623 2313 775 2393 publicam
790 2313 879 2383 Patri,
897 2313 989 2375 simrd
1006 2313 1159 2393 pollicitus
1177 2319 1278 2375 contra
1290 2309 1449 2373 Ecclesiam
1464 2312 1531 2387 potcs-

481 2422 556 2483 tates
578 2415 746 2477 interorum
773 2432 933 2494 uunquam
955 2432 1020 2477 csse
1044 2415 1262 2495 prccclituras.
1283 2414 1387 2491 timui,
1403 2412 1427 2473 si
1446 2412 1530 2475 catus,

481 2516 609 2592 eiusque
632 2520 795 2594 perpetuus
818 2530 984 2589 successor,
1008 2520 1136 2576 nonest
1159 2514 1223 2592 ipsa
1247 2530 1301 2593 par
1329 2529 1361 2573 sa
1384 2504 1530 2575 infallibilis,

481 2620 608 2693 possunt
627 2613 755 2691 prolecto
773 2613 939 2691 aliquando
954 2620 1113 2693 potestates
1135 2613 1259 2675 iuterna
1281 2618 1387 2673 contra
1408 2606 1533 2671 Ecclesiam

482 2712 660 2793 praevalere,
676 2719 803 2792 possunt
823 2714 905 2776 enim
920 2714 1104 2791 Pontificem,
1119 2730 1181 2791 quo
1200 2720 1358 2791 tamquam
1377 2710 1534 2773 lundaucnto

483 2812 617 2876 Ecclesia
631 2813 788 2892 innititur,
806 2815 958 2876 erroribus
979 2814 1153 2896 perniciosis
1174 2814 1372 2888 labefactare,
1392 2828 1424 2874 ac
1442 2802 1535 2890 poinde

482 2919 598 2994 petram
612 2931 673 2991 qua
686 2913 818 2976 Ecclesia
837 2916 1017 2992 sustinetur,
1031 2913 1257 2994 Ecclesiamque
1272 2915 1383 2994 ipsam,
1399 2912 1508 2972 diruarc.

524 3017 557 3074 2·
577 3014 715 3076 Christus
735 3015 881 3076 Dominus
906 3017 991 3077 Patro
1013 3016 1165 3095 pracepit,
1181 3020 1215 3074 ut
1227 3031 1322 3092 agnos
1337 3028 1461 3090 orasque
1480 3005 1536 3068 ttltu

483 3120 595 3193 pascat
618 3115 807 3194 Praecipuum
820 3119 923 3176 autem
940 3131 1086 3192 agnorum
1098 3117 1263 3193 oviumque
1289 3115 1402 3177 Christi
1424 3107 1534 3191 paodm

484 3221 529 3278 est
542 3231 624 3287 sana⁴
635 3216 771 3277 doctrina
789 3221 820 3278 et
833 3214 907 3276 tides
919 3215 1108 3277 intemerata.
1124 3217 1214 3294 Ergo,
1229 3216 1378 3293 quonium
1402 3216 1473 3274 licus
1491 3204 1536 3266 uni·

484 3315 594 3393 cuique
607 3314 711 3394 procul
724 3315 818 3376 dubio
841 3315 1019 3393 adjumenta
1031 3315 1144 3394 praebet
1163 3315 1387 3378 accommodata
1404 3313 1437 3374 ad
1454 3319 1535 3370 occult

485 3414 565 3490 quod
588 3414 645 3492 ipsi
673 3415 873 3476 exercendum
900 3415 1045 3496 imponit;
1069 3417 1158 3477 sicuti
1181 3417 1303 3476 Petrum
1329 3413 1468 3496 peculiari
1488 3421 1536 3486 prs·

484 3518 568 3592 cepto
583 3515 615 3572 in
627 3512 759 3576 Ecclesia
771 3515 927 3576 constituit
940 3521 975 3576 ut
989 3531 1095 3578 sanem
1106 3513 1270 3576 doctrinam
1285 3513 1536 3592 ddemqoaiuuoe·

484 3618 581 3672 ratam
595 3611 775 3676 Christianis
788 3614 930 3676 omnibus
946 3621 1090 3694 perpetuo
1110 3615 1219 3694 tradat,
1235 3615 1276 3675 ita
1294 3613 1402 3677 delicit
1414 3613 1491 3672 illurn
1507 3603 1538 3662 di·

485 3711 555 3774 siuo
569 3713 708 3793 prasidio
727 3716 770 3778 ita
781 3717 973 3777 communica
988 3721 1019 3776 ct
1034 3714 1256 3795 quodammodo
1275 3712 1503 3778 circumvallare,
1516 3710 1536 3760 11¹

485 3828 644 3890 rutuquam
655 3815 767 3892 possit,
787 3815 982 3877 christianam
1004 3816 1095 3876 iidem
1113 3833 1148 3876 ex
1172 3815 1310 3894 pastorali
1331 3815 1492 3876 auctoritato
1504 3820 1536 3863 rt·

485 3912 611 3992 pliccns,
626 3914 692 3976 ullo
703 3913 794 3974 modo
804 3931 903 3976 errare
916 3936 924 3974 z
938 3916 963 3976 si
978 3917 1060 3977 onim
1075 3920 1173 3996 posset
1187 3931 1299 3991 errare,
1309 3917 1446 3994 ineptum
1457 3911 1536 3970 instu-

484 4020 623 4074 nreutum
636 4013 782 4074 [lominum
795 4013 833 4075 cd
845 4031 910 4076 rem
922 4013 1093 4093 grauissimi
1107 4017 1254 4078 momenti
1269 4014 1464 4077 adhibuisset.

524 4113 559 4172 30
582 4113 673 4174 Omni
689 4116 755 4191 juri
772 4132 809 4177 er
827 4116 951 4176 advorsa
964 4121 1047 4194 parte
1064 4112 1198 4176 officium
1212 4113 1312 4174 simde
1326 4110 1488 4194 respondet.
1501 4102 1537 4164 di·

485 4213 611 4289 mirum,
625 4215 712 4277 sicuti
733 4220 887 4278 itomanus
902 4217 1039 4278 Pontifex
1058 4215 1161 4277 divino
1179 4219 1327 4295 procopio
1343 4217 1459 4276 unctor
1469 4203 1537 4269 chris

486 4311 597 4373 ttaoam
623 4314 715 4376 tidem
738 4317 878 4379 Ecclesia
902 4318 1052 4380 universa
1072 4315 1259 4396 interpretari
1282 4331 1317 4376 ac
1336 4303 1538 4395 proponere,ill

484 4424 590 4471 omues
608 4411 773 4490 Christiapi
797 4421 937 4476 tenemur
961 4416 1095 4478 vicissim
1115 4413 1258 4478 doctrinae
1272 4414 1315 4474 sio
1338 4411 1486 4494 proposita
1500 4415 1535 4462 tt·

485 4510 652 4588 quiescere,
672 4512 853 4592 internaque
873 4515 932 4575 tide
953 4515 1116 4576 adhaerere.
1140 4513 1232 4591 Atqui
1258 4529 1348 4574 nemo
1363 4516 1455 4592 potest
1468 4495 1536 4566 teucss'

483 4607 650 4668 doctrinam
664 4609 785 4674 iutsruo
806 4629 930 4674 assensu
947 4615 1093 4694 excipere,
1119 4630 1186 4692 quac
1207 4628 1270 4674 non
1284 4609 1475 4674 intollihilitcr
1486 4611 1536 4680 prr

484 4713 613 4788 ponatur
628 4725 637 4768 a
650 4708 718 4772 licet
731 4714 813 4774 cuim
830 4730 949 4793 sampcr
963 4715 1000 4776 dc
1017 4733 1049 4776 re
1063 4714 1157 4775 dubia
1170 4711 1318 4774 dubitare.
1334 4714 1413 4788 Ergo
1429 4703 1535 4778 hocil⁵⁰

483 4806 565 4890 quod
579 4824 684 4873 omnes
705 4812 869 4876 Cluist'taui
891 4821 1030 4878 tenentur
1050 4815 1152 4876 divino
1169 4821 1313 4896 prompto
1326 4811 1466 4892 pabulum
1480 4801 1533 4864 doc·
1584 4827 1585 4844 κ
