3559 5675
595 745 704 795 som,
725 759 766 775 -
786 741 872 789 cora
893 741 1039 791 nmmos.
1313 732 1353 795 89

264 854 343 914 riam
359 853 496 915 trabam.
512 853 607 930 Ergo,
625 852 651 913 st
667 850 763 927 hujus
778 849 920 911 facinoris
940 850 1046 911 notitia
1061 850 1100 914 ad
1114 850 1265 931 publicam
1282 868 1352 914 auo-

264 954 423 1013 toritatem
442 952 608 1021 deteratur,
633 950 727 1012 aderit
746 948 792 1009 illi
802 951 855 1027 jus
874 955 904 1010 et
919 949 1051 1011 osticium
1074 949 1243 1013 domestica
1257 949 1351 1031 hujus

263 1054 421 1115 societatis
434 1051 642 1133 inspiciendo,
655 1052 780 1132 privatae
793 1050 977 1112 educationis
987 1049 1142 1113 efficaciter
1156 1053 1350 1130 corrigendas,

264 1170 328 1217 non
338 1153 447 1215 solum
459 1153 498 1215 ad
512 1153 638 1231 jnveuis
650 1150 746 1213 adulti
759 1151 931 1229 religiosam
941 1151 1112 1214 libertatem
1123 1152 1347 1232 protegendam,

264 1254 316 1315 sed
340 1254 438 1315 etiam
456 1253 495 1315 ad
514 1252 707 1333 spiritualem
728 1251 859 1314 infantis.
874 1252 1003 1315 salutern
1022 1269 1040 1313 a
1057 1254 1197 1331 prasenti
1217 1254 1356 1336 periculo

263 1353 470 1415 liberandm.
488 1353 798 1429 Prudentisnamque
806 1352 973 1431 punitionis
984 1351 1038 1413 ille
1048 1350 1121 1414 ordo
1132 1358 1188 1429 est,
1199 1358 1233 1413 nt
1243 1353 1352 1417 delicta

263 1455 375 1531 quain
389 1453 560 1533 perniciem
570 1451 777 1513 innocentium
789 1456 819 1511 et
829 1450 1020 1513 intirmorum
1029 1450 1178 1527 oederent,
1186 1459 1350 1534 opportune

264 1552 485 1633 impediantur.

304 1654 379 1713 837.
404 1649 539 1715 corrono.
563 1656 591 1713 1.
607 1682 648 1698 -
662 1650 752 1712 Aliud
769 1656 814 1712 est
831 1652 978 1730 privatam
999 1650 1132 1714 tiliorum
1146 1652 1352 1718 educationem

265 1752 325 1813 sibi
342 1752 504 1815 vindicare
513 1798 524 1830 ‚
547 1752 630 1815 alind
651 1752 775 1833 publica
793 1750 893 1830 solnm
917 1751 1053 1814 subsidia
1073 1752 1263 1833 suppeditare
1284 1772 1352 1835 quo

266 1856 369 1931 aptam
387 1854 562 1929 juventutis
576 1854 797 1915 institutionem
816 1858 1019 1933 promoveant.
1036 1854 1154 1933 Optime
1169 1852 1225 1917 hoc
1243 1872 1350 1917 moun-

267 1951 342 2013 dum
360 1958 485 2031 praatat
495 1954 618 2033 publica
634 1955 757 2015 sociatam
772 1969 900 2031 quaeque
914 1954 1005 2033 paulo
1016 1954 1172 2032 excultior,
1185 1953 1311 2034 collegia
1321 1962 1351 2018 et

269 2053 417 2129 atreum,
431 2055 487 2117 ubi
506 2061 585 2117 artes
609 2046 650 2117 et⁴
663 2056 794 2117 scientim
811 2072 829 2116 a
850 2056 1021 2119 doctoribus
1041 2054 1161 2135 publiea
1176 2057 1351 2119 auomdtate

269 2153 433 2234 daignatis
446 2157 616 2233 tradantur,
630 2157 851 2230 constituendo,
862 2174 1028 2236 eorumque
1042 2164 1128 2221 recta
1139 2158 1349 2235 gubernationi

272 2256 392 2319 sobidte
412 2258 636 2339 prospiciendo,
658 2256 778 2319 nullam
796 2263 899 2319 minen
919 2256 1073 2320 inserendo
1093 2258 1265 2337 parentibus
1286 2260 1350 2321 vim

278 2362 311 2415 ut
320 2358 352 2417 in
361 2358 412 2419 bis
426 2358 528 2437 potius
546 2357 659 2421 sobolis
669 2374 764 2435 quam
780 2357 813 2417 in
825 2356 894 2417 aliis
906 2357 954 2419 vei
968 2358 1047 2419 intra
1068 2358 1244 2421 domesticos
1256 2361 1351 2439 parie-

281 2460 322 2517 tes
332 2457 408 2520 ilios
418 2474 494 2522 suos
506 2458 544 2520 ad
558 2459 710 2539 politiores
721 2463 800 2519 artes
813 2457 970 2520 informari
985 2457 1087 2519 velint.

311 2558 444 2621 wrote.
468 2564 500 2621 2.
524 2592 563 2605 -·
586 2560 643 2621 tlbi
665 2564 803 2639 pareres
830 2559 1009 2638 religionem
1030 2559 1171 2627 socialem
1191 2575 1349 2639 nunquam

270 2658 394 2737 professi
407 2658 482 2735 sint,
505 2657 633 2737 publica
645 2660 778 2721 societati
796 2674 991 2737 nequaquam
1005 2658 1096 2721 licere
1116 2658 1247 2726 diximus
1267 2676 1350 2722 erro·

271 2773 359 2819 ηοω
370 2758 509 2820 filiorum
518 2760 738 2822 insbmtioncm
753 2758 910 2840 impedire,
921 2760 1037 2825 etiamsi
1050 2765 1127 2821 certa
1137 2760 1208 2822 inde
1216 2760 1349 2821 tiliorum

268 2860 417 2938 pernicies
429 2866 629 2922 consecutura
642 2861 690 2922 sit.
705 2861 791 2935 Quod
809 2859 934 2938 quidem
949 2861 1176 2926 moestissimum
1190 2860 1270 2922 dictu
1293 2865 1348 2923 est.

269 2959 324 3020 Sed
345 2960 435 3035 Justo
448 2958 507 3020 boc
523 2959 670 3020 bonorum
691 2959 776 3020 luctu
789 2964 820 3020 et
837 2958 1009 3020 miseranda
1028 2959 1161 3032 tiliorum
1181 2959 1350 3020 calamitate

268 3061 372 3122 bttura
392 3061 502 3138 nequit
521 3063 575 3139 jus
588 3062 706 3141 proprie
720 3061 835 3122 dictum
849 3061 980 3122 societati
999 3060 1126 3138 publices
1144 3059 1177 3120 in
1199 3075 1267 3120 eam
1284 3075 1349 3120 rem

269 3162 374 3224 creari.
399 3157 530 3232 Etenim.
549 3161 575 3222 si
594 3161 653 3222 tale
664 3166 718 3242 jus
729 3161 947 3236 admitteretur,
960 3162 1027 3238 jam
1040 3157 1166 3239 publica
1186 3159 1350 3220 auctoritati

269 3265 321 3340 jus
333 3264 417 3323 esset
432 3261 599 3340 religionis,
620 3277 713 3338 qnam
734 3277 839 3323 omnes
859 3258 932 3322 socii
946 3259 1077 3339 profiteri
1099 3260 1239 3336 debeant,
1253 3259 1350 3321 deter-

270 3361 425 3424 mimate
439 3380 447 3424 :
462 3377 531 3438 qnae
544 3363 675 3440 pessima
695 3363 834 3423 omnium
847 3367 925 3424 esset
937 3360 1092 3422 calamitas
1112 3365 1147 3422 nt
1161 3360 1288 3422 interius
1301 3376 1351 3421 os-

271 3461 422 3524 tendetur.
439 3463 542 3536 Quum
560 3462 653 3550 igitur
665 3463 747 3524 cirili
760 3463 890 3524 mcietati
903 3477 963 3525 non
977 3462 1071 3538 liceat
1081 3467 1217 3543 parentes
1228 3461 1351 3542 juribus

271 3563 409 3643 paternis
424 3562 565 3642 spoliare,
578 3571 608 3624 ot
615 3565 668 3641 jus
681 3571 840 3642 paramum
854 3565 894 3624 sit
906 3564 1039 3630 tiliorum
1051 3563 1218 3625 educationi
1230 3579 1352 3642 praser-

271 3665 326 3724 tim
336 3664 489 3740 religioso
501 3663 669 3740 musutere,
683 3664 805 3726 evidens
813 3671 858 3726 est
871 3680 932 3726 non
944 3663 1033 3726 licere
1044 3663 1170 3744 publicas
1184 3646 1352 3724 auctoritati

271 3763 310 3826 ob
330 3763 537 3842 quodcunque
556 3763 686 3825 fitiorum
707 3765 822 3826 bonurn
837 3781 889 3826 eos
902 3771 1031 3844 paterna
1048 3763 1215 3826 educationi
1228 3762 1349 3824 subtra-

271 3863 356 3926 here.
367 3865 469 3937 Quare
479 3864 653 3941 aequissimo
660 3867 730 3942 jure
743 3865 874 3927 Ecclesia
885 3864 1029 3928 catholica
1042 3864 1219 3943 improbarit
1230 3868 1259 3924 et
1271 3879 1351 3924 com·

272 3965 390 4045 pesouit
403 3965 610 4027 inconsultum
621 3983 727 4027 eorum
739 3966 900 4044 zelumqui
910 3966 1038 4028 ethnicis
1047 3964 1235 4028 autbebraeis
1244 3977 1352 4044 pueros

271 4066 440 4128 christiano
455 4067 515 4127 ritu
529 4066 717 4147 baptimndos
729 4067 884 4146 subripere
897 4066 1059 4128 audebant.

314 4165 512 4228 ttaniiestom
524 4166 615 4228 etiam
627 4165 701 4228 illud
724 4172 780 4245 est,
795 4167 822 4228 si
835 4167 957 4248 publica
970 4167 1093 4228 societas
1105 4164 1224 4226 nullam
1240 4167 1351 4233 certam

271 4264 444 4328 doctrinam
465 4266 650 4343 religiosam,
670 4266 723 4328 sed
736 4264 1011 4345 indifferentismom
1025 4264 1189 4345 quemdam
1209 4263 1351 4344 profitea-

274 4371 334 4444 tur,
346 4366 397 4429 rcl
406 4367 447 4438 si,
458 4365 625 4428 doctrinm
636 4366 782 4428 divinitus
794 4368 956 4430 revelatam
970 4367 1118 4448 amplexa,
1127 4365 1242 4444 judicet
1251 4370 1353 4430 minen

273 4483 433 4530 erroneam
451 4467 626 4546 aliquorum
644 4468 818 4547 religionem
841 4485 906 4530 esse
926 4467 1121 4546 tolerandam,
1137 4467 1169 4528 in
1194 4465 1242 4528 his
1260 4464 1350 4526 ctiam

271 4583 377 4629 rernm
392 4567 545 4645 adjunctis
557 4583 687 4630 cmooea
704 4568 847 4630 doctrino
858 4567 970 4646 quibm
983 4568 1057 4630 torte
1072 4565 1277 4646 aparentibus
1295 4559 1351 4622 tilii

272 4667 465 4742 imbuantur,
486 4683 549 4730 non
572 4675 661 4730 erunt
677 4667 821 4738 delictum
845 4669 969 4747 sociale,
990 4668 1064 4746 quia
1086 4665 1131 4726 nil
1155 4668 1292 4744 parentes
1309 4661 1352 4720 sic

274 4768 390 4844 agendo
402 4769 606 4842 committunt,
616 4768 694 4846 qnod
706 4769 864 4831 socialibus
875 4770 938 4830 stris
948 4765 1180 4844 obligationibus
1193 4765 1348 4842 repugnet.
