3559 5675
468 732 528 799 '⁴08
875 750 956 797 mars
975 748 1137 795 mrunaus

469 861 534 940 ipsa
553 860 700 933 succedat,
723 862 907 938 aequioribus
929 858 1152 920 «auditionibus
1166 875 1271 937 pacem
1294 873 1327 918 ac
1348 854 1511 917 lredusaric·

470 968 532 1021 tore
546 961 691 1039 obtinere,
706 978 781 1037 quas
795 960 920 1038 quidem
934 976 1040 1021 omues
1064 976 1144 1037 spes.
1166 960 1271 1019 onmia
1294 955 1439 1017 commoda
1450 972 1513 1033 pror·

387 1076 392 1085 ·
470 1080 523 1123 sus
536 1062 679 1140 abjiceret
691 1061 808 1122 socialis
817 1061 990 1133 auctoritas,
1005 1060 1060 1120 ubi
1071 1059 1306 1119 controversiam
1327 1056 1514 1117 intemationa·

471 1164 531 1224 lem
546 1163 647 1223 duello
661 1162 802 1223 dirimere
817 1161 919 1223 vellet.
938 1159 1095 1235 Quocirca,
1116 1160 1142 1220 si
1164 1160 1349 1235 gravissima
1370 1156 1515 1234 impruden·

470 1266 517 1325 tire
530 1264 723 1325 damnaretur
738 1263 847 1343 pupilli
857 1263 992 1339 cujusvis
1007 1268 1098 1337 tutor,
1117 1277 1200 1323 moes
1212 1261 1301 1324 sortis
1313 1260 1384 1321 alen
1404 1259 1515 1318 torturas

470 1366 517 1425 sui
532 1362 640 1443 pupilli
655 1362 863 1434 committens,
880 1361 978 1422 multo
1006 1362 1104 1437 magis
1125 1360 1319 1420 damnandus
1342 1358 1467 1439 princeps
1478 1356 1516 1415 ille

469 1466 558 1539 esset,
573 1460 627 1541 qui
643 1462 797 1541 publicum
816 1462 931 1523 bonum
955 1468 1035 1521 tanto
1050 1460 1185 1540 periculo
1209 1462 1276 1521 sine
1291 1460 1357 1521 ulla
1373 1458 1518 1519 necessitate
1581 1463 1582 1472 ’

470 1561 621 1640 objiceret.
635 1563 724 1638 Ergo,
739 1568 796 1621 etc.
1163 1628 1170 1637 ‚
1581 1537 1582 1554 ¹

515 1662 601 1723 mot.
623 1662 691 1724 Poe.
712 1664 795 1723 595¹.
810 1663 962 1740 -Siquis
983 1662 1126 1743 populus,
1150 1663 1265 1740 injusto
1285 1660 1369 1721 bello
1390 1677 1407 1720 a
1425 1658 1520 1718 natime

471 1762 560 1838 longe
575 1762 738 1840 potentiore
758 1762 930 1840 appetitus,
950 1769 1030 1823 certo
1049 1760 1209 1840 praevideat
1226 1761 1267 1822 ab
1285 1760 1341 1820 illa
1361 1776 1424 1819 sese
1440 1757 1520 1835 oppri-

471 1860 615 1921 mendum
630 1878 705 1937 esse,
721 1866 816 1941 potest
827 1863 933 1939 utique
946 1862 1049 1923 duello
1061 1878 1125 1923 rem
1138 1878 1227 1921 suam
1236 1862 1369 1922 credere.

512 1959 606 2019 Peon
622 1960 730 2033 -Qui
750 1961 860 2037 injuste
884 1961 922 2021 ab
943 1961 1004 2022 alio
1023 1962 1237 2039 impugnatur,
1260 1961 1352 2021 habet
1374 1964 1425 2037 J'us
1442 1958 1523 2018 uncti

471 2057 613 2117 omnibus
637 2058 745 2119 mediis
772 2059 809 2118 ad
833 2076 899 2119 seso
920 2058 1068 2120 tuendum
1091 2061 1277 2138 aptioribus,
1301 2060 1425 2121 aliunde
1446 2058 1523 2118 licitis.

470 2155 560 2232 Atqui
581 2156 721 2235 populus,
736 2174 753 2218 a
766 2158 887 2217 natione
899 2157 997 2218 multo
1008 2159 1173 2236 potentiore
1190 2164 1391 2238 oppugnatus,
1405 2158 1454 2219 ubi
1464 2173 1523 2236 pre·
1581 2221 1582 2228 ,

470 2253 569 2316 rideat
581 2272 613 2317 se
625 2255 710 2317 nullo
728 2264 813 2335 pacto
825 2273 912 2335 posse
929 2262 1013 2318 tanto
1032 2256 1111 2317 hosti
1131 2259 1280 2334 resistere,
1292 2258 1430 2319 duellum
1441 2258 1525 2317 abido

471 2354 655 2435 propositum
669 2356 858 2435 acceptando,
881 2353 1016 2416 medinm
1031 2357 1137 2435 arripit
1150 2356 1187 2417 ad
1206 2358 1255 2417 sui
1274 2356 1474 2417 descensionem
1492 2370 1525 2412 ac·
1581 2345 1582 2372 ¹

470 2455 710 2530 commodatim3
739 2456 812 2532 quia
837 2454 954 2515 bellum
979 2456 1122 2533 gerendo,
1149 2456 1266 2516 ncillam
1291 2457 1428 2535 prosperi
1452 2456 1527 2515 exitus
1581 2495 1582 2512 r

471 2570 555 2633 spem
567 2552 730 2633 prudenter
750 2553 861 2614 babere
875 2560 987 2634 potest3
1001 2562 1031 2615 at
1050 2555 1154 2616 duello
1172 2572 1237 2615 rem
1248 2558 1448 2631 committem,
1462 2568 1525 2631 spen

469 2654 600 2715 victorie
614 2670 674 2715 non
687 2655 790 2714 minus
804 2654 1004 2733 probabilem,
1017 2672 1110 2733 quarn
1122 2656 1217 2717 hostis
1231 2656 1297 2733 ipse
1317 2657 1477 2734 potentior,
1488 2669 1527 2712 ac·

471 2754 573 2831 quirit
592 2756 668 2830 Ergo
688 2754 720 2813 in
738 2760 798 2813 tam
812 2754 896 2831 gravi
915 2755 1062 2833 periculo,
1077 2757 1159 2816 natio
1180 2756 1283 2815 minus
1302 2763 1421 2835 potens,
1433 2754 1528 2832 jnstitie

471 2871 534 2914 sum
555 2871 652 2914 causae
676 2853 799 2929 innixa,
827 2861 924 2934 potest
948 2855 1055 2932 utique
1075 2855 1210 2916 stultitia
1224 2857 1401 2934 potentioris
1422 2854 1529 2916 undonis

470 2953 566 3030 abuti,
590 2959 624 3014 ut
650 2952 740 3014 saluti
768 2970 831 3014 suae
864 2953 921 3016 bac
944 2971 1025 3029 uua,
1049 2971 1118 3031 qua
1139 2963 1286 3034 superest,
1312 2957 1365 3016 via
1386 2955 1527 3037 prospiciat
1581 3004 1582 3039 ,

471 3055 559 3130 Ergo,
581 3060 636 3114 etc.

511 3151 598 3213 teon.
623 3153 753 3214 Cottone.
766 3154 860 3213 -Ex
878 3151 991 3230 publici
1001 3153 1082 3229 juris
1102 3152 1285 3228 doctoribus,
1307 3157 1363 3231 qui
1386 3171 1443 3218 nou
1462 3151 1530 3234 pauci
1581 3134 1582 3175 ³

470 3251 635 3312 docuerunt
646 3250 735 3311 licere
748 3251 887 3330 principi,
900 3251 937 3310 ad
952 3251 1024 3311 belli
1037 3267 1158 3316 causam
1170 3252 1391 3329 dirimendam,
1407 3271 1438 3314 se
1450 3254 1529 3330 ipsun
1581 3244 1582 3293 t

471 3353 615 3430 singulari
626 3353 782 3412 certamini
795 3352 924 3428 objicere
936 3359 970 3412 ut
981 3353 1094 3413 civium
1106 3359 1220 3431 strages
1229 3355 1377 3431 vitentur,
1389 3354 1436 3415 rel
1445 3349 1530 3433 populi

471 3453 519 3512 eui
532 3457 626 3512 sortes
641 3451 695 3511 uni
706 3452 844 3530 paucisve
857 3451 1011 3530 aliquibus
1029 3451 1160 3512 strenuis
1180 3454 1403 3531 pugnatoribus
1416 3453 1530 3514 commit·

470 3559 543 3628 tere,
559 3553 579 3612 ii
594 3550 719 3628 quidem
733 3551 855 3612 horrore
873 3552 1013 3624 caedium,
1029 3559 1059 3612 et
1070 3552 1214 3614 laudabili
1233 3555 1301 3613 vitae
1312 3552 1456 3615 humana
1467 3569 1529 3612 rere·

469 3641 564 3714 centia
584 3653 709 3732 permoti
724 3658 806 3727 sunt,
827 3658 857 3714 at
871 3654 1016 3714 nonsatis
1031 3653 1123 3712 iidem
1136 3659 1232 3714 rectas
1244 3653 1404 3730 societatis,
1418 3655 1531 3713 auctori·

428 3791 433 3802 ·
469 3757 541 3813 tatic
564 3758 594 3813 et
608 3751 680 3813 delli
695 3754 830 3814 notiones
841 3753 1071 3814 consuluerunt.
1089 3755 1193 3831 ltaque
1207 3770 1312 3814 corum
1326 3755 1433 3832 opinio
1443 3749 1531 3815 exinde
1581 3774 1582 3777 ¹

469 3852 586 3914 videtur
600 3861 700 3914 exorta
716 3853 821 3922 luisse,
843 3854 923 3930 quod
938 3855 1083 3932 principis
1098 3856 1200 3933 potius
1215 3853 1438 3915 humanitatem
1457 3865 1530 3928 quam
1581 3872 1582 3879 ¹

469 3971 642 4033 supremam
664 3954 870 4014 auctoritatem
884 3953 1151 4015 consideraverint.
1167 3955 1203 4014 lit
1218 3971 1285 4014 vero
1298 3954 1379 4032 apud
1397 3957 1532 4014 nascentes

468 4055 627 4116 societates
641 4054 719 4132 illan,
735 4069 803 4132 quac
824 4055 856 4114 in
878 4059 935 4113 tota
957 4069 1040 4114 nunc
1053 4055 1173 4132 Europa
1190 4053 1397 4125 dominantur,
1413 4053 1531 4114 videntur

470 4157 574 4232 utique
587 4156 736 4234 principes
750 4155 806 4216 boc
817 4153 907 4215 modo
920 4151 1032 4215 bellum
1046 4153 1261 4230 considerasse,
1276 4160 1422 4230 unquam
1438 4153 1529 4212 luctam
1581 4136 1582 4159 ¹

469 4255 581 4315 scilicet
593 4255 723 4316 duorum
739 4255 966 4315 individuorum
978 4255 1144 4334 potentium
1159 4273 1213 4334 pro
1230 4254 1416 4316 utilitatibus
1427 4250 1529 4334 privatis
1581 4272 1582 4335 p

468 4353 694 4428 decertantium,
716 4371 845 4432 quorum
862 4356 938 4416 alter
955 4356 1067 4432 injuste
1086 4356 1201 4416 alienos
1225 4355 1300 4414 fines
1314 4356 1451 4428 invadit,
1469 4352 1530 4412 alter

466 4470 522 4514 sua
534 4453 675 4532 delendit,
689 4463 815 4536 uterque
829 4476 956 4520 suornm
968 4459 1097 4536 quisque
1110 4475 1265 4519 servorum
1283 4460 1391 4518 turmis
1411 4457 1527 4533 adiutus·

467 4553 569 4615 Genus
586 4556 731 4618 nimimm
746 4577 821 4640 pene
836 4559 1032 4638 patriarchale
1047 4558 1205 4631 societatis,
1220 4574 1365 4635 quocum
1390 4558 1454 4617 suis
1471 4551 1529 4613 sub

467 4651 537 4713 ditis
551 4655 719 4728 utebantur,
731 4661 846 4737 privata
866 4660 1000 4737 ambitio,
1009 4675 1070 4736 qua
1078 4658 1115 4718 ad
1124 4657 1239 4718 bellum
1249 4654 1528 4718 movendnmincita·

464 4753 585 4830 bantur,
601 4756 768 4833 ignorantia
779 4759 997 4838 deniquejmis
1006 4758 1138 4832 socialis,
1149 4775 1211 4835 qua
1225 4759 1245 4818 ii
1261 4759 1361 4838 populi
1374 4763 1447 4817 tnnc
1460 4762 1524 4814 teu·
