3559 5675
494 719 554 783 iiio
904 733 984 783 torus
1003 732 1160 778 namneus

495 843 598 906 Nonne
618 838 655 902 ad
674 839 783 901 civium
806 839 981 919 probitatem
1001 844 1030 899 et
1050 838 1253 899 innocentiam
1277 837 1414 900 tuendam
1430 841 1533 920 princps

494 943 675 1004 constitutus
690 943 753 1001 esti

533 1041 745 1118 Quamobrem,
771 1047 925 1118 utcunque
946 1059 993 1102 res
1025 1047 1166 1115 veretur,
1195 1043 1400 1104 innocentium
1416 1043 1535 1122 oppressio
1582 1032 1583 1035 '

492 1142 584 1204 bisin
598 1142 686 1202 terris
700 1141 860 1220 impunita,
874 1142 937 1201 sive
951 1157 969 1199 a
981 1141 1095 1220 privato
1109 1143 1141 1200 in
1155 1143 1318 1219 privatum,
1328 1144 1390 1203 sive
1403 1162 1419 1202 a
1431 1142 1535 1220 principe
1582 1176 1583 1181 κ

492 1245 525 1306 in
548 1243 695 1324 populum
719 1249 900 1318 exerceatur,
924 1242 1039 1320 inpari
1064 1243 1233 1303 conditione
1256 1249 1340 1321 sunt,
1363 1260 1454 1322 neque
1473 1242 1535 1303 alteri

493 1344 589 1422 major
602 1341 666 1403 ulla
676 1341 846 1403 absurditas
861 1341 937 1401 inest
948 1358 1041 1418 quam
1053 1338 1149 1402 alteri.

532 1443 666 1521 Denique
677 1441 740 1502 haec
751 1441 811 1501 duo
825 1446 968 1500 notentur
984 1462 991 1497 ι
1012 1445 1066 1499 1ΙΙηΙ
1078 1442 1156 1501 Rara
1167 1440 1407 1522 populialioujns
1417 1439 1535 1500 calamus

494 1559 553 1604 non
573 1547 669 1622 potest
685 1541 836 1602 sufficiens
860 1541 990 1620 prebere
1007 1540 1239 1600 tundamentum
1253 1539 1467 1618 doctrinaeque
1477 1556 1536 1600 eone

494 1641 594 1702 munis
606 1641 730 1718 iustitiae
742 1639 897 1720 principiis
910 1640 1062 1701 evidenter
1077 1646 1235 1718 repugnet.
1259 1642 1351 1718 dtqui
1366 1641 1491 1719 superins
1502 1656 1536 1698 os·

493 1742 644 1804 tendimus
660 1741 774 1820 (1008),
790 1758 855 1802 eam
866 1741 1034 1802 doctrinam
1046 1757 1113 1818 qua
1127 1741 1294 1820 prinoipem
1307 1758 1324 1801 e
1338 1758 1394 1801 suo
1405 1742 1464 1802 loco
1473 1739 1536 1815 dejici
1582 1750 1583 1771 ³

492 1843 603 1921 patitur
620 1841 658 1902 ob
681 1841 796 1902 crimen
815 1859 834 1902 a
855 1840 942 1900 nullo
964 1839 1098 1918 legitimo
1107 1839 1210 1917 judice
1223 1843 1424 1918 recognitum,
1442 1859 1458 1900 a
1474 1837 1537 1899 nullo
1582 1806 1583 1873 ¹

493 1949 567 2004 teste
596 1939 729 2018 legitimo
762 1939 982 2020 ooniirmatnm,
1002 1940 1109 2020 primis
1127 1941 1252 2018 justitia
1280 1942 1398 2002 socialis
1417 1937 1537 2018 principiis
1582 1890 1583 1985 ¹

491 2041 616 2102 omnino
628 2039 778 2101 adversari
785 2056 795 2118 3
816 2045 845 2102 el
859 2040 950 2118 paulo
962 2040 1089 2104 interius
1105 2037 1205 2120 (totu,
1217 2058 1278 2103 oor.
1297 2043 1322 2118 1)
1340 2041 1464 2125 uidimus
1476 2039 1537 2099 libe·

490 2140 568 2200 relos
580 2140 673 2220 ipsos,
685 2156 783 2218 quum
796 2138 833 2200 de
844 2139 955 2220 populo
970 2140 1081 2218 agitur,
1094 2141 1183 2219 plane
1200 2140 1299 2216 lateri,
1315 2141 1484 2220 prinoipem,
1498 2137 1536 2196 boo

489 2241 554 2320 ipso
565 2238 646 2317 qnod
656 2255 797 2318 suprema
811 2243 937 2318 potestas
945 2239 996 2318 sit,
1010 2238 1126 2298 annila
1136 2237 1270 2300 humana
1283 2245 1428 2320 potestate
1434 2235 1535 2327 judicari

489 2357 587 2418 posse.

529 2439 587 2500 2⁰¹¹*
597 2439 740 2519 Superius
750 2439 852 2512 (toto,
865 2454 927 2500 oor.
941 2439 972 2514 2)
982 2437 1363 2516 etiamanimadvertimue,
1373 2437 1539 2499 absurdumet

488 2540 749 2602 contraduorium
762 2539 794 2600 in
804 2539 942 2600 mammis
957 2537 1031 2616 ipsis
1044 2555 1121 2614 esse,
1133 2539 1300 2618 principem
1313 2537 1536 2618 independenter
1582 2542 1583 2585 1

488 2640 582 2700 asnis
597 2639 725 2700 subditis
737 2639 838 2718 puniri
851 2650 950 2718 posse.
965 2641 1054 2716 Ergo,
1070 2644 1125 2698 etc.

530 2741 863 2820 Negavimuspraeterea
877 2740 1037 2814 minorem,
1060 2738 1337 2816 quianequaquam
1360 2737 1489 2800 dommus
1499 2751 1536 2813 ps·

488 2840 560 2919 pulo
580 2841 658 2907 nibil
685 2840 773 2903 licere
799 2857 886 2919 agere
905 2840 942 2901 ad
965 2839 1109 2919 principis
1134 2841 1253 2916 tyranni
1271 2842 1440 2901 uexationes
1460 2835 1536 2917 probi·
1582 2911 1583 2934 Χ

488 2940 610 3003 bendas.
628 2942 688 3003 Etsi
701 2943 782 3004 enirn
790 2942 844 3021 jus
860 2942 953 3003 armis
966 2946 1070 3001 eontra
1083 2939 1173 3000 illum
1192 2940 1371 3017 insurgendi
1391 2938 1491 3019 populo
1501 2935 1537 2995 do·
1582 2939 1583 2980 ἲ

487 3060 642 3121 negemus,
664 3048 694 3103 nt
705 3043 804 3121 plures
818 3041 987 3123 tyrannidis
996 3038 1194 3119 impediendae
1207 3041 1339 3114 rationes
1354 3040 1469 3112 adsunt,
1480 3050 1535 3113 qna
1582 3065 1583 3070 κ

487 3142 614 3204 breviter
633 3144 698 3219 jnm
727 3142 852 3203 inlerius
866 3158 898 3201 n.
924 3146 1069 3219 sequente
1095 3155 1292 3217 exponemus,
1315 3144 1346 3201 et
1373 3140 1476 3219 partim
1489 3139 1536 3211 jan

487 3260 519 3305 n.
541 3241 620 3305 1013
634 3242 666 3303 in
686 3242 745 3302 irne
758 3239 858 3303 corolti
872 3238 900 3300 2³
915 3241 1081 3319 attigimus.
1582 3313 1583 3316 Ἴ

528 3342 617 3403 1016.
633 3342 679 3403 bo
692 3346 750 3401 *λιιι
766 3356 774 3400 :
791 3374 827 3390 -
841 3344 928 3404 Naso
940 3357 1012 3403 ιιιι.
1025 3356 1062 3401 nr
1081 3339 1280 3417 nrn.1⁰Neg.
1296 3344 1373 3419 maj.
1384 3338 1536 3419 qniaincre

484 3440 578 3501 dibile
592 3440 720 3520 prolecto
734 3458 795 3503 non
809 3448 864 3518 est,
878 3443 930 3503 Dei
942 3439 1162 3520 providentiam
1175 3440 1323 3519 populum
1337 3441 1466 3519 aliquem
1476 3433 1536 3497 malo
1582 3433 1583 3454 ³

486 3541 671 3620 irreparabili
681 3544 809 3621 opprimi
822 3542 999 3619 aliquandiu
1019 3543 1081 3620 pati
1095 3561 1104 3599 ι
1117 3540 1189 3601 hino
1198 3542 1307 3601 etenim
1319 3541 1377 3603 hoe
1386 3540 1478 3601 solum
1484 3550 1536 3597 oon·
1582 3575 1583 3612 3

486 3641 634 3717 seqnitur,
647 3642 791 3703 creatoris
818 3642 1035 3722 providentiam
1066 3641 1201 3717 angustis
1228 3641 1295 3701 vitae
1326 3640 1422 3720 hujus
1445 3642 1535 3699 nostre

484 3741 620 3803 mortalis
642 3742 793 3805 limitibus
814 3757 1008 3821 nequaqnam
1037 3740 1194 3814 contineri,
1216 3746 1305 3817 atque
1330 3741 1439 3802 idcirco
1466 3737 1535 3797 bren

483 3842 713 3919 praesentiente
729 3844 859 3922 spatium
873 3856 925 3921 per
936 3858 969 3901 se
978 3840 1077 3901 solnm
1091 3855 1154 3901 non
1167 3839 1305 3901 sufficere
1318 3841 1357 3901 ad
1371 3841 1473 3901 divine
1485 3849 1535 3914 pro·

484 3940 623 4003 ridentia
639 3944 814 4023 sapientiam
837 3958 871 4003 ao
890 3941 1052 4003 bonitatem
1073 3939 1349 4013 demonstrandam,
1370 3936 1454 4001 etad
1473 3936 1535 4009 leges

484 4040 692 4120 intelligendas
713 4044 824 4121 quibus
852 4040 904 4103 illa
924 4040 1090 4101 humanam
1119 4041 1290 4101 societatem
1311 4040 1486 4102 moderatur.
1508 4034 1535 4092 lt

484 4148 626 4223 preterea
640 4144 782 4205 credibile
798 4160 920 4222 prorsus
931 4147 975 4202 est
987 4142 1038 4201 Dei
1048 4140 1266 4220 prouidentiam
1285 4142 1398 4203 sevitia
1414 4132 1533 4221 principis

483 4245 527 4305 nti
538 4244 575 4305 ad
584 4243 771 4323 puniendum
787 4242 934 4323 populum
947 4240 1079 4317 aliquem
1092 4240 1145 4317 qui
1157 4241 1370 4302 communibus
1389 4246 1418 4300 et
1428 4230 1533 4319 publilio

482 4342 657 4418 sceleribus,
692 4358 725 4403 ao
759 4342 921 4421 prasertim
952 4334 1072 4418 publico
1092 4338 1247 4417 religionis
1271 4335 1532 4420 contemptuose

483 4442 629 4505 Creatoris
637 4442 839 4520 justissimam
854 4443 885 4503 in
900 4459 932 4503 oe
943 4439 1144 4503 concitaverit.

523 4546 635 4619 alleg.
652 4543 743 4603 etiarn
753 4542 1000 4620 minorempqnia
1017 4540 1160 4619 principis
1172 4538 1307 4616 tyrannis
1319 4552 1379 4598 non
1392 4536 1442 4599 bei
1453 4529 1531 4612 proti

482 4641 602 4715 dentiae,
623 4640 672 4702 sed
693 4642 794 4703 sociali
813 4657 932 4703 morum
956 4638 1152 4721 corruptioni,
1168 4644 1312 4717 tanquam
1330 4653 1424 4699 earum
1442 4635 1529 4695 imme·
