3559 5675
453 760 513 823 titi
862 766 942 813 mars
962 764 1120 813 sannaus

455 884 546 945 b'nlla
572 887 672 941 autem
697 880 822 947 sociatas
842 876 960 937 aliaest
982 877 1029 935 rel
1055 894 1120 937 esse
1140 885 1249 957 potest,
1268 896 1335 956 quse
1354 876 1507 939 auctoritaie

456 978 622 1055 infallibili,
638 994 671 1039 ac
690 979 814 1058 proinde
842 980 873 1036 in
888 983 1005 1038 mentes
1022 978 1099 1057 ipsas
1113 980 1264 1040 sociorum
1278 980 1455 1051 dominante,
1471 994 1508 1034 re·
1585 989 1586 1010 ³

454 1088 550 1157 tratur.
568 1082 656 1156 Ergo,
670 1084 723 1139 etc.

495 1179 624 1252 Accedit,
649 1177 730 1255 qarod
746 1178 776 1237 in
796 1178 883 1237 nulla
906 1177 1041 1238 humana
1055 1177 1193 1241 societate
1215 1184 1342 1257 potestas
1364 1178 1511 1255 lcgishtira

456 1284 495 1343 sit
517 1298 603 1358 aeque
621 1278 759 1339 distincta
779 1276 817 1337 ab
837 1278 996 1338 executisae
1008 1276 1201 1356 potcstatisri
1214 1275 1418 1340 materiali.ln
1430 1276 1510 1339 chab-

455 1384 537 1443 tiana
547 1380 659 1461 quippe
671 1376 843 1441 ethnarchia
857 1377 1054 1453 legislativum
1066 1382 1241 1458 potestatem
1253 1378 1290 1439 ad
1299 1378 1511 1441 Christianitatis

459 1498 544 1543 seros
554 1480 667 1556 hosteS,
680 1496 748 1539 vcra
762 1478 905 1557 pericula,
921 1469 991 1538 sera
1003 1480 1159 1539 commoda
1172 1476 1412 1550 determinanda,
1424 1476 1512 1539 Eccle-

457 1584 503 1643 sia
513 1598 576 1643 una
587 1578 731 1659 possidet,
746 1580 821 1639 sieut
829 1580 889 1638 sim
904 1579 1091 1640 materialem
1103 1579 1256 1659 potestatis
1268 1580 1429 1639 executisae
1438 1576 1513 1643 habet

457 1700 520 1745 rtns
542 1682 699 1742 auctoritas
718 1679 922 1739 ethnarchica.
939 1678 1081 1753 liudem,
1102 1685 1137 1738 ut
1159 1684 1290 1759 potestas
1315 1676 1513 1757 legislatissin

458 1781 516 1842 hac
528 1780 666 1841 societate
679 1780 719 1838 sit
731 1795 822 1855 quam
838 1778 991 1857 aptissime
1000 1784 1169 1857 comparata
1181 1776 1219 1837 ad
1236 1778 1389 1857 principes
1400 1775 1513 1836 nationi·

454 1883 525 1956 bus,
540 1888 570 1941 ct
583 1880 717 1940 nationes
733 1878 917 1957 principibus
931 1876 1064 1939 vicissim
1080 1876 1293 1954 conciliandos,
1310 1883 1341 1937 ct
1354 1894 1455 1938 corum
1468 1876 1515 1945 dis

460 1980 535 2041 sidia
547 1978 595 2039 vel
608 1978 799 2057 impedienda
809 1977 856 2037 vel
870 1975 1087 2058 componenda.
1410 1979 1414 1983 ’

459 2082 469 2091 ”
497 2076 530 2137 2⁰
549 2078 687 2139 Elissaeis
700 2078 824 2138 actionis
843 2078 961 2139 socialis
981 2080 1107 2138 oritura
1125 2077 1302 2138 necessitate
1316 2093 1353 2137 ac
1366 2076 1517 2157 praestantia

457 2180 527 2240 finis
541 2178 652 2259 proprii
674 2194 766 2255 quem
785 2179 909 2239 societas
919 2183 1129 2257 persequatur,
1143 2192 1161 2237 a
1174 2176 1203 2236 si
1221 2183 1252 2237 et
1262 2177 1349 2256 copia
1366 2176 1517 2237 mediorum

456 2280 569 2359 quibus
588 2277 641 2341 illa
663 2283 776 2349 utatur,
791 2279 1028 2355 smagnitudine
1045 2280 1236 2358 praemiorum
1250 2267 1368 2355 quibus
1387 2278 1518 2338 sociorum

455 2382 550 2443 animi
563 2378 600 2441 ad
613 2387 733 2441 strenus
745 2380 930 2459 operandum
944 2380 1116 2440 excitentur.
1133 2379 1224 2457 Atqui
1237 2376 1325 2439 nulla
1338 2379 1459 2439 societas
1473 2376 1518 2437 hu·

456 2499 548 2543 mana
562 2486 607 2541 est
621 2479 669 2541 vel
684 2498 747 2540 esse
766 2486 873 2559 potest,
886 2496 954 2558 quas
972 2478 1008 2541 ad
1022 2480 1257 2558 prestantiorem
1277 2478 1376 2540 tinem
1393 2498 1427 2540 ac
1439 2479 1519 2555 magis

425 2652 429 2661 ,
455 2581 659 2653 necessarium
682 2580 852 2654 contendat,
869 2597 937 2657 quae
956 2578 1174 2657 potentioribus
1194 2578 1384 2656 adjumentis
1397 2580 1435 2639 sit
1454 2594 1519 2638 oom-

457 2682 588 2757 munita,
599 2696 666 2757 qnae
677 2682 792 2756 rnajora
802 2680 951 2757 praelatis
961 2696 1086 2741 suorum
1095 2678 1279 2740 facinoribus
1289 2680 1418 2759 pramis
1428 2694 1518 2759 propo·

455 2785 520 2858 nat,
532 2795 626 2858 quam
639 2778 800 2840 christiana
811 2779 994 2840 ethnarchia.
1008 2780 1082 2840 Nam
1090 2778 1159 2839 linis
1170 2778 1243 2840 huic
1251 2779 1388 2840 societati
1398 2776 1519 2867 proprius

458 2879 683 2942 estchristianae
696 2877 765 2939 iidei
779 2897 813 2940 ac
825 2879 979 2956 religionis
990 2879 1124 2940 defensio
1131 2885 1161 2939 et
1169 2879 1345 2961 propagatio
1357 2894 1366 2938 :
1380 2877 1518 2940 nilauten

457 2979 621 3042 christiana
632 2979 690 3040 lide
704 2997 738 3040 ac
750 2980 892 3056 religione
906 2996 990 3057 aeqrro
1007 2981 1206 3040 necessarium
1220 2981 1369 3058 omniqua
1381 2977 1520 3057 dignitatis
1585 3014 1586 3035 t

457 3095 566 3156 genera
580 3078 753 3160 praeccllcns
767 3081 889 3156 cogitari
902 3084 1008 3157 potest.
1023 3079 1162 3139 Praesidio
1182 3097 1238 3140 seu
1252 3079 1355 3139 media
1373 3079 1481 3158 quibus
1497 3077 1520 3134 io

458 3178 542 3239 hunc
553 3179 646 3239 linem
657 3177 864 3239 christianitas
876 3181 983 3254 utitur,
999 3184 1071 3239 sunt
1080 3179 1183 3240 omnia
1195 3179 1249 3241 illa
1266 3195 1337 3258 quae
1353 3187 1421 3240 tum
1435 3174 1521 3240 licdc·

459 3281 515 3358 sia,
532 3285 595 3340 tum
611 3281 746 3340 nationes
761 3279 912 3359 possident
918 3297 929 3358 3
945 3285 1016 3340 sunt
1029 3281 1132 3340 omnia
1143 3279 1197 3341 illa
1216 3297 1316 3359 quasa
1332 3283 1451 3346 viribus
1462 3297 1522 3343 oon·

456 3379 571 3458 jtrnetis
585 3379 693 3440 animas
703 3384 732 3439 st
742 3381 884 3458 corporis,
895 3379 1009 3440 ordinis
1019 3379 1183 3458 spiritualis
1193 3385 1223 3440 et
1230 3379 1348 3443 ordinis
1360 3383 1522 3455 materialis,

461 3495 530 3556 qum
546 3477 657 3540 acoeio
675 3475 814 3556 deniqne'
828 3473 891 3558 ip'so
913 3495 984 3540 cum
1007 3479 1199 3540 terrestribus
1212 3481 1411 3559 potestatibus
1423 3480 1523 3560 conspi-

460 3583 545 3639 rante
562 3577 744 3657 suppeditari
756 3585 890 3659 possunt.
907 3581 1034 3640 Pramia
1049 3596 1120 3640 vero
1133 3579 1246 3656 quibus
1260 3581 1333 3641 socii
1348 3581 1387 3642 ad
1401 3583 1523 3644 sedulam
1585 3594 1586 3677 ἐ

459 3679 627 3755 fortemque
642 3695 763 3758 operam
787 3679 956 3740 navandam
976 3679 1190 3759 accenduntur,
1206 3687 1278 3740 sunt
1300 3698 1364 3743 non
1378 3683 1476 3746 solunt
1485 3700 1522 3743 cs
1585 3684 1586 3717 ³

458 3777 534 3840 duca
545 3779 597 3839 illa
611 3787 640 3839 et
653 3777 747 3854 hura,
756 3797 827 3857 *qna
848 3780 941 3857 hujus
956 3783 1023 3841 sitae
1037 3781 1149 3842 tinibus
1162 3783 1476 3862 continentur,‚laudis
1487 3785 1522 3843 ri·
1585 3774 1586 3793 ¹

459 3875 576 3954 delicat,
588 3878 749 3955 honorum,
766 3880 949 3955 divitiarum,
971 3879 1024 3941 sed
1037 3879 1099 3941 alia
1112 3887 1255 3961 praetcrea
1268 3881 1444 3960 longissime
1458 3899 1519 3964 pra

458 3979 614 4054 stantiora,
630 3987 739 4040 aterna
755 3979 866 4040 scilicet
886 3981 919 4040 in
932 3979 1015 4041 erclis
1038 3997 1142 4059 regna,
1163 3983 1246 4043 omni
1265 3982 1416 4045 bonorum
1426 3997 1520 4060 genere

456 4079 641 4158 plenissima.
655 4081 734 4140 n'ibit
748 4087 848 4140 autem
860 4095 929 4140 cum
945 4077 1001 4141 boc
1013 4082 1085 4157 fine,
1107 4081 1156 4142 bis
1176 4081 1361 4160 adjumentis
1373 4089 1461 4160 atque
1480 4081 1518 4140 his

454 4180 586 4260 pramiis
601 4181 835 4260 comparandum
850 4181 916 4242 alia
929 4183 1069 4260 quaelibet
1082 4183 1223 4244 bumana
1236 4183 1393 4246 societates
1407 4183 1513 4244 habent

492 4279 525 4340 ³⁰
539 4279 713 4342 Christianos
734 4281 914 4342 etlinarchiae
929 4281 1037 4357 fredus,
1051 4284 1077 4342 si
1092 4283 1273 4344 christianas
1294 4285 1373 4344 inter
1388 4285 1509 4344 nationes

450 4377 565 4454 aliquot
580 4381 738 4458 jungatur,
765 4380 839 4442 illud
854 4389 958 4460 suapte
977 4388 1084 4444 natura
1100 4401 1136 4444 eo
1153 4384 1261 4459 tendit,
1280 4391 1315 4444 ut
1336 4399 1442 4447 omnes
1453 4381 1515 4442 alias
1585 4360 1586 4429 Ῑ

449 4477 586 4538 nationes
598 4479 791 4540 christianam
806 4481 895 4541 illem
915 4489 1062 4543 secantes
1081 4483 1308 4564 complectatur.
1324 4485 1429 4558 Quum
1442 4482 1510 4543 enim

452 4577 623 4638 communis
638 4577 792 4640 reliriouis
804 4599 896 4642 causa
910 4583 941 4642 in
954 4581 1012 4643 hac
1025 4583 1183 4645 nationum
1201 4582 1338 4645 societate
1360 4583 1446 4643 unica
1454 4595 1513 4656 agt-

456 4683 517 4748 tur,
534 4673 570 4734 ad
586 4691 691 4738 omnes
712 4681 848 4740 stationes
874 4681 937 4742 hnc
962 4683 1087 4743 societas
1102 4700 1158 4743 sua
1172 4691 1278 4762 sponte
1295 4681 1469 4755 extenditur,
1483 4671 1512 4734 sd

453 4790 530 4853 qttss
540 4775 644 4838 ondans
659 4777 711 4840 illa
724 4795 814 4840 causa
833 4784 970 4862 partinet.
986 4783 1077 4862 Atqui
1091 4784 1206 4862 optima
1218 4781 1389 4846 etmarima
1401 4774 1510 4842 humari
