3559 5675
576 795 684 842 surus.
709 815 746 826 -
766 785 850 842 tissa
872 795 1003 841 orcrrres.
1272 779 1328 842 ull

280 915 382 964 nomem
391 911 484 966 rectas
497 902 532 966 de
546 902 602 964 lrac
618 919 649 964 re
665 909 723 962 urta
734 901 816 962 ideas
828 901 1091 980 politico-morales
1103 901 1243 981 piabere.
1253 903 1331 976 Quo·

277 1003 343 1063 cirea
354 1004 407 1064 tria
418 1003 479 1067 hnc
490 1005 673 1085 problemata
686 1001 739 1063 lvic‘
749 1000 927 1080 singillatim
942 1000 1117 1064 resolvenda
1129 1003 1327 1082 suscipimus:

277 1099 325 1161 l·-
343 1105 441 1166 litrum
459 1103 576 1167 socialis
597 1105 758 1166 auctoritas
774 1103 884 1164 habeat
896 1105 947 1180 jus
959 1103 996 1164 ad
1011 1104 1252 1184 propagationem
1269 1103 1329 1164 liu·

275 1217 357 1264 nana
366 1204 470 1282 speciei
484 1202 597 1266 directe
609 1203 863 1283 promovendam
879 1206 938 1262 ψ
952 1202 1014 1263 Sub
1028 1191 1140 1280 quibus
1151 1202 1328 1265 ooviditiont·

274 1301 322 1363 ms
332 1302 452 1381 publice
466 1304 632 1366 arroteritati
645 1303 702 1365 hoc
715 1302 764 1364 illi
772 1305 825 1380 jm
838 1307 1002 1380 compotum
1019 1303 1076 1365 8⁰¹³
1091 1301 1247 1376 Quomodo
1260 1319 1326 1364 eum

273 1405 495 1483 propagaticnm
509 1405 592 1467 licite
604 1421 779 1486 promerere
792 1404 897 1484 possit.

304 1503 460 1570 numam
479 1506 509 1569 8.
526 1539 568 1552 -
586 1486 742 1566 Sociorum
759 1502 888 1584 amplior
909 1518 1069 1577 numerus,
1086 1501 1191 1580 siquod
1208 1502 1259 1564 ille
1273 1503 1328 1564 lvo-

271 1617 333 1663 oum
347 1604 450 1666 sociale
465 1605 518 1680 sit,
537 1611 582 1666 est
602 1605 716 1666 bonum
735 1604 851 1665 ordinis
864 1600 990 1683 politici,
1008 1601 1082 1680 quio
1095 1601 1263 1662 societatem
1279 1602 1328 1662 di·

271 1707 344 1774 recte,
360 1719 418 1763 non
438 1703 632 1764 individuum
653 1707 743 1780 auget
764 1717 798 1763 ac
812 1702 936 1780 perlicit.
951 1701 1089 1792 lamrero
1103 1697 1243 1779 politicus
1255 1701 1327 1762 ordo

269 1799 430 1867 sicilicum
450 1803 567 1865 bonnm
585 1801 803 1884 perficiendum
823 1801 990 1864 destinatus
1007 1807 1063 1878 est,
1082 1801 1215 1880 adeoque
1229 1802 1326 1862 culini

267 1901 345 1963 eirico
356 1910 458 1983 suapu
477 1901 588 1966 namra
601 1902 771 1981 subjicitur.
787 1905 895 1981 lgitur,
908 1903 933 1964 si
949 1901 1078 1982 publicu
1090 1903 1270 1964 auctoritatis
1283 1901 1327 1962 di·

268 2007 333 2062 reeu
349 2003 380 2064 in
395 2003 541 2065 humanas
558 2003 667 2084 speciei
679 2004 922 2084 propagationem
936 2003 1011 2064 actio
1024 2001 1139 2064 bonum
1154 2001 1325 2062 individuo·

268 2115 324 2160 mm
339 2102 510 2182 impediret,
523 2119 689 2182 eommqua
702 2107 773 2184 iura
785 2103 921 2181 dolaret,
938 2103 1130 2165 manifestum
1144 2109 1189 2164 est
1203 2103 1325 2164 uullrrm

265 2199 538 2264 contrarietatum
555 2203 607 2279 ius
628 2219 694 2264 esse
712 2219 798 2282 possa
817 2201 856 2265 ad
874 2218 941 2264 eam
960 2203 1203 2282 propagationem
1217 2200 1325 2262 directe

265 2303 493 2375 pomoraniam.
517 2303 617 2377 Quare
634 2302 691 2364 hoc
704 2318 803 2364 nuum
814 2299 1012 2379 quarendum
1027 2306 1128 2370 reatu,
1143 2305 1245 2360 vitrum
1259 2301 1324 2360 vrri·

264 2413 312 2474 que
328 2399 438 2464 homini
457 2405 515 2480 jus
530 2401 570 2462 sit
585 2417 650 2464 sese
668 2399 762 2464 libere
780 2401 817 2461 ad
831 2399 1072 2478 matrimonium,
1088 2415 1155 2476 que
1173 2398 1325 2458 soleretis
1359 2451 1362 2458 .

264 2505 301 2557 ast
313 2498 447 2564 humana
464 2501 577 2581 speciei
595 2500 804 2583 propaganda,
815 2499 864 2562 vel
877 2498 1046 2562 ineundum
1059 2499 1107 2562 rel
1122 2498 1323 2579 respuentium

263 2594 462 2664 leoninarum
485 2617 496 2661 ι
514 2601 731 2680 quodquidam
749 2601 866 2664 etiamsi
881 2599 1161 2662 manifestissimum
1172 2617 1226 2681 per
1238 2617 1269 2662 se
1283 2599 1323 2680 ip·

264 2711 319 2757 som
338 2701 387 2775 sit,
405 2701 567 2765 ratiocinio
588 2709 701 2778 umen,
716 2709 820 2765 eorrtra
839 2701 1023 2764 advenerim
1043 2699 1074 2762 ld
1095 2705 1249 2778 negantes,
1272 2709 1323 2760 aut

262 2787 425 2865 amoarium
448 2808 597 2881 tanquam
616 2807 731 2864 certum
750 2807 964 2883 supponentes,
979 2797 1245 2865 communiendum
1267 2807 1321 2861 est.

295 2899 373 2962 tute.
386 2905 456 2965 Poe.
472 2903 558 2965 522¹.
574 2934 611 2949 -
626 2902 670 2964 dd
692 2903 833 2980 conjugia
852 2900 1077 2963 individualiter
1094 2904 1122 2961 et
1144 2898 1252 2961 directe
1274 2899 1323 2961 de·

261 3002 432 3066 terminanda
451 3003 576 3065 nullum
595 3003 722 3083 politice
740 3004 875 3083 potestati
891 3004 945 3080 jus
962 3008 1016 3062 est.
1151 3006 1157 3017 '

294 3104 378 3167 Peos.
393 3138 435 3153 -
447 3108 476 3166 l.
493 3104 712 3165 llatrimonium
734 3103 863 3183 pertinet
877 3100 916 3161 ad
938 3098 1075 3162 ordinem
1089 3100 1270 3179 naturalem,
1284 3102 1321 3163 ad

260 3200 379 3267 ouliuem
396 3200 637 3276 individualem,
656 3204 695 3265 ad
714 3202 851 3265 ordinem
870 3199 1066 3263 domesticum
1088 3201 1264 3280 priusquam
1284 3202 1320 3262 ad

259 3302 379 3367 orditum
393 3304 529 3369 civicum
541 3310 570 3365 st
581 3302 735 3385 politicum
748 3304 905 3383 pertineat.
917 3302 1034 3364 Etenim
1046 3302 1081 3363 i·
1096 3300 1319 3363 matrimonium

260 3408 296 3461 est
313 3412 422 3466 nature
442 3405 587 3466 hnmana
600 3403 713 3465 iunctio
725 3400 766 3465 'ad
778 3402 904 3465 hnmani
919 3402 1037 3481 generis
1054 3402 1320 3479 monstrationem,

259 3506 489 3582 propagationem
507 3513 535 3566 et
551 3505 762 3584 perlectionem
784 3503 958 3565 naturaliter
976 3500 1126 3577 ordinata,
1148 3518 1181 3562 ac
1196 3502 1321 3582 proinde

259 3600 325 3664 illud
340 3614 384 3666 est
402 3606 555 3667 universa
575 3603 718 3665 humanae
735 3605 845 3683 speciei
862 3610 1003 3666 constans
1021 3602 1192 3665 necessitas.
1212 3604 1249 3663 20'
1263 3604 1323 3665 lla·

259 3702 420 3767 trimonium
438 3716 486 3768 est
504 3712 588 3767 nov've
607 3706 754 3767 societatis
772 3705 939 3769 domesticas
958 3703 1118 3766 inchoatio.
1138 3702 1169 3763 3·
1185 3704 1322 3778 Quando·

258 3818 307 3877 que
331 3805 405 3868 illud
439 3809 486 3866 est
508 3806 669 3867 nemssitas
694 3806 832 3884 quadam
851 3803 1044 3867 individualis
1064 3819 1117 3881 pro
1137 3800 1319 3879 quibusdam

258 3908 388 3979 uenenis.
412 3908 488 3967 Tres
504 3911 608 3967 nutam
627 3906 676 3967 isti
696 3906 826 3985 ordines,
841 3903 998 3975 naturalis,
1015 3899 1209 3963 individualis
1223 3907 1253 3961 et
1266 3902 1320 3963 do-

258 4006 384 4067 mesticus
404 4004 559 4069 evidenter
577 4013 650 4067 sunt
670 4007 783 4087 priores
803 4005 908 4068 ordine
922 4001 1051 4082 politico.
1066 4001 1177 4061 Natura
1192 4015 1321 4079 namque

257 4107 487 4187 umvrpponitur
505 4104 672 4181 individuo,
685 4107 756 4185 quia
774 4094 965 4167 individuum
984 4104 1029 4161 est
1041 4112 1094 4159 eus
1109 4096 1223 4157 habens
1238 4104 1322 4160 natu-

257 4217 312 4264 ram
327 4204 492 4268 humanam
506 4204 736 4268 individualem.
756 4208 792 4269 ut
804 4206 843 4267 olr
857 4202 994 4266 eamdem
1007 4200 1153 4261 mtionem
1167 4194 1320 4259 indiuiduo

258 4314 516 4387 pvesopponnntur
527 4308 658 4369 societati
672 4307 854 4383 domestico,
867 4290 1078 4367 et'vlomssuea
1091 4299 1213 4361 societas
1227 4298 1319 4375 cirili,

256 4404 320 4478 quia
331 4408 457 4469 societas
468 4406 630 4469 domestica
643 4406 808 4470 individuis
819 4404 1020 4485 componitur,
1034 4401 1113 4462 sicut
1125 4397 1223 4461 civilis
1236 4394 1323 4461 iami-

257 4496 475 4585 liir,et‘politica
487 4505 913 4583 eiriuuouseonuantmrgo,
924 4510 1085 4582 anteqmm
1096 4498 1321 4563 matrimonium

257 4598 290 4657 ad
305 4604 441 4665 ordinem
459 4604 581 4667 civilem
594 4613 625 4667 et
643 4607 800 4688 politicum
815 4608 972 4687 pertineat,
984 4607 1047 4683 jam
1064 4600 1226 4663 ordinatori
1239 4608 1269 4661 et
1280 4601 1323 4662 le·

257 4698 337 4770 dtus
353 4704 597 4787 uniuscujusque
615 4724 652 4771 eu
668 4707 765 4769 trium
787 4702 855 4767 illis'
868 4704 1038 4779 ordinibus,
1056 4700 1199 4776 naturali,
1211 4700 1322 4762 indiri-

258 4794 373 4864 ductu
384 4803 547 4873 domuum
565 4806 679 4880 voest,
696 4807 864 4885 domuique
882 4804 965 4866 enim
977 4820 1015 4864 aa
1026 4800 1124 4873 vivus
1138 4799 1198 4873 illis
1212 4798 1323 4873 arcius
