3559 5675
457 757 516 820 las
862 776 941 822 euers
961 774 1121 821 assuescas

456 896 630 961 supremam
643 883 852 944 anebontem
872 882 905 944 in
920 880 1061 951 Ecclesia,
1077 894 1139 941 non
1157 877 1266 940 strictis
1280 876 1420 957 preceptis
1433 892 1502 938 sero·

455 982 559 1060 risque
580 983 677 1062 poenis
694 998 833 1061 unquam
856 998 928 1044 cum
948 981 1090 1055 subditis,
1113 981 1279 1059 presertim
1300 979 1503 1056 magistratibus,
1578 1038 1579 1057 ἶ

456 1098 545 1159 agere
568 1088 716 1161 oportere,
740 1083 793 1145 scd
818 1084 941 1144 monitis
964 1082 1027 1144 iere
1049 1088 1140 1159 atque
1161 1080 1377 1142 hortationibus
1395 1084 1507 1140 numm·
1578 1078 1579 1147 l

456 1182 558 1258 modo,
574 1184 686 1261 quibus
708 1183 852 1263 presules
870 1182 1029 1245 inieriores
1048 1181 1176 1261 possint,
1197 1180 1283 1242 solra
1304 1178 1473 1240 membr
1487 1184 1508 1238 et
1578 1264 1579 1267 Ἴ

455 1280 621 1344 obedientia
643 1302 735 1365 prem
759 1282 953 1345 cocleriastioo
973 1282 1147 1345 Prdoreitoe
1169 1280 1288 1357 micat,
1310 1284 1357 1343 vel
1378 1280 1509 1359 obtempe-
1578 1270 1579 1295 ³

456 1400 523 1444 rare
534 1384 582 1445 vel
596 1386 745 1458 resistere,
758 1390 850 1466 prout
863 1385 896 1445 in
911 1402 966 1445 sua
979 1384 1109 1462 quisque
1125 1383 1245 1445 dimcesi
1261 1383 1465 1459 congruentius
1473 1384 1510 1458 in·
1578 1366 1579 1445 l

456 1484 608 1546 dicaverit.
628 1484 714 1559 Quod
736 1484 908 1564 periculum
932 1489 1116 1563 quantopere
1138 1482 1178 1543 sit
1197 1482 1377 1543 christianis
1395 1480 1512 1541 omnibus

456 1583 727 1659 relormidandum‚
740 1585 814 1645 satis
831 1582 1014 1660 intelligitur
1027 1598 1064 1643 er
1077 1582 1117 1643 iis
1134 1598 1204 1660 que
1220 1588 1285 1642 mm
1305 1579 1474 1659 generaliter
1486 1579 1514 1638 lc
1578 1620 1579 1645 ,

458 1699 607 1761 suprema
621 1685 805 1746 auctoritatis
818 1683 954 1745 absoluta
969 1682 1143 1744 necessitate
1161 1681 1242 1743 libro
1258 1696 1291 1743 rr
1307 1680 1514 1761 disputavimus,

431 1787 524 1843 ‘tum
547 1785 673 1845 seorsim
693 1784 750 1845 hoc
766 1783 846 1845 libro
865 1798 911 1847 ιιι
932 1782 969 1844 de
987 1782 1127 1845 Ecclesia
1140 1780 1316 1843 delinitione
1333 1781 1431 1859 (laet)
1447 1783 1472 1839 et
1488 1778 1516 1839 dc

458 1883 657 1945 ecelesiastica
670 1884 842 1946 Protarchia
857 1884 951 1960 (rabo
962 1889 992 1945 et
1006 1880 1100 1963 1297)
1113 1882 1283 1943 docuimus.
1300 1883 1376 1942 Nam
1387 1879 1472 1941 simul
1482 1884 1516 1938 at·

458 2000 518 2061 que
540 1984 701 2045 Protarcho
727 1984 878 2062 eiusmodi
900 1984 1073 2046 imbecillus
1099 1984 1237 2045 Ecclesia
1258 1982 1457 2063 proponitur,
1477 1978 1516 2057 qui

460 2083 604 2161 praesules
618 2084 774 2145 interiores
785 2090 915 2163 nequeat
926 2084 1037 2145 strictis
1051 2082 1204 2163 preceptis
1217 2096 1434 2162 poenarumque
1451 2094 1517 2139 sere·

461 2184 548 2243 ritate
558 2184 738 2263 compellere
748 2190 801 2245 eut
813 2200 960 2263 coercere,
968 2185 1033 2262 jam
1044 2188 1074 2245 et
1086 2181 1227 2245 Ecclesia
1240 2179 1344 2241 amitas
1354 2180 1447 2241 omnis
1455 2194 1517 2237 erer-

462 2284 546 2360 titur‚
569 2288 600 2344 ct
622 2284 708 2345 illius
726 2284 857 2364 efficacia
875 2284 1100 2364 pessumdabat,
1118 2288 1149 2343 et
1169 2282 1309 2344 ialsitatis
1327 2283 1518 2343 convincuntur
1578 2262 1579 2309 l

462 2390 528 2444 tum
549 2400 630 2446 sacra
644 2384 878 2461 Evangeliorum
894 2386 1075 2459 testimonia,
1089 2384 1145 2444 uni
1162 2384 1248 2445 Petro
1270 2382 1401 2443 Pastoris
1420 2380 1518 2440 unirer·

463 2480 536 2543 selis
549 2499 663 2543 munus
677 2484 710 2543 in
719 2483 850 2544 Ecclesia
863 2482 1073 2557 commissum,
1084 2486 1114 2543 et
1125 2486 1302 2561 potestatem
1314 2482 1416 2543 omnia
1429 2475 1517 2555 ligandi
1578 2504 1579 2519 κ

464 2588 494 2645 et
506 2580 641 2643 solvendi
657 2582 851 2659 singulariter
864 2580 1003 2643 traditam
1019 2580 1213 2657 affirmantia,
1229 2586 1298 2641 tum
1319 2580 1434 2641 decreta
1447 2576 1519 2639 conci·

465 2681 578 2743 tiorum
601 2681 788 2759 generalium
811 2684 982 2745 Romanum
1004 2682 1177 2745 Pontificem
1199 2696 1308 2743 rerum
1332 2680 1438 2743 Christi
1458 2678 1519 2738 sira-

466 2782 559 2862 rium,
582 2784 781 2862 omniumque
795 2782 1039 2846 christianorum
1053 2798 1117 2844 esse
1134 2786 1247 2862 petram
1261 2796 1296 2843 ac
1311 2780 1465 2854 doctorem,
1475 2775 1520 2836 illl·

466 2881 653 2964 quopieaem
664 2882 991 2945 Ecclesimuoiversalis
1001 2880 1335 2962 pascendm,regendm,
1348 2875 1521 2960 gubernande
1578 2955 1579 2958 Ἴ

466 2989 642 3064 potestatem
654 2983 795 3046 meditem
807 2999 874 3045 esse
889 2983 1103 3044 asseveranda.

508 3085 637 3146 Corona.
653 3088 684 3146 rt.
704 3115 743 3128 -
764 3083 849 3146 Circe
872 3083 1000 3144 Romani
1022 3081 1174 3144 Pontificis
1195 3081 1451 3159 infallibilitatem,
1470 3091 1521 3140 cum

468 3190 595 3264 quaest
617 3181 819 3245 indissolubili
839 3198 919 3244 nexu
938 3184 1005 3261 ejus
1025 3181 1196 3245 Protarobie
1216 3185 1391 3260 conjrrncta,
1406 3183 1463 3244 hec
1479 3177 1523 3240 duo

470 3299 590 3362 quoque
605 3281 711 3344 sedulo
728 3281 861 3343 nohnda
874 3287 966 3344 sunt:
1277 3281 1280 3288 ⁴
1578 3279 1579 3284 ’

512 3385 537 3444 l.
553 3382 599 3442 hb
610 3381 648 3443 iis
661 3381 716 3458 qni
729 3380 804 3442 lorte
816 3379 895 3442 hanc
908 3383 1044 3442 Romano
1053 3381 1219 3443 Protarcho
1232 3381 1474 3444 infallibilitatem
1486 3377 1524 3438 dc

472 3485 594 3558 negent,
616 3483 784 3542 Romanam
804 3479 1006 3542 Protarchiern
1024 3487 1053 3543 et
1072 3481 1233 3544 Ecclesiam
1257 3483 1356 3561 ipsam
1378 3483 1524 3544 universam

473 3596 537 3642 uno
556 3581 616 3640 iotu
636 3579 760 3641 destrui.
775 3583 850 3642 Nam
865 3585 897 3641 1·
910 3581 962 3644 ille
980 3597 1062 3644 unus
1076 3581 1164 3644 habet
1179 3599 1355 3663 supremam
1369 3583 1525 3662 plenamque

473 3685 506 3745 in
526 3682 654 3746 Ecclesia
677 3685 893 3760 anctoritatem,
914 3684 968 3762 qui
989 3685 1027 3745 sit
1048 3685 1080 3746 in
1101 3684 1264 3747 christiane
1286 3685 1420 3746 doctriua
1438 3695 1524 3762 propo·

473 3781 574 3846 nenda
587 3783 756 3844 infallibilis
768 3783 883 3861 (¹294).
901 3785 991 3862 Ergo,
1005 3785 1030 3844 si
1045 3780 1174 3846 Romani
1187 3783 1341 3847 Pontificis
1351 3779 1524 3862 jndiriumin

474 3899 565 3944 causa
583 3881 653 3944 tldei
670 3881 719 3944 vel
733 3898 854 3942 morum
873 3882 940 3943 ialli
958 3888 1066 3962 potest,
1080 3899 1273 3962 nequaquam
1287 3883 1340 3945 ille
1354 3889 1400 3945 est
1413 3877 1524 3944 Ecclesia

475 3981 644 4044 Protarcho.
659 4013 699 4028 -—
716 3985 749 4042 2·
762 3983 889 4044 llomani
905 3983 1057 4046 Pontificio
1079 3983 1251 4046 Protarchia
1271 3983 1403 4061 sublata,
1418 3983 1468 4043 hoc
1480 3981 1524 4057 ipst

475 4089 521 4144 cst
534 4099 636 4144 eversa
655 4081 788 4143 Ecclesia
807 4083 871 4162 ipse
893 4083 1043 4156 universa,
1067 4099 1135 4160 qum
1154 4101 1247 4162 supra
1268 4084 1352 4145 illam
1371 4092 1477 4160 petram
1494 4079 1524 4137 est

477 4183 631 4244 aedificata.
648 4184 685 4243 Et
697 4198 767 4243 vero
788 4182 887 4243 subm
903 4199 936 4244 ec
951 4182 1064 4242 tollitur
1076 4183 1257 4262 principium
1277 4183 1395 4246 socialis
1414 4177 1523 4241 urinis

476 4284 601 4343 societas
624 4282 689 4362 ipsa
707 4279 860 4343 evertitur.
875 4283 913 4342 ht
927 4287 1032 4360 prater
1055 4285 1225 4344 Romanum
1247 4283 1446 4350 Protarchum,
1460 4271 1524 4338 nuth

477 4385 522 4441 est
534 4381 594 4440 alia
605 4397 779 4461 permoneas
791 4383 870 4442 inter
878 4379 1050 4444 Chistianos
1063 4383 1222 4444 auctoritas
1235 4384 1267 4443 in
1281 4383 1386 4444 calino
1399 4377 1525 4442 ecclesa·

478 4482 537 4543 lieo
560 4495 700 4560 suprema
722 4479 836 4559 (1296).
852 4511 893 4530 ·-
907 4481 941 4543 3ο
963 4483 994 4542 Si
1021 4485 1148 4544 bomani
1174 4484 1323 4546 Pontificis
1344 4481 1484 4560 jndicium
1502 4473 1523 4530 it

478 4597 571 4644 causa
584 4579 653 4641 tidei
666 4579 714 4641 vel
728 4597 847 4643 morum
861 4589 907 4644 cst
920 4579 1056 4660 sallibile,
1072 4601 1111 4645 no
1126 4587 1190 4665 ipsa
1202 4584 1323 4664 quidem
1338 4581 1459 4646 Ecclesia
1470 4572 1524 4635 uni·

477 4681 602 4742 ramalia
615 4681 784 4743 intellibihs
795 4689 850 4744 est.
862 4687 937 4745 Nam
952 4684 1084 4746 Ecclesia
1098 4686 1289 4764 universalis,
1304 4681 1440 4745 omnibus
1451 4678 1522 4738 taar-

476 4783 567 4864 tihus,
580 4782 694 4859 judicia
708 4785 827 4846 concilii
843 4787 993 4862 generalis
1006 4789 1152 4865 sequitur.
1170 4789 1259 4866 Atqui
1275 4801 1371 4864 neque
1384 4771 1522 4843 inlellibill·
