3559 5675
481 718 543 782 did
889 732 970 778 roms
989 730 1151 778 ssrussns

482 837 731 902 atieeurionibus
744 843 798 900 sut
808 837 996 915 quibuslibet
1005 835 1075 898 atiis
1086 835 1272 905 detinentur,
1286 850 1320 893 ea
1333 829 1517 894 mumdum

483 942 550 1001 titui
568 941 704 1018 ipsorum
721 937 865 999 eeclesiis.
885 935 1139 1015 Quandoquidem
1162 934 1323 1006 volumus,
1346 937 1451 1008 utque
1468 930 1519 1007 ipse

482 1041 612 1102 eoelesiae
622 1047 709 1100 antea
726 1037 932 1119 possederant,
949 1038 1012 1117 juri
1027 1054 1133 1100 esrum
1147 1036 1354 1097 restituentur.
1371 1034 1458 1106 Quum
1470 1045 1520 1103 ergo

482 1141 643 1220 perspiciet
661 1139 779 1200 devotio
800 1146 853 1200 tua
870 1139 968 1218 hujus
986 1145 1097 1200 nosue
1113 1137 1261 1214 jussionis
1281 1131 1520 1196 maniiestissimun

482 1257 549 1302 esse
562 1242 783 1320 prescriptum,
792 1257 918 1320 operam
930 1239 1029 1316 debu,
1046 1245 1092 1318 ut,
1106 1239 1169 1300 sire
1183 1238 1275 1312 horti,
1286 1237 1347 1297 sire
1358 1231 1521 1312 quodeunque

481 1341 566 1402 eliud
591 1341 630 1402 ud
650 1344 704 1420 jus
730 1343 864 1420 ipserum
889 1341 1085 1402 ecelesiarum
1114 1338 1336 1421 pertinuerint,
1363 1339 1460 1398 ennete
1480 1331 1522 1391 itt's

482 1441 662 1518 qrrrutoeius
684 1441 909 1502 restituantur»
924 1438 974 1521 (a).

522 1541 611 1620 mse,
629 1547 687 1604 ets.

520 1641 555 1702 o·
567 1643 668 1704 Patres
679 1643 818 1705 numism
831 1657 993 1718 eonsensu,
1006 1641 1175 1712 Pontidees,
1188 1639 1324 1702 Consilia
1339 1638 1394 1698 hoo
1403 1637 1450 1714 jus
1462 1631 1523 1694 tiberi

481 1739 626 1820 plenique
646 1741 773 1804 dominii
792 1740 826 1804 in
844 1741 1015 1804 mstenries
1028 1741 1147 1802 divitias
1166 1757 1285 1820 semper
1309 1732 1524 1800 Eodesierindi·

481 1849 605 1919 ermnt3
623 1842 763 1920 sueriiegi
777 1841 902 1904 latronis
917 1841 983 1903 loeo
996 1858 1116 1922 semper
1130 1840 1306 1902 habuerunt
1315 1855 1386 1900 eum
1400 1837 1448 1916 qui
1460 1833 1525 1896 etde

481 1939 616 2000 sinstiees
628 1941 763 2002 fortunas
777 1959 831 2020 per
843 1942 905 2003 rim
919 1941 1084 2015 invaderet,
1097 1957 1228 2019 eumque
1241 1939 1347 2000 divino
1360 1939 1443 1998 etiam
1455 1931 1524 1994 nale·

481 2039 561 2100 dieto
582 2045 673 2118 atque
694 2041 1017 2103 excommunicationis
1037 2057 1126 2122 perna
1151 2047 1306 2120 pereutere
1330 2037 1524 2100 consueverunt

481 2137 534 2198 Est
544 2143 646 2198 autem
663 2139 795 2200 Ecclesia
805 2139 839 2199 iu
851 2138 922 2200 fidei
938 2157 1119 2217 morumque
1132 2139 1267 2201 doetrina
1287 2137 1428 2200 tredends
1444 2132 1526 2194 intelli·

481 2236 564 2300 bilis.
578 2241 655 2300 Setis
667 2241 726 2300 erit
736 2239 793 2301 hoe
811 2240 877 2302 loeo
889 2239 1043 2304 decretum
1057 2259 1076 2302 s
1092 2241 1267 2302 Tridentino
1289 2240 1421 2303 Concilio
1433 2239 1461 2298 in
1472 2235 1526 2295 isne

482 2356 545 2402 rens
557 2340 673 2402 editum
686 2341 816 2404 reterre:
830 2363 845 2399 r
857 2342 889 2402 Si
900 2359 992 2420 quem
1003 2343 1181 2404 elericorum
1191 2342 1240 2403 rel
1254 2343 1414 2416 isioorum,
1426 2351 1526 2418 quecun·

480 2455 542 2520 quo
552 2441 579 2502 is
588 2441 744 2518 dignitate,
756 2441 848 2502 etium
858 2443 1009 2522 imperiali
1022 2447 1074 2502 aut
1085 2441 1191 2520 reguli,
1203 2443 1390 2522 prefulgeat,
1400 2441 1430 2501 in
1439 2443 1525 2498 nomn

481 2539 630 2601 mutorum
643 2542 782 2602 omnium
796 2541 880 2602 radis
897 2542 1045 2622 cupiditas
1056 2544 1255 2622 oocuparerit,
1272 2549 1309 2603 nt
1319 2541 1446 2620 alicujus
1456 2537 1525 2598 etrlr
1573 2589 1574 2604 i

480 2640 543 2711 sin.
553 2655 606 2700 seu
617 2639 751 2717 eujnsris
761 2640 906 2703 mentoris
919 2643 968 2703 set
979 2642 1128 2720 regutaris
1139 2643 1291 2718 beneficii,
1303 2644 1450 2704 montium
1459 2639 1525 2718 pietr-
1573 2621 1574 2656 ¹

481 2740 519 2800 tis
536 2739 728 2818 aliorumque
747 2743 868 2820 piorum
886 2742 1021 2804 ioeomm
1032 2741 1268 2821 jnrisdietienes,
1292 2743 1385 2818 bona,
1398 2750 1526 2803 oeneuste
1573 2759 1574 2802 t

477 2846 560 2923 jure.
571 2842 698 2922 tmetus,
710 2844 927 2923 emolumenta,
942 2864 995 2909 seu
1010 2864 1206 2927 quascunque
1225 2848 1430 2925 obventiones,
1443 2840 1525 2921 queit

480 2944 688 3005 ministrorum
699 2952 729 3006 et
741 2964 908 3027 pauperum
918 2950 1109 3011 securitates
1119 2951 1250 3011 conserti
1264 2950 1387 3021 debent,
1399 2964 1448 3027 per
1460 2960 1485 3003 se
1495 2936 1525 2997 tel

478 3042 565 3120 alios,
588 3045 618 3103 ri
635 3044 684 3105 rel
696 3046 804 3107 timore
818 3048 951 3123 incusso,
972 3066 1025 3109 seu
1043 3050 1134 3110 etiam
1157 3066 1209 3129 per
1229 3052 1403 3129 suppositas
1417 3056 1526 3127 moeno

479 3142 657 3204 olorinorum
678 3150 732 3204 aut
756 3145 921 3219 isidorum,
943 3164 997 3209 seu
1017 3164 1197 3227 quecunque
1218 3156 1281 3209 arte
1304 3156 1357 3211 aut
1379 3154 1525 3225 quoeunqtt

479 3243 604 3320 quesite
625 3244 722 3305 cetere
740 3245 773 3305 in
793 3247 929 3325 proprios
951 3262 1026 3309 usus
1049 3256 1234 3324 convertere,
1260 3249 1393 3327 illosque
1414 3254 1526 3319 murptrt

479 3342 709 3421 presumpserit,
726 3360 780 3405 seu
789 3346 936 3425 impedire
950 3364 988 3409 ne
998 3348 1036 3409 sb
1048 3350 1085 3409 iis
1096 3348 1134 3410 sd
1146 3366 1224 3427 quos
1235 3352 1308 3429 jure
1317 3349 1469 3429 pertinent,
1483 3356 1526 3419 prr·

479 3441 647 3521 cipiantur3
668 3444 696 3503 is
715 3444 898 3509 anathemati
921 3448 1036 3509 tamdiu
1060 3450 1223 3527 subjaceat,
1245 3450 1394 3527 quamdiu
1413 3442 1526 3524 junistie

478 3540 587 3615 dones,
601 3540 689 3614 bona,
704 3560 765 3619 res,
777 3547 862 3623 jura,
882 3546 999 3608 tructus
1018 3554 1047 3609 et
1058 3546 1195 3611 redditus
1208 3566 1286 3628 quos
1301 3546 1484 3628 occupaverit,
1495 3536 1526 3599 rtl

478 3640 533 3717 qni
546 3638 583 3699 ad
597 3656 668 3701 eum
682 3644 967 3724 quomodocunque,
988 3650 1079 3709 etiem
1092 3666 1129 3711 ex
1140 3648 1303 3712 donatione
1314 3648 1466 3729 suppositu
1478 3656 1525 3720 per·
1571 3658 1572 3665 ¹

478 3754 569 3811 sone,
588 3744 791 3819 pervenerint,
808 3743 942 3807 eoeleste
965 3745 1089 3827 ejusque
1113 3748 1350 3811 administratori
1371 3766 1422 3809 sen
1442 3737 1523 3806 bened·

478 3840 555 3901 cisto
567 3840 681 3917 integre
692 3844 863 3919 restitnerit,
879 3863 914 3907 ae
926 3846 1035 3909 deinde
1050 3866 1068 3909 a
1082 3852 1221 3914 Romanu
1235 3852 1378 3913 Pontitiee
1392 3842 1523 3909 abolute

478 3954 550 4001 nem
561 3940 752 4003 obtinuerit»
774 3942 827 4021 (b).

517 4042 597 4118 Ergo
612 4040 734 4103 evidens
746 4050 790 4103 est
803 4044 1011 4109 ecelesiasticis
1027 4050 1185 4113 consortiis
1200 4052 1409 4132 plenissimum
1422 4054 1468 4129 jus
1479 4056 1522 4103 etit

477 4138 555 4202 bona
570 4143 735 4204 materialia
759 4160 950 4223 quaeounque
974 4150 1147 4227 possidendi
1172 4152 1309 4216 dominio
1329 4152 1414 4214 ciuili
1430 4156 1522 4229 prorsus

477 4242 688 4322 independenti
702 4244 833 4307 abomni
848 4245 925 4309 teies
936 4255 1089 4327 potestate.

518 4342 611 4417 Atqtd
628 4342 765 4405 Euolesie
784 4360 926 4425 supreme
941 4350 1101 4412 auctoritas
1117 4350 1208 4414 hebet
1219 4352 1372 4433 politicum
1386 4349 1520 4413 denium

477 4456 600 4520 prorsus
612 4442 817 4524 independens
830 4447 862 4507 in
876 4450 979 4511 timuis
994 4466 1062 4529 que
1074 4453 1154 4514 civili
1164 4453 1300 4518 dominio
1311 4454 1451 4517 consortis
1461 4448 1518 4510 iltius
1553 4442 1554 4445 ’

477 4666 653 4795 ὼίὶὶὼὴέυ.
674 4673 781 4737 Assoi,
806 4680 868 4731 tem.
879 4690 922 4741 ru,
933 4678 1034 4745 [Enseu.
1048 4682 1115 4733 iiist.
1129 4682 1215 4737 restes.
1226 4712 1256 4724 -
1269 4686 1303 4752 (ts)
1313 4686 1377 4739 Sese.
1388 4696 1440 4745 xro.
1450 4690 1517 4745 tri-¹·
