3559 5675
530 691 638 737 sortus.
662 707 700 723 ·-
722 692 805 739 trem
826 695 1018 743 occursurus.
1260 676 1318 741 l't'l

267 816 356 859 omues
371 799 461 859 socios
476 798 513 858 ad
531 814 723 859 communem
742 798 834 860 sruem
851 801 942 875 t-tntt.
965 803 1041 877 Ergo
1055 799 1212 868 auctoritas
1225 800 1321 861 ecclc·

266 898 367 960 nastes
388 904 431 959 est
453 899 505 975 jus
525 904 616 975 atque
647 897 781 960 officium
804 900 999 962 mordicandi
1029 898 1187 961 efficaciter
1217 914 1323 960 omnes

265 998 425 1059 christianos
436 998 472 1059 ad
491 998 545 1059 illa
563 998 749 1076 omniaque
763 996 900 1063 Christus
914 1001 1061 1063 Dominus
1076 998 1223 1061 credenda
1238 1002 1267 1060 et
1279 997 1323 1059 la·

263 1098 355 1159 cienda
373 1098 471 1159 docuit
491 1114 525 1159 ac
546 1102 696 1179 precepit.
716 1100 753 1159 ht
769 1115 829 1160 non
853 1106 949 1180 potest
970 1101 1130 1163 auctoritas
1150 1098 1215 1160 ulla
1228 1098 1323 1161 sodios

263 1198 293 1258 ad
311 1211 497 1259 communem
515 1198 609 1259 finem
627 1198 784 1261 efficaciter
805 1200 999 1275 coordinata,
1025 1200 1083 1261 nisi
1104 1199 1167 1280 ipsa
1190 1198 1323 1281 primum

261 1304 402 1376 cognoscat
412 1304 442 1360 et
453 1299 535 1360 hunc
548 1298 642 1359 finem
655 1306 686 1360 et
700 1300 800 1361 media
813 1300 848 1361 ad
865 1300 954 1362 illum
968 1300 1108 1362 ducentia
1122 1318 1132 1361 z
1147 1300 1229 1360 entia
1242 1314 1325 1359 nam·

261 1414 312 1473 que
332 1398 541 1460 intellectualia
559 1398 597 1459 ad
618 1404 734 1459 eertum
753 1400 846 1462 linem
872 1399 1042 1462 coordinari
1066 1404 1220 1478 nequeunt
1239 1398 1325 1460 aliter

260 1514 340 1572 quam
356 1516 408 1577 per
427 1498 528 1560 media
548 1498 774 1577 intellectualia,
793 1518 847 1580 per
860 1500 1027 1562 doctrinam
1040 1500 1165 1575 scilicet,
1179 1498 1324 1560 hortatio·

259 1612 316 1671 nes,
329 1605 478 1679 precepta.
500 1600 578 1674 Ergo
597 1600 756 1660 auctoritas
774 1599 984 1679 ecclesiastica,
1003 1602 1092 1678 cujus
1113 1606 1156 1661 cst
1178 1598 1325 1677 doctrina,

258 1694 475 1775 hortationibus,
490 1687 643 1778 praecptis
655 1698 834 1762 christianos
848 1700 886 1760 ad
900 1717 935 1761 ca
949 1717 1016 1778 quae
1031 1700 1168 1761 Christus
1181 1696 1282 1760 docuit
1293 1716 1326 1761 ac

258 1800 382 1878 precepit
396 1799 587 1875 coordinare,
610 1798 698 1860 debet
720 1801 786 1879 ipsa
803 1802 938 1881 primum
956 1800 1020 1863 hac
1038 1801 1141 1864 omnia
1160 1794 1278 1878 cognita
1297 1805 1327 1863 et

192 1921 193 1954 3
257 1907 393 1978 perspecta
412 1900 538 1981 penitus
560 1898 682 1977 hahere,
697 1906 733 1962 ut
748 1900 835 1963 sociis
849 1918 884 1962 ea
897 1908 1053 1981 proponat.
1069 1903 1146 1979 Ergo
1161 1900 1214 1963 illa
1226 1917 1328 1981 perso·

256 2014 297 2073 na,
312 2000 341 2060 in
359 2018 419 2079 qua
438 2000 552 2062 residet
570 1999 769 2061 ecclesiastica
788 2002 969 2077 Protarchia,
986 2000 1075 2063 dehet
1095 2002 1219 2063 omnino
1235 2000 1328 2083 r'nscl·

192 2123 194 2159 r
256 2094 336 2159 tutte
350 2118 415 2163 esse
430 2102 467 2164 in
481 2098 530 2161 his
542 2100 686 2161 omuibus
698 2100 818 2180 publice
831 2100 1010 2163 definiendis
1023 2118 1057 2162 ac
1071 2101 1283 2181 proponendis.

191 2237 193 2263 ι
288 2202 358 2263 llam
372 2202 595 2267 ecclesiasticus
608 2202 766 2264 Protarcho
781 2202 834 2263 illc
850 2210 906 2274 est,
922 2203 971 2265 cui
986 2204 1198 2266 determinanti
1213 2203 1328 2282 aliquid

191 2329 192 2364 t
254 2318 348 2363 eorum
361 2294 429 2383 qum
446 2304 482 2365 ad
497 2303 694 2366 christianam
709 2304 937 2364 associationem
952 2304 1112 2385 pertinent,
1131 2320 1236 2365 omnes
1250 2303 1328 2364 chri·

253 2403 344 2482 thani,
359 2406 468 2466 omnia
487 2403 723 2465 christianorum
741 2404 902 2475 consortia,
925 2420 1030 2465 omnes
1050 2401 1241 2464 ecclesiastici
1260 2419 1328 2463 me-

254 2504 383 2578 gistratus
396 2504 524 2570 obedire
542 2506 643 2565 stricto
662 2503 762 2565 officio
778 2512 918 2566 tenentur
936 2524 943 2567 :
960 2506 1061 2566 omnis
1074 2504 1186 2565 etenim
1202 2507 1325 2566 Protar-

191 2663 192 2668 ,
253 2602 321 2680 chia,
343 2606 405 2668 sive
428 2623 575 2685 suprema
594 2606 765 2683 auctoritas,
787 2611 832 2667 est
853 2604 1048 2667 essentialiter
1067 2602 1272 2684 independens
1295 2604 1328 2663 in

252 2703 284 2765 iis
297 2708 440 2770 omnihus
462 2706 627 2768 statuendis
644 2724 712 2783 qum
728 2706 765 2768 ad
787 2707 942 2787 proprium
965 2704 1101 2767 ordinem
1116 2702 1265 2767 societatis
1280 2700 1326 2765 illi

190 2872 191 2875 Ἴ
252 2804 369 2870 suhditro
394 2804 528 2870 attinent
551 2804 663 2885 (493).
685 2806 776 2886 Atqui
802 2822 837 2868 ee
857 2822 925 2884 quae
949 2804 986 2867 ad
1011 2804 1166 2884 proprium
1189 2802 1327 2866 ordinem

251 2908 388 2969 societatis
414 2907 590 2970 christiane
613 2907 765 2985 pertinent
782 2911 853 2969 sunt
872 2907 975 2966 omnia
994 2912 1023 2965 ct
1046 2905 1109 2966 sola
1130 2902 1279 2965 credenda
1299 2909 1330 2965 ct

190 3066 191 3081 ,
249 3004 376 3070 iacienda
390 3028 409 3070 a
429 3007 551 3071 Christo
565 3008 694 3068 llomino
707 3006 815 3067 tradita
826 3011 855 3066 ct
867 3011 1020 3086 praecepta.
1037 3006 1116 3080 Ergo
1130 3003 1329 3066 ecclesiastico

190 3147 192 3171 r
251 3108 410 3172 l’rotarchae
435 3107 592 3183 doctrina,
612 3106 851 3183 hortationibus,
871 3105 992 3184 publice
1011 3103 1191 3184 proponenti
1212 3102 1328 3182 aliquid

190 3252 192 3283 ,
249 3207 431 3271 credendum
453 3215 506 3269 aut
530 3206 703 3270 iaciendum
728 3213 870 3284 tanquam
899 3220 1067 3266 consonum
1089 3202 1125 3264 iis
1147 3219 1216 3280 qua
1239 3203 1329 3265 Chri-

190 3354 191 3383 ,
250 3313 308 3369 stus
321 3309 428 3372 docuit
451 3325 486 3370 ac
499 3308 647 3388 pracepit,
666 3324 772 3369 omnes
784 3305 939 3369 christiani
961 3311 990 3366 ct
1004 3304 1239 3366 christianorum
1253 3319 1330 3384 prm·

248 3409 325 3472 sules
338 3412 448 3472 stricto
461 3407 559 3470 officio
572 3413 712 3470 tenentur
723 3394 846 3470 obedire
857 3407 1005 3486 planeque
1024 3405 1224 3485 acquiescere.
1239 3405 1329 3485 Atqui

249 3509 331 3573 nullo
344 3519 436 3592 pacto
454 3515 550 3590 potest
567 3509 624 3571 hoc
642 3507 777 3570 officium
797 3505 1008 3586 acquiescendi
1023 3507 1166 3569 omnibus
1179 3523 1247 3584 quae
1268 3522 1331 3570 crs·

248 3609 343 3672 denda
354 3609 538 3674 aclacienda
550 3614 908 3688 proponanturtanquam
921 3623 1054 3668 consona
1065 3601 1175 3668 Christi
1188 3605 1332 3668 doctrinis

246 3722 279 3769 ae
294 3711 466 3792 preceptis,
481 3709 540 3770 nisi
556 3725 682 3788 persona
696 3723 865 3788 proponens
879 3707 919 3766 sit
938 3705 1063 3767 omnino
1076 3705 1108 3765 in
1122 3704 1175 3765 tali
1192 3705 1330 3784 proposi-

247 3809 326 3872 tione
339 3807 529 3891 t'clallibilt's.
547 3809 666 3870 Etenim
681 3824 742 3870 non
756 3807 855 3889 agitur
870 3805 920 3866 hic
935 3805 1035 3866 sulum
1050 3803 1086 3867 de
1100 3800 1268 3865 ohedientia
1283 3820 1331 3864 ac·

247 3908 336 3973 tionis
351 3917 497 3985 externa,
511 3907 562 3971 sed
577 3908 615 3970 de
628 3908 796 3970 ohedientia
811 3907 922 3968 mentis
933 3921 967 3966 ec
977 3903 1103 3982 judicli3
1120 3905 1193 3980 quia
1207 3907 1330 3964 Protar-

247 4007 307 4071 chae
325 4011 373 4072 illi
391 4009 597 4073 obediendum
615 4015 660 4070 cst
681 4016 715 4069 ut
733 4007 910 4088 proponenti
926 4022 995 4084 que
1013 4009 1084 4065 sunt
1099 3999 1259 4070 cressum
1274 4001 1332 4064 hoc

246 4118 291 4172 est
307 4103 399 4175 euim
419 4128 534 4172 munus
554 4110 636 4171 illius
653 4109 821 4188 proprium,
836 4123 935 4186 quum
955 4105 1027 4166 socii
1043 4103 1200 4166 christiani
1212 4100 1333 4164 coordi-

246 4221 361 4276 neutur
376 4213 419 4275 ad
433 4213 572 4276 Ecclesia
586 4211 677 4272 duem
693 4209 824 4269 maxime
833 4224 885 4288 per
899 4205 1047 4268 intersum
1066 4200 1166 4286 fidem.
1182 4203 1332 4277 Jamrero,

246 4321 280 4376 ut
299 4322 468 4378 teneamur
488 4313 534 4375 illi
556 4310 721 4373 Protarcho
733 4309 853 4371 obedire
867 4325 921 4388 per
935 4309 1086 4370 intemem
1100 4303 1204 4379 sidem,
1220 4309 1336 4386 oportet

246 4415 334 4476 nullo
349 4411 440 4475 nmdo
454 4413 540 4475 liccat
552 4409 689 4474 dubitare
703 4409 740 4472 de
754 4409 877 4472 veritate
892 4427 998 4471 eorum
1013 4425 1082 4486 qua
1097 4406 1148 4468 ille
1164 4405 1275 4466 tradit:
1293 4401 1335 4466 li·
1423 4447 1433 4464 .

243 4521 291 4577 cet
311 4522 436 4591 autem,
450 4531 628 4595 semperque
648 4513 751 4576 licebit
770 4511 907 4573 dubitare
931 4513 1047 4572 interne
1069 4508 1106 4571 de
1124 4509 1246 4572 veritate
1264 4505 1335 4570 dou-

247 4617 337 4678 trinae
352 4617 515 4698 proposita
529 4615 568 4677 ah
586 4632 621 4676 eo
637 4611 692 4692 qui
706 4630 767 4676 non
780 4611 818 4674 sit
830 4612 895 4674 hac
906 4611 1039 4674 docendo
1053 4609 1141 4692 plane
1157 4605 1333 4698 inlellihilis.

247 4715 343 4794 Ergo,
359 4721 423 4779 etc.
