<?xml version="1.0" encoding="UTF-8"?>
<!DOCTYPE html PUBLIC "-//W3C//DTD XHTML 1.0 Transitional//EN"
    "http://www.w3.org/TR/xhtml1/DTD/xhtml1-transitional.dtd">
<html xmlns="http://www.w3.org/1999/xhtml" xml:lang="en" lang="en">
 <head>
  <title>
</title>
<meta http-equiv="Content-Type" content="text/html;charset=utf-8" />
  <meta name='ocr-system' content='tesseract 3.04.00' />
  <meta name='ocr-capabilities' content='ocr_page ocr_carea ocr_par ocr_line ocrx_word'/>
</head>
<body>
  <div class='ocr_page' id='page_1' title='image "./jurisnaturalisu00bensgoog/jurisnaturalisu00bensgoog_0377.png"; bbox 0 0 3559 5675; ppageno 0'>
   <div class='ocr_carea' id='block_1_1' title="bbox 539 762 1315 825">
    <p class='ocr_par' dir='ltr' id='par_1_1' title="bbox 539 762 1315 825">
     <span class='ocr_line' id='line_1_1' title="bbox 539 762 1315 825; baseline 0 -2"><span class='ocrx_word' id='word_1_1' title='bbox 539 776 647 824; x_wconf 80' lang='lat' dir='ltr'><strong>sensa.</strong></span> <span class='ocrx_word' id='word_1_2' title='bbox 671 792 710 810; x_wconf 94' lang='lat'>-</span> <span class='ocrx_word' id='word_1_3' title='bbox 732 766 1013 825; x_wconf 68' lang='lat' dir='ltr'><strong>strenuissumus:</strong></span> <span class='ocrx_word' id='word_1_4' title='bbox 1256 762 1315 823; x_wconf 78' lang='grc'><strong>319</strong></span> 
     </span>
    </p>
   </div>
   <div class='ocr_carea' id='block_1_2' title="bbox 256 880 1378 4888">
    <p class='ocr_par' dir='ltr' id='par_1_2' title="bbox 269 880 1318 1061">
     <span class='ocr_line' id='line_1_2' title="bbox 269 880 1318 963; baseline 0.004 -22"><span class='ocrx_word' id='word_1_5' title='bbox 269 880 414 960; x_wconf 78' lang='lat' dir='ltr'><strong>equalibus</strong></span> <span class='ocrx_word' id='word_1_6' title='bbox 434 900 469 944; x_wconf 83' lang='lat' dir='ltr'><strong>ex</strong></span> <span class='ocrx_word' id='word_1_7' title='bbox 491 889 688 961; x_wconf 84' lang='lat' dir='ltr'><strong>utrorumque</strong></span> <span class='ocrx_word' id='word_1_8' title='bbox 715 880 825 943; x_wconf 90' lang='lat' dir='ltr'><strong>horum</strong></span> <span class='ocrx_word' id='word_1_9' title='bbox 850 880 1021 944; x_wconf 84' lang='lat' dir='ltr'><strong>mediorum</strong></span> <span class='ocrx_word' id='word_1_10' title='bbox 1051 881 1238 963; x_wconf 84' lang='lat' dir='ltr'><strong>necessitate,</strong></span> <span class='ocrx_word' id='word_1_11' title='bbox 1258 900 1318 962; x_wconf 88' lang='lat' dir='ltr'><strong>qua</strong></span> 
     </span>
     <span class='ocr_line' id='line_1_3' title="bbox 269 982 833 1061; baseline 0.004 -20"><span class='ocrx_word' id='word_1_12' title='bbox 269 998 356 1042; x_wconf 90' lang='lat' dir='ltr'><strong>onnes</strong></span> <span class='ocrx_word' id='word_1_13' title='bbox 367 998 448 1060; x_wconf 79' lang='lat' dir='ltr'><strong>uque</strong></span> <span class='ocrx_word' id='word_1_14' title='bbox 469 990 627 1061; x_wconf 77' lang='lat' dir='ltr'><strong>urgentur,</strong></span> <span class='ocrx_word' id='word_1_15' title='bbox 645 982 833 1061; x_wconf 85' lang='lat' dir='ltr'><strong>proveniant.</strong></span> 
     </span>
    </p>

    <p class='ocr_par' dir='ltr' id='par_1_3' title="bbox 259 1080 1328 2365">
     <span class='ocr_line' id='line_1_4' title="bbox 299 1080 1320 1163; baseline 0.004 -20"><span class='ocrx_word' id='word_1_16' title='bbox 299 1084 461 1163; x_wconf 86' lang='lat' dir='ltr'><strong>litpiimum</strong></span> <span class='ocrx_word' id='word_1_17' title='bbox 470 1083 605 1162; x_wconf 87' lang='lat' dir='ltr'><strong>quidem,</strong></span> <span class='ocrx_word' id='word_1_18' title='bbox 618 1082 655 1145; x_wconf 92' lang='lat' dir='ltr'><strong>de</strong></span> <span class='ocrx_word' id='word_1_19' title='bbox 667 1082 777 1144; x_wconf 86' lang='lat' dir='ltr'><strong>mediis</strong></span> <span class='ocrx_word' id='word_1_20' title='bbox 790 1080 998 1143; x_wconf 77' lang='lat' dir='ltr'>materialibus</span> <span class='ocrx_word' id='word_1_21' title='bbox 1012 1087 1146 1161; x_wconf 75' lang='lat' dir='ltr'><strong>agentes,</strong></span> <span class='ocrx_word' id='word_1_22' title='bbox 1160 1080 1217 1146; x_wconf 93' lang='lat' dir='ltr'><strong>hoc</strong></span> <span class='ocrx_word' id='word_1_23' title='bbox 1230 1098 1320 1163; x_wconf 76' lang='lat' dir='ltr'><strong>gene·</strong></span> 
     </span>
     <span class='ocr_line' id='line_1_5' title="bbox 266 1179 1321 1261; baseline 0.003 -20"><span class='ocrx_word' id='word_1_24' title='bbox 266 1180 350 1242; x_wconf 76' lang='lat' dir='ltr'><strong>taliter</strong></span> <span class='ocrx_word' id='word_1_25' title='bbox 362 1182 533 1258; x_wconf 85' lang='lat' dir='ltr'><strong>innuamus,</strong></span> <span class='ocrx_word' id='word_1_26' title='bbox 556 1182 681 1244; x_wconf 87' lang='lat' dir='ltr'><strong>sociales</strong></span> <span class='ocrx_word' id='word_1_27' title='bbox 701 1184 852 1261; x_wconf 85' lang='lat' dir='ltr'><strong>cujusque</strong></span> <span class='ocrx_word' id='word_1_28' title='bbox 871 1179 1002 1242; x_wconf 86' lang='lat' dir='ltr'><strong>nationis</strong></span> <span class='ocrx_word' id='word_1_29' title='bbox 1015 1180 1161 1260; x_wconf 85' lang='lat' dir='ltr'><strong>lortunas,</strong></span> <span class='ocrx_word' id='word_1_30' title='bbox 1179 1192 1247 1261; x_wconf 78' lang='lat' dir='ltr'><strong>qua</strong></span> <span class='ocrx_word' id='word_1_31' title='bbox 1260 1182 1321 1245; x_wconf 83' lang='lat' dir='ltr'><strong>du-</strong></span> 
     </span>
     <span class='ocr_line' id='line_1_6' title="bbox 265 1281 1322 1362; baseline 0.004 -21"><span class='ocrx_word' id='word_1_32' title='bbox 265 1281 337 1361; x_wconf 88' lang='lat' dir='ltr'><strong>plicis</strong></span> <span class='ocrx_word' id='word_1_33' title='bbox 347 1284 459 1360; x_wconf 81' lang='lat' dir='ltr'><strong>generis</strong></span> <span class='ocrx_word' id='word_1_34' title='bbox 476 1290 560 1360; x_wconf 88' lang='lat' dir='ltr'><strong>sunt,</strong></span> <span class='ocrx_word' id='word_1_35' title='bbox 582 1284 765 1345; x_wconf 80' lang='lat' dir='ltr'><strong>territorium</strong></span> <span class='ocrx_word' id='word_1_36' title='bbox 783 1298 818 1342; x_wconf 87' lang='lat' dir='ltr'><strong>ac</strong></span> <span class='ocrx_word' id='word_1_37' title='bbox 830 1282 999 1362; x_wconf 78' lang='lat' dir='ltr'><strong>pecuniarii</strong></span> <span class='ocrx_word' id='word_1_38' title='bbox 1020 1288 1196 1360; x_wconf 86' lang='lat' dir='ltr'><strong>proventus,</strong></span> <span class='ocrx_word' id='word_1_39' title='bbox 1211 1283 1249 1345; x_wconf 86' lang='lat' dir='ltr'><strong>ab</strong></span> <span class='ocrx_word' id='word_1_40' title='bbox 1262 1283 1322 1345; x_wconf 88' lang='lat' dir='ltr'><strong>alia</strong></span> 
     </span>
     <span class='ocr_line' id='line_1_7' title="bbox 265 1381 1320 1466; baseline 0.003 -23"><span class='ocrx_word' id='word_1_41' title='bbox 265 1384 354 1458; x_wconf 82' lang='lat' dir='ltr'><strong>quevis</strong></span> <span class='ocrx_word' id='word_1_42' title='bbox 372 1386 488 1447; x_wconf 90' lang='lat' dir='ltr'><strong>natione</strong></span> <span class='ocrx_word' id='word_1_43' title='bbox 506 1392 535 1447; x_wconf 88' lang='lat' dir='ltr'><strong>et</strong></span> <span class='ocrx_word' id='word_1_44' title='bbox 556 1382 755 1466; x_wconf 81' lang='lat' dir='ltr'><strong>protegendas</strong></span> <span class='ocrx_word' id='word_1_45' title='bbox 775 1400 852 1460; x_wconf 88' lang='lat' dir='ltr'><strong>essa,</strong></span> <span class='ocrx_word' id='word_1_46' title='bbox 878 1386 909 1444; x_wconf 88' lang='lat' dir='ltr'><strong>et</strong></span> <span class='ocrx_word' id='word_1_47' title='bbox 922 1381 1076 1459; x_wconf 80' lang='lat' dir='ltr'><strong>augendas</strong></span> <span class='ocrx_word' id='word_1_48' title='bbox 1094 1382 1196 1457; x_wconf 87' lang='lat' dir='ltr'><strong>etiam,</strong></span> <span class='ocrx_word' id='word_1_49' title='bbox 1221 1384 1320 1463; x_wconf 81' lang='lat' dir='ltr'><strong>quoad</strong></span> 
     </span>
     <span class='ocr_line' id='line_1_8' title="bbox 264 1481 1322 1564; baseline 0.003 -23"><span class='ocrx_word' id='word_1_50' title='bbox 264 1481 317 1542; x_wconf 90' lang='lat' dir='ltr'><strong>tieri</strong></span> <span class='ocrx_word' id='word_1_51' title='bbox 334 1490 421 1563; x_wconf 89' lang='lat' dir='ltr'><strong>potest</strong></span> <span class='ocrx_word' id='word_1_52' title='bbox 437 1485 539 1564; x_wconf 85' lang='grc'><strong>(1138,</strong></span> <span class='ocrx_word' id='word_1_53' title='bbox 557 1484 653 1562; x_wconf 82' lang='grc'><strong>1140)</strong></span> <span class='ocrx_word' id='word_1_54' title='bbox 670 1504 678 1543; x_wconf 89' lang='lat'>:</span> <span class='ocrx_word' id='word_1_55' title='bbox 692 1482 1322 1563; x_wconf 69' lang='grc' dir='ltr'><strong>1111111111111111111111ρί1111ῢίσυί-</strong></span> 
     </span>
     <span class='ocr_line' id='line_1_9' title="bbox 264 1582 1324 1664; baseline 0.005 -24"><span class='ocrx_word' id='word_1_56' title='bbox 264 1598 365 1661; x_wconf 88' lang='lat' dir='ltr'><strong>cunque</strong></span> <span class='ocrx_word' id='word_1_57' title='bbox 383 1585 494 1664; x_wconf 91' lang='lat' dir='ltr'><strong>populo</strong></span> <span class='ocrx_word' id='word_1_58' title='bbox 512 1586 636 1646; x_wconf 89' lang='lat' dir='ltr'><strong>sociales</strong></span> <span class='ocrx_word' id='word_1_59' title='bbox 648 1588 675 1663; x_wconf 87' lang='lat' dir='ltr'><strong>ej</strong></span> <span class='ocrx_word' id='word_1_60' title='bbox 681 1600 715 1644; x_wconf 92' lang='lat' dir='ltr'><strong>us</strong></span> <span class='ocrx_word' id='word_1_61' title='bbox 729 1583 847 1644; x_wconf 83' lang='lat' dir='ltr'><strong>divitiae</strong></span> <span class='ocrx_word' id='word_1_62' title='bbox 860 1582 1004 1660; x_wconf 76' lang='lat' dir='ltr'><strong>qualibet</strong></span> <span class='ocrx_word' id='word_1_63' title='bbox 1014 1582 1096 1642; x_wconf 90' lang='lat' dir='ltr'><strong>natio</strong></span> <span class='ocrx_word' id='word_1_64' title='bbox 1110 1582 1243 1661; x_wconf 77' lang='lat' dir='ltr'><strong>integras</strong></span> <span class='ocrx_word' id='word_1_65' title='bbox 1258 1600 1324 1645; x_wconf 87' lang='lat' dir='ltr'><strong>asse</strong></span> 
     </span>
     <span class='ocr_line' id='line_1_10' title="bbox 264 1682 1326 1760; baseline 0.003 -18"><span class='ocrx_word' id='word_1_66' title='bbox 264 1682 420 1760; x_wconf 69' lang='grc'><strong>1111111111</strong></span> <span class='ocrx_word' id='word_1_67' title='bbox 441 1685 481 1747; x_wconf 89' lang='lat' dir='ltr'><strong>ab</strong></span> <span class='ocrx_word' id='word_1_68' title='bbox 508 1685 546 1745; x_wconf 92' lang='lat' dir='ltr'><strong>iis</strong></span> <span class='ocrx_word' id='word_1_69' title='bbox 564 1700 618 1745; x_wconf 87' lang='lat' dir='ltr'><strong>seu</strong></span> <span class='ocrx_word' id='word_1_70' title='bbox 638 1685 682 1744; x_wconf 60' lang='lat' dir='ltr'><strong>vi*</strong></span> <span class='ocrx_word' id='word_1_71' title='bbox 694 1698 748 1744; x_wconf 87' lang='lat' dir='ltr'><strong>scu</strong></span> <span class='ocrx_word' id='word_1_72' title='bbox 769 1683 873 1744; x_wconf 78' lang='lat' dir='ltr'><strong>fraude</strong></span> <span class='ocrx_word' id='word_1_73' title='bbox 893 1682 1102 1760; x_wconf 79' lang='lat' dir='ltr'><strong>distrahend03</strong></span> <span class='ocrx_word' id='word_1_74' title='bbox 1118 1682 1326 1745; x_wconf 82' lang='lat' dir='ltr'><strong>benevolentia</strong></span> 
     </span>
     <span class='ocr_line' id='line_1_11' title="bbox 264 1782 1326 1863; baseline 0.007 -23"><span class='ocrx_word' id='word_1_75' title='bbox 264 1782 368 1861; x_wconf 87' lang='lat' dir='ltr'><strong>insuper</strong></span> <span class='ocrx_word' id='word_1_76' title='bbox 378 1784 617 1846; x_wconf 85' lang='lat' dir='ltr'><strong>intemationalis</strong></span> <span class='ocrx_word' id='word_1_77' title='bbox 627 1784 770 1862; x_wconf 92' lang='lat' dir='ltr'><strong>postulat,</strong></span> <span class='ocrx_word' id='word_1_78' title='bbox 782 1789 815 1843; x_wconf 93' lang='lat' dir='ltr'><strong>ut</strong></span> <span class='ocrx_word' id='word_1_79' title='bbox 825 1782 950 1844; x_wconf 85' lang='lat' dir='ltr'><strong>sociales</strong></span> <span class='ocrx_word' id='word_1_80' title='bbox 966 1782 1046 1843; x_wconf 88' lang='lat' dir='ltr'><strong>alius</strong></span> <span class='ocrx_word' id='word_1_81' title='bbox 1064 1783 1169 1863; x_wconf 89' lang='lat' dir='ltr'><strong>populi</strong></span> <span class='ocrx_word' id='word_1_82' title='bbox 1188 1790 1326 1861; x_wconf 84' lang='lat' dir='ltr'><strong>conatus,</strong></span> 
     </span>
     <span class='ocr_line' id='line_1_12' title="bbox 263 1880 1328 1965; baseline 0.008 -24"><span class='ocrx_word' id='word_1_83' title='bbox 263 1898 305 1960; x_wconf 87' lang='lat' dir='ltr'><strong>per</strong></span> <span class='ocrx_word' id='word_1_84' title='bbox 315 1899 386 1961; x_wconf 88' lang='lat' dir='ltr'><strong>quos</strong></span> <span class='ocrx_word' id='word_1_85' title='bbox 396 1888 480 1965; x_wconf 83' lang='lat' dir='ltr'><strong>juste</strong></span> <span class='ocrx_word' id='word_1_86' title='bbox 495 1902 529 1946; x_wconf 90' lang='lat' dir='ltr'><strong>ac</strong></span> <span class='ocrx_word' id='word_1_87' title='bbox 543 1884 681 1947; x_wconf 87' lang='lat' dir='ltr'><strong>decenter</strong></span> <span class='ocrx_word' id='word_1_88' title='bbox 696 1884 823 1963; x_wconf 86' lang='lat' dir='ltr'><strong>majores</strong></span> <span class='ocrx_word' id='word_1_89' title='bbox 848 1884 906 1944; x_wconf 87' lang='lat' dir='ltr'><strong>sibi</strong></span> <span class='ocrx_word' id='word_1_90' title='bbox 926 1900 996 1964; x_wconf 86' lang='lat' dir='ltr'><strong>opos</strong></span> <span class='ocrx_word' id='word_1_91' title='bbox 1010 1880 1063 1945; x_wconf 90' lang='lat' dir='ltr'><strong>ille</strong></span> <span class='ocrx_word' id='word_1_92' title='bbox 1077 1900 1247 1965; x_wconf 87' lang='lat' dir='ltr'><strong>comparare</strong></span> <span class='ocrx_word' id='word_1_93' title='bbox 1260 1894 1328 1949; x_wconf 86' lang='lat' dir='ltr'><strong>stu-</strong></span> 
     </span>
     <span class='ocr_line' id='line_1_13' title="bbox 262 1982 1327 2067; baseline 0.008 -26"><span class='ocrx_word' id='word_1_94' title='bbox 262 1982 326 2061; x_wconf 89' lang='lat' dir='ltr'><strong>deat,</strong></span> <span class='ocrx_word' id='word_1_95' title='bbox 339 1987 432 2049; x_wconf 88' lang='lat' dir='ltr'><strong>amico</strong></span> <span class='ocrx_word' id='word_1_96' title='bbox 443 1986 587 2047; x_wconf 80' lang='grc'><strong>11111111</strong></span> <span class='ocrx_word' id='word_1_97' title='bbox 609 1984 722 2046; x_wconf 82' lang='lat' dir='ltr'><strong>auxilio</strong></span> <span class='ocrx_word' id='word_1_98' title='bbox 745 2000 936 2063; x_wconf 80' lang='lat' dir='ltr'><strong>unaquaque</strong></span> <span class='ocrx_word' id='word_1_99' title='bbox 948 1984 1040 2058; x_wconf 87' lang='lat' dir='ltr'><strong>natio,</strong></span> <span class='ocrx_word' id='word_1_100' title='bbox 1056 1992 1206 2064; x_wconf 88' lang='lat' dir='ltr'><strong>quantum</strong></span> <span class='ocrx_word' id='word_1_101' title='bbox 1220 1992 1327 2067; x_wconf 84' lang='lat' dir='ltr'><strong>potest,</strong></span> 
     </span>
     <span class='ocr_line' id='line_1_14' title="bbox 260 2086 1328 2169; baseline 0.007 -27"><span class='ocrx_word' id='word_1_102' title='bbox 260 2093 454 2165; x_wconf 79' lang='lat' dir='ltr'><strong>prosequatur.</strong></span> <span class='ocrx_word' id='word_1_103' title='bbox 468 2086 539 2147; x_wconf 75' lang='lat' dir='ltr'><strong>Huc</strong></span> <span class='ocrx_word' id='word_1_104' title='bbox 552 2086 635 2149; x_wconf 86' lang='lat' dir='ltr'><strong>enim</strong></span> <span class='ocrx_word' id='word_1_105' title='bbox 648 2086 709 2147; x_wconf 92' lang='lat' dir='ltr'><strong>dno</strong></span> <span class='ocrx_word' id='word_1_106' title='bbox 718 2086 784 2163; x_wconf 90' lang='lat' dir='ltr'><strong>jam</strong></span> <span class='ocrx_word' id='word_1_107' title='bbox 797 2092 869 2146; x_wconf 90' lang='lat' dir='ltr'><strong>sunt</strong></span> <span class='ocrx_word' id='word_1_108' title='bbox 881 2086 981 2165; x_wconf 89' lang='lat' dir='ltr'><strong>primo</strong></span> <span class='ocrx_word' id='word_1_109' title='bbox 995 2086 1123 2148; x_wconf 91' lang='lat' dir='ltr'><strong>articulo</strong></span> <span class='ocrx_word' id='word_1_110' title='bbox 1137 2088 1242 2167; x_wconf 87' lang='lat' dir='ltr'><strong>capitis</strong></span> <span class='ocrx_word' id='word_1_111' title='bbox 1253 2106 1328 2169; x_wconf 79' lang='lat' dir='ltr'><strong>pra·</strong></span> 
     </span>
     <span class='ocr_line' id='line_1_15' title="bbox 259 2179 1328 2265; baseline 0.006 -21"><span class='ocrx_word' id='word_1_112' title='bbox 259 2182 373 2246; x_wconf 78' lang='grc'><strong>11111111</strong></span> <span class='ocrx_word' id='word_1_113' title='bbox 385 2179 604 2247; x_wconf 88' lang='lat' dir='ltr'><strong>demonstrata.</strong></span> <span class='ocrx_word' id='word_1_114' title='bbox 624 2186 824 2247; x_wconf 89' lang='lat' dir='ltr'><strong>Particulares</strong></span> <span class='ocrx_word' id='word_1_115' title='bbox 843 2201 927 2246; x_wconf 90' lang='lat' dir='ltr'><strong>nunc</strong></span> <span class='ocrx_word' id='word_1_116' title='bbox 941 2186 1059 2263; x_wconf 83' lang='lat' dir='ltr'><strong>aliquus</strong></span> <span class='ocrx_word' id='word_1_117' title='bbox 1080 2182 1190 2247; x_wconf 90' lang='lat' dir='ltr'><strong>horum</strong></span> <span class='ocrx_word' id='word_1_118' title='bbox 1210 2190 1328 2265; x_wconf 86' lang='lat' dir='ltr'><strong>prinoi-</strong></span> 
     </span>
     <span class='ocr_line' id='line_1_16' title="bbox 260 2284 867 2365; baseline -0.003 -20"><span class='ocrx_word' id='word_1_119' title='bbox 260 2284 363 2360; x_wconf 77' lang='lat' dir='ltr'><strong>piorum</strong></span> <span class='ocrx_word' id='word_1_120' title='bbox 380 2286 597 2365; x_wconf 78' lang='lat' dir='ltr'><strong>applicationes</strong></span> <span class='ocrx_word' id='word_1_121' title='bbox 610 2284 661 2346; x_wconf 93' lang='lat' dir='ltr'><strong>hic</strong></span> <span class='ocrx_word' id='word_1_122' title='bbox 677 2284 867 2363; x_wconf 86' lang='lat' dir='ltr'><strong>adjiciemus.</strong></span> 
     </span>
    </p>

    <p class='ocr_par' dir='ltr' id='par_1_4' title="bbox 261 2382 1330 2569">
     <span class='ocr_line' id='line_1_17' title="bbox 293 2382 1330 2463; baseline 0.005 -20"><span class='ocrx_word' id='word_1_123' title='bbox 293 2382 459 2449; x_wconf 73' lang='grc'><strong>1151111.</strong></span> <span class='ocrx_word' id='word_1_124' title='bbox 475 2387 612 2448; x_wconf 55' lang='grc'><strong>5691-</strong></span> <span class='ocrx_word' id='word_1_125' title='bbox 624 2386 753 2446; x_wconf 77' lang='lat' dir='ltr'><strong>Societas</strong></span> <span class='ocrx_word' id='word_1_126' title='bbox 767 2384 893 2461; x_wconf 81' lang='lat' dir='ltr'><strong>quavis,</strong></span> <span class='ocrx_word' id='word_1_127' title='bbox 909 2398 970 2443; x_wconf 92' lang='lat' dir='ltr'><strong>non</strong></span> <span class='ocrx_word' id='word_1_128' title='bbox 984 2399 1070 2445; x_wconf 87' lang='lat' dir='ltr'><strong>secus</strong></span> <span class='ocrx_word' id='word_1_129' title='bbox 1083 2384 1330 2463; x_wconf 81' lang='lat' dir='ltr'><strong>atquelromines</strong></span> 
     </span>
     <span class='ocr_line' id='line_1_18' title="bbox 261 2484 1034 2569; baseline 0.004 -27"><span class='ocrx_word' id='word_1_130' title='bbox 261 2484 402 2567; x_wconf 82' lang='lat' dir='ltr'><strong>individui,</strong></span> <span class='ocrx_word' id='word_1_131' title='bbox 415 2489 541 2569; x_wconf 88' lang='lat' dir='ltr'><strong>proprio</strong></span> <span class='ocrx_word' id='word_1_132' title='bbox 555 2486 692 2548; x_wconf 90' lang='lat' dir='ltr'><strong>dominio</strong></span> <span class='ocrx_word' id='word_1_133' title='bbox 704 2492 752 2547; x_wconf 82' lang='lat' dir='ltr'><strong>re&#39;s</strong></span> <span class='ocrx_word' id='word_1_134' title='bbox 763 2484 915 2565; x_wconf 86' lang='lat' dir='ltr'><strong>possidere</strong></span> <span class='ocrx_word' id='word_1_135' title='bbox 928 2484 1034 2564; x_wconf 85' lang='lat' dir='ltr'><strong>potest.</strong></span> 
     </span>
    </p>

    <p class='ocr_par' dir='ltr' id='par_1_5' title="bbox 257 2584 1378 4172">
     <span class='ocr_line' id='line_1_19' title="bbox 292 2584 1328 2669; baseline 0.004 -22"><span class='ocrx_word' id='word_1_136' title='bbox 292 2589 375 2651; x_wconf 82' lang='lat' dir='ltr'><strong>Paos.</strong></span> <span class='ocrx_word' id='word_1_137' title='bbox 385 2590 502 2650; x_wconf 82' lang='lat' dir='ltr'><strong>-Jam</strong></span> <span class='ocrx_word' id='word_1_138' title='bbox 515 2604 547 2649; x_wconf 94' lang='lat' dir='ltr'><strong>n.</strong></span> <span class='ocrx_word' id='word_1_139' title='bbox 559 2588 619 2649; x_wconf 83' lang='lat'><strong>775</strong></span> <span class='ocrx_word' id='word_1_140' title='bbox 631 2591 660 2647; x_wconf 90' lang='lat' dir='ltr'><strong>et</strong></span> <span class='ocrx_word' id='word_1_141' title='bbox 669 2603 753 2665; x_wconf 84' lang='lat' dir='ltr'><strong>seqq.</strong></span> <span class='ocrx_word' id='word_1_142' title='bbox 770 2584 904 2647; x_wconf 83' lang='lat' dir='ltr'><strong>vidimus</strong></span> <span class='ocrx_word' id='word_1_143' title='bbox 916 2586 959 2647; x_wconf 91' lang='lat' dir='ltr'><strong>rei</strong></span> <span class='ocrx_word' id='word_1_144' title='bbox 972 2587 1145 2669; x_wconf 87' lang='lat' dir='ltr'><strong>cujuspiam</strong></span> <span class='ocrx_word' id='word_1_145' title='bbox 1157 2586 1328 2651; x_wconf 89' lang='lat' dir='ltr'><strong>dominium</strong></span> 
     </span>
     <span class='ocr_line' id='line_1_20' title="bbox 261 2686 1331 2768; baseline 0.007 -21"><span class='ocrx_word' id='word_1_146' title='bbox 261 2690 468 2767; x_wconf 86' lang='lat' dir='ltr'><strong>essejusillius</strong></span> <span class='ocrx_word' id='word_1_147' title='bbox 478 2690 521 2749; x_wconf 87' lang='lat' dir='ltr'><strong>rei</strong></span> <span class='ocrx_word' id='word_1_148' title='bbox 531 2689 563 2748; x_wconf 93' lang='lat' dir='ltr'><strong>in</strong></span> <span class='ocrx_word' id='word_1_149' title='bbox 574 2705 644 2748; x_wconf 85' lang='lat' dir='ltr'><strong>suos</strong></span> <span class='ocrx_word' id='word_1_150' title='bbox 655 2705 730 2748; x_wconf 91' lang='lat' dir='ltr'><strong>usus</strong></span> <span class='ocrx_word' id='word_1_151' title='bbox 740 2686 928 2761; x_wconf 81' lang='lat' dir='ltr'><strong>adhibenda,</strong></span> <span class='ocrx_word' id='word_1_152' title='bbox 943 2696 973 2748; x_wconf 88' lang='lat' dir='ltr'><strong>et</strong></span> <span class='ocrx_word' id='word_1_153' title='bbox 985 2686 1064 2749; x_wconf 88' lang='lat' dir='ltr'><strong>alius</strong></span> <span class='ocrx_word' id='word_1_154' title='bbox 1074 2692 1281 2768; x_wconf 84' lang='lat' dir='ltr'><strong>cujuscunque</strong></span> <span class='ocrx_word' id='word_1_155' title='bbox 1293 2692 1331 2754; x_wconf 91' lang='grc'><strong>11</strong></span> 
     </span>
     <span class='ocr_line' id='line_1_21' title="bbox 261 2787 1332 2868; baseline 0.006 -20"><span class='ocrx_word' id='word_1_156' title='bbox 261 2789 382 2865; x_wconf 74' lang='lat' dir='ltr'><strong>eiusdem</strong></span> <span class='ocrx_word' id='word_1_157' title='bbox 394 2808 459 2854; x_wconf 89' lang='lat' dir='ltr'><strong>usu</strong></span> <span class='ocrx_word' id='word_1_158' title='bbox 473 2787 665 2851; x_wconf 80' lang='lat' dir='ltr'><strong>excludendi.</strong></span> <span class='ocrx_word' id='word_1_159' title='bbox 680 2788 743 2851; x_wconf 88' lang='lat' dir='ltr'><strong>lloc</strong></span> <span class='ocrx_word' id='word_1_160' title='bbox 758 2794 859 2853; x_wconf 92' lang='lat' dir='ltr'><strong>autem</strong></span> <span class='ocrx_word' id='word_1_161' title='bbox 875 2790 926 2867; x_wconf 89' lang='lat' dir='ltr'><strong>jus</strong></span> <span class='ocrx_word' id='word_1_162' title='bbox 940 2788 1127 2851; x_wconf 85' lang='lat' dir='ltr'><strong>ostendimus</strong></span> <span class='ocrx_word' id='word_1_163' title='bbox 1141 2788 1245 2868; x_wconf 80' lang='lat' dir='ltr'><strong>eodem</strong></span> <span class='ocrx_word' id='word_1_164' title='bbox 1265 2792 1332 2855; x_wconf 90' lang='lat' dir='ltr'><strong>loco</strong></span> 
     </span>
     <span class='ocr_line' id='line_1_22' title="bbox 262 2887 1378 2971; baseline 0.004 -21"><span class='ocrx_word' id='word_1_165' title='bbox 262 2889 365 2952; x_wconf 85' lang='lat' dir='ltr'><strong>homini</strong></span> <span class='ocrx_word' id='word_1_166' title='bbox 378 2891 540 2953; x_wconf 83' lang='lat' dir='ltr'><strong>individuo</strong></span> <span class='ocrx_word' id='word_1_167' title='bbox 562 2891 718 2971; x_wconf 81' lang='lat' dir='ltr'><strong>provenire</strong></span> <span class='ocrx_word' id='word_1_168' title='bbox 733 2908 769 2951; x_wconf 79' lang='lat' dir='ltr'><strong>en</strong></span> <span class='ocrx_word' id='word_1_169' title='bbox 789 2887 1011 2952; x_wconf 80' lang='lat' dir='ltr'><strong>fundamentali</strong></span> <span class='ocrx_word' id='word_1_170' title='bbox 1028 2889 1092 2968; x_wconf 87' lang='lat' dir='ltr'><strong>ipso</strong></span> <span class='ocrx_word' id='word_1_171' title='bbox 1110 2893 1181 2967; x_wconf 82' lang='lat' dir='ltr'><strong>jure</strong></span> <span class='ocrx_word' id='word_1_172' title='bbox 1195 2892 1274 2969; x_wconf 92' lang='lat' dir='ltr'><strong>quod</strong></span> <span class='ocrx_word' id='word_1_173' title='bbox 1294 2893 1333 2954; x_wconf 90' lang='lat' dir='ltr'><strong>ad</strong></span> <span class='ocrx_word' id='word_1_174' title='bbox 1376 2937 1378 2942; x_wconf 68' lang='lat'>,</span> 
     </span>
     <span class='ocr_line' id='line_1_23' title="bbox 260 2987 1330 3063; baseline 0.003 -14"><span class='ocrx_word' id='word_1_175' title='bbox 260 2992 300 3050; x_wconf 86' lang='lat' dir='ltr'><strong>sni</strong></span> <span class='ocrx_word' id='word_1_176' title='bbox 312 2993 569 3054; x_wconf 85' lang='lat' dir='ltr'><strong>conservationem</strong></span> <span class='ocrx_word' id='word_1_177' title='bbox 587 2987 687 3050; x_wconf 89' lang='lat' dir='ltr'><strong>habet.</strong></span> <span class='ocrx_word' id='word_1_178' title='bbox 709 2990 812 3063; x_wconf 87' lang='lat' dir='ltr'><strong>Quum</strong></span> <span class='ocrx_word' id='word_1_179' title='bbox 837 2989 920 3048; x_wconf 86' lang='lat' dir='ltr'><strong>cuim</strong></span> <span class='ocrx_word' id='word_1_180' title='bbox 947 2987 985 3048; x_wconf 92' lang='lat' dir='ltr'><strong>ad</strong></span> <span class='ocrx_word' id='word_1_181' title='bbox 1008 3004 1072 3048; x_wconf 87' lang='lat' dir='ltr'><strong>sese</strong></span> <span class='ocrx_word' id='word_1_182' title='bbox 1095 2991 1330 3053; x_wconf 86' lang='lat' dir='ltr'><strong>conservandum</strong></span> 
     </span>
     <span class='ocr_line' id='line_1_24' title="bbox 260 3085 1334 3168; baseline 0.003 -20"><span class='ocrx_word' id='word_1_183' title='bbox 260 3091 433 3166; x_wconf 86' lang='lat' dir='ltr'><strong>quibusdam</strong></span> <span class='ocrx_word' id='word_1_184' title='bbox 450 3092 495 3152; x_wconf 89' lang='lat' dir='ltr'><strong>uti</strong></span> <span class='ocrx_word' id='word_1_185' title='bbox 515 3090 644 3168; x_wconf 85' lang='lat' dir='ltr'><strong>quilibet</strong></span> <span class='ocrx_word' id='word_1_186' title='bbox 658 3089 750 3150; x_wconf 93' lang='lat' dir='ltr'><strong>homo</strong></span> <span class='ocrx_word' id='word_1_187' title='bbox 766 3087 870 3148; x_wconf 88' lang='lat' dir='ltr'><strong>debeat</strong></span> <span class='ocrx_word' id='word_1_188' title='bbox 887 3085 1042 3162; x_wconf 87' lang='lat' dir='ltr'><strong>subsidiis,</strong></span> <span class='ocrx_word' id='word_1_189' title='bbox 1066 3104 1133 3166; x_wconf 82' lang='lat' dir='ltr'><strong>quae</strong></span> <span class='ocrx_word' id='word_1_190' title='bbox 1147 3105 1205 3150; x_wconf 90' lang='lat' dir='ltr'><strong>usu</strong></span> <span class='ocrx_word' id='word_1_191' title='bbox 1226 3105 1334 3152; x_wconf 89' lang='lat' dir='ltr'><strong>consu-</strong></span> 
     </span>
     <span class='ocr_line' id='line_1_25' title="bbox 259 3185 1333 3271; baseline 0.002 -21"><span class='ocrx_word' id='word_1_192' title='bbox 259 3198 386 3268; x_wconf 87' lang='lat' dir='ltr'><strong>muntur,</strong></span> <span class='ocrx_word' id='word_1_193' title='bbox 412 3207 536 3252; x_wconf 86' lang='lat' dir='ltr'><strong>necesse</strong></span> <span class='ocrx_word' id='word_1_194' title='bbox 550 3206 675 3271; x_wconf 87' lang='lat' dir='ltr'><strong>prorsus</strong></span> <span class='ocrx_word' id='word_1_195' title='bbox 690 3195 735 3250; x_wconf 84' lang='lat' dir='ltr'><strong>est</strong></span> <span class='ocrx_word' id='word_1_196' title='bbox 752 3187 864 3248; x_wconf 87' lang='lat' dir='ltr'><strong>horum</strong></span> <span class='ocrx_word' id='word_1_197' title='bbox 878 3185 1083 3248; x_wconf 84' lang='lat' dir='ltr'><strong>subsidiorum</strong></span> <span class='ocrx_word' id='word_1_198' title='bbox 1096 3205 1186 3248; x_wconf 87' lang='lat' dir='ltr'><strong>usum</strong></span> <span class='ocrx_word' id='word_1_199' title='bbox 1203 3189 1248 3250; x_wconf 86' lang='lat' dir='ltr'><strong>illi</strong></span> <span class='ocrx_word' id='word_1_200' title='bbox 1269 3208 1333 3254; x_wconf 85' lang='lat' dir='ltr'><strong>esse</strong></span> 
     </span>
     <span class='ocr_line' id='line_1_26' title="bbox 258 3285 1331 3372; baseline 0.003 -25"><span class='ocrx_word' id='word_1_201' title='bbox 258 3292 315 3362; x_wconf 87' lang='lat' dir='ltr'><strong>uni,</strong></span> <span class='ocrx_word' id='word_1_202' title='bbox 326 3293 377 3370; x_wconf 88' lang='lat' dir='ltr'><strong>qni</strong></span> <span class='ocrx_word' id='word_1_203' title='bbox 385 3291 571 3372; x_wconf 86' lang='lat' dir='ltr'><strong>propriasua</strong></span> <span class='ocrx_word' id='word_1_204' title='bbox 584 3289 732 3350; x_wconf 86' lang='lat' dir='ltr'><strong>industria</strong></span> <span class='ocrx_word' id='word_1_205' title='bbox 746 3294 775 3349; x_wconf 88' lang='grc'><strong>11</strong></span> <span class='ocrx_word' id='word_1_206' title='bbox 784 3285 887 3348; x_wconf 86' lang='lat' dir='ltr'><strong>labore</strong></span> <span class='ocrx_word' id='word_1_207' title='bbox 901 3287 952 3347; x_wconf 91' lang='lat' dir='ltr'><strong>illa</strong></span> <span class='ocrx_word' id='word_1_208' title='bbox 962 3291 1178 3368; x_wconf 87' lang='lat' dir='ltr'><strong>comparaverit</strong></span> <span class='ocrx_word' id='word_1_209' title='bbox 1189 3289 1251 3371; x_wconf 74' lang='lat' dir='ltr'><strong>(lib.</strong></span> <span class='ocrx_word' id='word_1_210' title='bbox 1268 3291 1331 3367; x_wconf 83' lang='lat' dir='ltr'><strong>l&#39;ll,</strong></span> 
     </span>
     <span class='ocr_line' id='line_1_27' title="bbox 258 3387 1334 3471; baseline 0.003 -22"><span class='ocrx_word' id='word_1_211' title='bbox 258 3407 313 3471; x_wconf 84' lang='lat' dir='ltr'><strong>cap.</strong></span> <span class='ocrx_word' id='word_1_212' title='bbox 331 3400 361 3470; x_wconf 90' lang='lat'><strong>1,</strong></span> <span class='ocrx_word' id='word_1_213' title='bbox 375 3398 435 3453; x_wconf 89' lang='lat' dir='ltr'><strong>art.</strong></span> <span class='ocrx_word' id='word_1_214' title='bbox 456 3389 503 3465; x_wconf 85' lang='lat'><strong>8).</strong></span> <span class='ocrx_word' id='word_1_215' title='bbox 519 3391 616 3468; x_wconf 84' lang='lat' dir='ltr'><strong>iltque</strong></span> <span class='ocrx_word' id='word_1_216' title='bbox 635 3389 746 3450; x_wconf 89' lang='lat' dir='ltr'><strong>horum</strong></span> <span class='ocrx_word' id='word_1_217' title='bbox 760 3388 885 3466; x_wconf 88' lang='lat' dir='ltr'><strong>quidem</strong></span> <span class='ocrx_word' id='word_1_218' title='bbox 900 3387 1079 3460; x_wconf 88' lang='lat' dir='ltr'><strong>mediorum,</strong></span> <span class='ocrx_word' id='word_1_219' title='bbox 1104 3405 1172 3470; x_wconf 79' lang='lat' dir='ltr'><strong>quaa</strong></span> <span class='ocrx_word' id='word_1_220' title='bbox 1190 3395 1219 3452; x_wconf 90' lang='grc'><strong>11</strong></span> <span class='ocrx_word' id='word_1_221' title='bbox 1239 3407 1334 3471; x_wconf 84' lang='lat' dir='ltr'><strong>pauca</strong></span> 
     </span>
     <span class='ocr_line' id='line_1_28' title="bbox 259 3486 1332 3572; baseline 0.003 -23"><span class='ocrx_word' id='word_1_222' title='bbox 259 3499 323 3552; x_wconf 88' lang='lat' dir='ltr'><strong>snut</strong></span> <span class='ocrx_word' id='word_1_223' title='bbox 336 3495 368 3553; x_wconf 90' lang='lat' dir='ltr'><strong>in</strong></span> <span class='ocrx_word' id='word_1_224' title='bbox 384 3498 529 3572; x_wconf 84' lang='lat' dir='ltr'><strong>promptu</strong></span> <span class='ocrx_word' id='word_1_225' title='bbox 544 3495 573 3552; x_wconf 94' lang='lat' dir='ltr'><strong>et</strong></span> <span class='ocrx_word' id='word_1_226' title='bbox 586 3507 643 3551; x_wconf 90' lang='lat' dir='ltr'><strong>usu</strong></span> <span class='ocrx_word' id='word_1_227' title='bbox 663 3495 894 3561; x_wconf 88' lang='lat' dir='ltr'><strong>consumuntur,</strong></span> <span class='ocrx_word' id='word_1_228' title='bbox 913 3486 1083 3550; x_wconf 85' lang='lat' dir='ltr'><strong>dominium</strong></span> <span class='ocrx_word' id='word_1_229' title='bbox 1106 3489 1224 3568; x_wconf 84' lang='lat' dir='ltr'><strong>quisvis</strong></span> <span class='ocrx_word' id='word_1_230' title='bbox 1241 3491 1332 3553; x_wconf 80' lang='lat' dir='ltr'><strong>horno</strong></span> 
     </span>
     <span class='ocr_line' id='line_1_29' title="bbox 258 3589 1331 3672; baseline 0.002 -20"><span class='ocrx_word' id='word_1_231' title='bbox 258 3608 305 3669; x_wconf 85' lang='lat' dir='ltr'><strong>per</strong></span> <span class='ocrx_word' id='word_1_232' title='bbox 331 3591 515 3654; x_wconf 90' lang='lat' dir='ltr'><strong>industriam</strong></span> <span class='ocrx_word' id='word_1_233' title='bbox 538 3607 676 3672; x_wconf 88' lang='lat' dir='ltr'><strong>opusque</strong></span> <span class='ocrx_word' id='word_1_234' title='bbox 702 3607 793 3650; x_wconf 86' lang='lat' dir='ltr'><strong>suum</strong></span> <span class='ocrx_word' id='word_1_235' title='bbox 820 3589 975 3666; x_wconf 85' lang='lat' dir='ltr'><strong>acquirere</strong></span> <span class='ocrx_word' id='word_1_236' title='bbox 1000 3595 1107 3669; x_wconf 88' lang='lat' dir='ltr'><strong>potest.</strong></span> <span class='ocrx_word' id='word_1_237' title='bbox 1140 3591 1178 3652; x_wconf 78' lang='lat' dir='ltr'><strong>nt</strong></span> <span class='ocrx_word' id='word_1_238' title='bbox 1203 3592 1331 3654; x_wconf 87' lang='lat' dir='ltr'><strong>alionum</strong></span> 
     </span>
     <span class='ocr_line' id='line_1_30' title="bbox 257 3687 1334 3770; baseline 0.004 -19"><span class='ocrx_word' id='word_1_239' title='bbox 257 3693 455 3770; x_wconf 91' lang='lat' dir='ltr'><strong>quorumdam</strong></span> <span class='ocrx_word' id='word_1_240' title='bbox 469 3708 535 3770; x_wconf 81' lang='lat' dir='ltr'><strong>qua</strong></span> <span class='ocrx_word' id='word_1_241' title='bbox 547 3697 577 3752; x_wconf 88' lang='lat' dir='ltr'><strong>et</strong></span> <span class='ocrx_word' id='word_1_242' title='bbox 591 3691 704 3768; x_wconf 89' lang='lat' dir='ltr'><strong>ubique</strong></span> <span class='ocrx_word' id='word_1_243' title='bbox 718 3687 832 3750; x_wconf 76' lang='lat' dir='ltr'><strong>affatim</strong></span> <span class='ocrx_word' id='word_1_244' title='bbox 844 3689 1013 3765; x_wconf 87' lang='lat' dir='ltr'><strong>abundant,</strong></span> <span class='ocrx_word' id='word_1_245' title='bbox 1034 3698 1063 3751; x_wconf 88' lang='grc'><strong>11</strong></span> <span class='ocrx_word' id='word_1_246' title='bbox 1075 3691 1161 3752; x_wconf 89' lang='lat' dir='ltr'><strong>nullo</strong></span> <span class='ocrx_word' id='word_1_247' title='bbox 1172 3710 1232 3754; x_wconf 89' lang='lat' dir='ltr'><strong>usu</strong></span> <span class='ocrx_word' id='word_1_248' title='bbox 1245 3693 1334 3755; x_wconf 89' lang='lat' dir='ltr'><strong>absu-</strong></span> 
     </span>
     <span class='ocr_line' id='line_1_31' title="bbox 258 3791 1334 3870; baseline 0.004 -17"><span class='ocrx_word' id='word_1_249' title='bbox 258 3802 390 3868; x_wconf 88' lang='lat' dir='ltr'><strong>muntur,</strong></span> <span class='ocrx_word' id='word_1_250' title='bbox 420 3793 538 3855; x_wconf 85' lang='lat' dir='ltr'><strong>nemini</strong></span> <span class='ocrx_word' id='word_1_251' title='bbox 559 3791 731 3853; x_wconf 91' lang='lat' dir='ltr'><strong>dominium</strong></span> <span class='ocrx_word' id='word_1_252' title='bbox 755 3791 944 3853; x_wconf 79' lang='lat' dir='ltr'><strong>exclusivum</strong></span> <span class='ocrx_word' id='word_1_253' title='bbox 965 3791 1079 3868; x_wconf 90' lang='lat' dir='ltr'><strong>acquiri</strong></span> <span class='ocrx_word' id='word_1_254' title='bbox 1101 3797 1206 3870; x_wconf 88' lang='lat' dir='ltr'><strong>potest.</strong></span> <span class='ocrx_word' id='word_1_255' title='bbox 1235 3795 1334 3868; x_wconf 84' lang='lat' dir='ltr'><strong>Quare</strong></span> 
     </span>
     <span class='ocr_line' id='line_1_32' title="bbox 258 3891 1335 3972; baseline 0.003 -20"><span class='ocrx_word' id='word_1_256' title='bbox 258 3891 315 3955; x_wconf 86' lang='lat' dir='ltr'><strong>haec</strong></span> <span class='ocrx_word' id='word_1_257' title='bbox 328 3895 389 3956; x_wconf 90' lang='lat' dir='ltr'><strong>alia</strong></span> <span class='ocrx_word' id='word_1_258' title='bbox 400 3899 475 3955; x_wconf 89' lang='lat' dir='ltr'><strong>sunt</strong></span> <span class='ocrx_word' id='word_1_259' title='bbox 487 3909 606 3972; x_wconf 87' lang='lat' dir='ltr'><strong>semper</strong></span> <span class='ocrx_word' id='word_1_260' title='bbox 628 3891 723 3952; x_wconf 86' lang='lat' dir='ltr'><strong>libero</strong></span> <span class='ocrx_word' id='word_1_261' title='bbox 737 3891 828 3971; x_wconf 84' lang='lat' dir='ltr'><strong>primi</strong></span> <span class='ocrx_word' id='word_1_262' title='bbox 841 3891 991 3966; x_wconf 85' lang='lat' dir='ltr'><strong>cujusque</strong></span> <span class='ocrx_word' id='word_1_263' title='bbox 1010 3891 1182 3968; x_wconf 85' lang='lat' dir='ltr'><strong>occupantis</strong></span> <span class='ocrx_word' id='word_1_264' title='bbox 1196 3895 1265 3953; x_wconf 89' lang='lat' dir='ltr'><strong>usui</strong></span> <span class='ocrx_word' id='word_1_265' title='bbox 1279 3911 1335 3955; x_wconf 83' lang='lat' dir='ltr'><strong>ex-</strong></span> 
     </span>
     <span class='ocr_line' id='line_1_33' title="bbox 258 3987 1335 4074; baseline 0.001 -18"><span class='ocrx_word' id='word_1_266' title='bbox 258 3997 359 4071; x_wconf 82' lang='lat' dir='ltr'><strong>posita.</strong></span> <span class='ocrx_word' id='word_1_267' title='bbox 377 3997 445 4055; x_wconf 88' lang='lat' dir='ltr'><strong>lluc</strong></span> <span class='ocrx_word' id='word_1_268' title='bbox 458 3994 619 4074; x_wconf 87' lang='lat' dir='ltr'><strong>pertinent,</strong></span> <span class='ocrx_word' id='word_1_269' title='bbox 632 4009 660 4054; x_wconf 85' lang='lat' dir='ltr'><strong>o.</strong></span> <span class='ocrx_word' id='word_1_270' title='bbox 672 4010 720 4072; x_wconf 69' lang='grc'><strong>9.,</strong></span> <span class='ocrx_word' id='word_1_271' title='bbox 735 3991 812 4052; x_wconf 91' lang='lat' dir='ltr'><strong>lucis</strong></span> <span class='ocrx_word' id='word_1_272' title='bbox 824 3989 932 4050; x_wconf 88' lang='lat' dir='ltr'><strong>solaris</strong></span> <span class='ocrx_word' id='word_1_273' title='bbox 945 3987 1087 4070; x_wconf 86' lang='lat' dir='ltr'><strong>haustus,</strong></span> <span class='ocrx_word' id='word_1_274' title='bbox 1101 4005 1187 4068; x_wconf 86' lang='lat' dir='ltr'><strong>aquae</strong></span> <span class='ocrx_word' id='word_1_275' title='bbox 1204 3991 1335 4057; x_wconf 86' lang='lat' dir='ltr'><strong>lluvialis</strong></span> 
     </span>
     <span class='ocr_line' id='line_1_34' title="bbox 257 4079 1141 4172; baseline -0.005 -18"><span class='ocrx_word' id='word_1_276' title='bbox 257 4101 354 4172; x_wconf 87' lang='lat' dir='ltr'><strong>potus,</strong></span> <span class='ocrx_word' id='word_1_277' title='bbox 369 4094 450 4156; x_wconf 86' lang='lat' dir='ltr'><strong>aeris</strong></span> <span class='ocrx_word' id='word_1_278' title='bbox 464 4092 810 4171; x_wconf 84' lang='lat' dir='ltr'><strong>cummunisrespiratio</strong></span> <span class='ocrx_word' id='word_1_279' title='bbox 822 4098 851 4152; x_wconf 91' lang='lat' dir='ltr'><strong>et</strong></span> <span class='ocrx_word' id='word_1_280' title='bbox 863 4088 1052 4168; x_wconf 87' lang='lat' dir='ltr'><strong>hujusmodi.</strong></span> <span class='ocrx_word' id='word_1_281' title='bbox 1066 4079 1068 4084; x_wconf 65' lang='grc'>’</span> <span class='ocrx_word' id='word_1_282' title='bbox 1139 4161 1141 4170; x_wconf 16' lang='lat' dir='ltr'><em>A</em></span> 
     </span>
    </p>

    <p class='ocr_par' dir='ltr' id='par_1_6' title="bbox 256 4191 1341 4888">
     <span class='ocr_line' id='line_1_35' title="bbox 293 4191 1336 4273; baseline 0.003 -17"><span class='ocrx_word' id='word_1_283' title='bbox 293 4197 385 4273; x_wconf 76' lang='lat' dir='ltr'><strong>ittqm</strong></span> <span class='ocrx_word' id='word_1_284' title='bbox 399 4195 463 4256; x_wconf 83' lang='lat' dir='ltr'><strong>hac</strong></span> <span class='ocrx_word' id='word_1_285' title='bbox 479 4194 583 4255; x_wconf 87' lang='lat' dir='ltr'><strong>eadem</strong></span> <span class='ocrx_word' id='word_1_286' title='bbox 607 4193 733 4270; x_wconf 88' lang='lat' dir='ltr'><strong>probant</strong></span> <span class='ocrx_word' id='word_1_287' title='bbox 746 4192 914 4252; x_wconf 87' lang='lat' dir='ltr'><strong>sociotatem</strong></span> <span class='ocrx_word' id='word_1_288' title='bbox 926 4191 1019 4253; x_wconf 87' lang='lat' dir='ltr'><strong>etiam</strong></span> <span class='ocrx_word' id='word_1_289' title='bbox 1033 4191 1199 4272; x_wconf 85' lang='lat' dir='ltr'><strong>quamlibet</strong></span> <span class='ocrx_word' id='word_1_290' title='bbox 1212 4197 1336 4259; x_wconf 87' lang='lat' dir='ltr'><strong>uuiver-</strong></span> 
     </span>
     <span class='ocr_line' id='line_1_36' title="bbox 256 4285 1335 4377; baseline 0.006 -22"><span class='ocrx_word' id='word_1_291' title='bbox 256 4311 319 4356; x_wconf 90' lang='lat' dir='ltr'><strong>sam</strong></span> <span class='ocrx_word' id='word_1_292' title='bbox 333 4313 407 4358; x_wconf 82' lang='lat' dir='ltr'><strong>vero</strong></span> <span class='ocrx_word' id='word_1_293' title='bbox 426 4295 561 4356; x_wconf 92' lang='lat' dir='ltr'><strong>dominio</strong></span> <span class='ocrx_word' id='word_1_294' title='bbox 572 4295 632 4354; x_wconf 89' lang='lat' dir='ltr'><strong>lrui</strong></span> <span class='ocrx_word' id='word_1_295' title='bbox 646 4309 743 4376; x_wconf 89' lang='lat' dir='ltr'><strong>posse.</strong></span> <span class='ocrx_word' id='word_1_296' title='bbox 767 4295 842 4354; x_wconf 80' lang='lat' dir='ltr'><strong>nam</strong></span> <span class='ocrx_word' id='word_1_297' title='bbox 850 4293 887 4372; x_wconf 73' lang='lat' dir='ltr'><strong>let</strong></span> <span class='ocrx_word' id='word_1_298' title='bbox 901 4294 966 4374; x_wconf 83' lang='lat' dir='ltr'><strong>ipsa</strong></span> <span class='ocrx_word' id='word_1_299' title='bbox 979 4293 1067 4356; x_wconf 89' lang='grc'><strong>11111</strong></span> <span class='ocrx_word' id='word_1_300' title='bbox 1086 4285 1133 4356; x_wconf 88' lang='lat' dir='ltr'><strong>sui</strong></span> <span class='ocrx_word' id='word_1_301' title='bbox 1151 4297 1245 4377; x_wconf 92' lang='lat' dir='ltr'><strong>ipsius</strong></span> <span class='ocrx_word' id='word_1_302' title='bbox 1259 4316 1335 4363; x_wconf 90' lang='lat' dir='ltr'><strong>con-</strong></span> 
     </span>
     <span class='ocr_line' id='line_1_37' title="bbox 257 4381 1337 4475; baseline 0.007 -17"><span class='ocrx_word' id='word_1_303' title='bbox 257 4397 420 4459; x_wconf 80' lang='lat' dir='ltr'><strong>servationi</strong></span> <span class='ocrx_word' id='word_1_304' title='bbox 431 4395 604 4473; x_wconf 82' lang='lat' dir='ltr'><strong>consulere3</strong></span> <span class='ocrx_word' id='word_1_305' title='bbox 618 4402 717 4475; x_wconf 85' lang='lat' dir='ltr'><strong>atque,</strong></span> <span class='ocrx_word' id='word_1_306' title='bbox 736 4399 770 4455; x_wconf 93' lang='lat' dir='ltr'><strong>ut</strong></span> <span class='ocrx_word' id='word_1_307' title='bbox 783 4411 816 4456; x_wconf 86' lang='lat' dir='ltr'><strong>se</strong></span> <span class='ocrx_word' id='word_1_308' title='bbox 835 4395 932 4474; x_wconf 89' lang='lat' dir='ltr'><strong>ipsam</strong></span> <span class='ocrx_word' id='word_1_309' title='bbox 947 4381 1112 4474; x_wconf 84' lang='lat' dir='ltr'><strong>conservet,</strong></span> <span class='ocrx_word' id='word_1_310' title='bbox 1132 4401 1337 4466; x_wconf 82' lang='lat' dir='ltr'><strong>materialibus</strong></span> 
     </span>
     <span class='ocr_line' id='line_1_38' title="bbox 257 4495 1335 4576; baseline 0.007 -18"><span class='ocrx_word' id='word_1_311' title='bbox 257 4497 441 4576; x_wconf 85' lang='lat' dir='ltr'><strong>quibusdem</strong></span> <span class='ocrx_word' id='word_1_312' title='bbox 461 4497 574 4576; x_wconf 78' lang='lat' dir='ltr'><strong>indiget</strong></span> <span class='ocrx_word' id='word_1_313' title='bbox 598 4495 718 4575; x_wconf 88' lang='lat' dir='ltr'><strong>mediis,</strong></span> <span class='ocrx_word' id='word_1_314' title='bbox 744 4510 875 4572; x_wconf 87' lang='lat' dir='ltr'><strong>quorum</strong></span> <span class='ocrx_word' id='word_1_315' title='bbox 900 4496 994 4575; x_wconf 90' lang='lat' dir='ltr'><strong>aliqui</strong></span> <span class='ocrx_word' id='word_1_316' title='bbox 1017 4516 1077 4559; x_wconf 89' lang='lat' dir='ltr'><strong>usu</strong></span> <span class='ocrx_word' id='word_1_317' title='bbox 1103 4510 1335 4566; x_wconf 85' lang='lat' dir='ltr'><strong>consumuntur.</strong></span> 
     </span>
     <span class='ocr_line' id='line_1_39' title="bbox 258 4597 1338 4679; baseline 0.009 -22"><span class='ocrx_word' id='word_1_318' title='bbox 258 4599 335 4677; x_wconf 80' lang='lat' dir='ltr'><strong>Ergo</strong></span> <span class='ocrx_word' id='word_1_319' title='bbox 350 4615 540 4679; x_wconf 78' lang='lat' dir='ltr'><strong>unaquaque</strong></span> <span class='ocrx_word' id='word_1_320' title='bbox 556 4599 635 4659; x_wconf 89' lang='lat' dir='ltr'><strong>natio</strong></span> <span class='ocrx_word' id='word_1_321' title='bbox 658 4598 797 4660; x_wconf 84' lang='lat' dir='ltr'><strong>universe</strong></span> <span class='ocrx_word' id='word_1_322' title='bbox 818 4605 939 4676; x_wconf 86' lang='lat' dir='ltr'><strong>sumpta</strong></span> <span class='ocrx_word' id='word_1_323' title='bbox 960 4597 1049 4660; x_wconf 87' lang='lat' dir='ltr'><strong>habet</strong></span> <span class='ocrx_word' id='word_1_324' title='bbox 1062 4602 1115 4679; x_wconf 89' lang='lat' dir='ltr'><strong>jus</strong></span> <span class='ocrx_word' id='word_1_325' title='bbox 1128 4602 1291 4668; x_wconf 83' lang='lat' dir='ltr'><strong>adhibendi</strong></span> <span class='ocrx_word' id='word_1_326' title='bbox 1306 4609 1338 4667; x_wconf 92' lang='lat' dir='ltr'><strong>in</strong></span> 
     </span>
     <span class='ocr_line' id='line_1_40' title="bbox 257 4699 1341 4775; baseline 0.008 -16"><span class='ocrx_word' id='word_1_327' title='bbox 257 4716 329 4761; x_wconf 85' lang='lat' dir='ltr'><strong>euos</strong></span> <span class='ocrx_word' id='word_1_328' title='bbox 343 4717 420 4762; x_wconf 88' lang='lat' dir='ltr'><strong>usus</strong></span> <span class='ocrx_word' id='word_1_329' title='bbox 441 4701 513 4762; x_wconf 88' lang='lat' dir='ltr'><strong>talia</strong></span> <span class='ocrx_word' id='word_1_330' title='bbox 533 4699 644 4775; x_wconf 91' lang='lat' dir='ltr'><strong>media,</strong></span> <span class='ocrx_word' id='word_1_331' title='bbox 669 4705 699 4759; x_wconf 91' lang='lat' dir='ltr'><strong>et</strong></span> <span class='ocrx_word' id='word_1_332' title='bbox 715 4699 753 4760; x_wconf 88' lang='grc'><strong>11</strong></span> <span class='ocrx_word' id='word_1_333' title='bbox 769 4700 945 4762; x_wconf 88' lang='lat' dir='ltr'><strong>eorumdem</strong></span> <span class='ocrx_word' id='word_1_334' title='bbox 968 4719 1027 4766; x_wconf 85' lang='lat' dir='ltr'><strong>usu</strong></span> <span class='ocrx_word' id='word_1_335' title='bbox 1052 4703 1243 4768; x_wconf 76' lang='lat' dir='ltr'><strong>excludendae</strong></span> <span class='ocrx_word' id='word_1_336' title='bbox 1263 4706 1341 4768; x_wconf 89' lang='lat' dir='ltr'><strong>alius</strong></span> 
     </span>
     <span class='ocr_line' id='line_1_41' title="bbox 260 4799 1341 4888; baseline 0.01 -27"><span class='ocrx_word' id='word_1_337' title='bbox 260 4801 361 4862; x_wconf 87' lang='lat' dir='ltr'><strong>omnis</strong></span> <span class='ocrx_word' id='word_1_338' title='bbox 383 4799 530 4880; x_wconf 84' lang='lat' dir='ltr'><strong>nationis3</strong></span> <span class='ocrx_word' id='word_1_339' title='bbox 550 4799 629 4879; x_wconf 90' lang='lat' dir='ltr'><strong>quod</strong></span> <span class='ocrx_word' id='word_1_340' title='bbox 646 4807 692 4862; x_wconf 87' lang='lat' dir='ltr'><strong>est</strong></span> <span class='ocrx_word' id='word_1_341' title='bbox 709 4801 809 4882; x_wconf 89' lang='lat' dir='ltr'><strong>ipsum</strong></span> <span class='ocrx_word' id='word_1_342' title='bbox 831 4800 1013 4867; x_wconf 85' lang='lat' dir='ltr'><strong>dominium.</strong></span> <span class='ocrx_word' id='word_1_343' title='bbox 1038 4806 1115 4867; x_wconf 79' lang='lat' dir='ltr'><strong>Aliis</strong></span> <span class='ocrx_word' id='word_1_344' title='bbox 1137 4825 1207 4870; x_wconf 80' lang='lat' dir='ltr'><strong>vero</strong></span> <span class='ocrx_word' id='word_1_345' title='bbox 1222 4807 1341 4888; x_wconf 85' lang='lat' dir='ltr'><strong>mediis,</strong></span> 
     </span>
    </p>
   </div>
   <div class='ocr_carea' id='block_1_3' title="bbox 387 4908 1183 4970">
    <p class='ocr_par' dir='ltr' id='par_1_7' title="bbox 387 4908 1183 4970">
     <span class='ocr_line' id='line_1_42' title="bbox 387 4908 1183 4970; baseline 0.011 -9"><span class='ocrx_word' id='word_1_346' title='bbox 387 4915 416 4964; x_wconf 88' lang='grc' dir='ltr'><strong>ιι.</strong></span> <span class='ocrx_word' id='word_1_347' title='bbox 1145 4908 1183 4970; x_wconf 75' lang='lat' dir='ltr'><strong>ll</strong></span> 
     </span>
    </p>
   </div>
   <div class='ocr_carea' id='block_1_4' title="bbox 0 0 1784 5675">
    <p class='ocr_par' dir='ltr' id='par_1_8' title="bbox 0 0 1784 5675">
     <span class='ocr_line' id='line_1_43' title="bbox 0 0 1784 5675; baseline 0 2"><span class='ocrx_word' id='word_1_348' title='bbox 0 0 1784 5675; x_wconf 95' lang='lat' dir='ltr'><strong> </strong></span> 
     </span>
    </p>
   </div>
  </div>
 </body>
</html>
