3559 5675
560 754 668 802 somn.
690 773 728 810 -,
750 753 834 802 rnna
855 755 1045 809 necorcnros.
1274 751 1334 828 boi

261 865 319 926 trio
331 861 488 925 subdatur.
508 863 585 924 Nam
602 862 717 923 externi
735 877 841 924 omnes
856 868 941 926 ectus
956 862 1109 950 religionis
1120 884 1154 930 ae
1168 886 1215 932 res
1226 888 1332 935 omnes

258 980 294 1026 ac
302 979 437 1044 personae
454 962 557 1024 divino
568 960 664 1024 cultui
681 945 834 1024 destinatae
847 963 966 1024 civilem
987 967 1078 1055 etiam
1091 984 1125 1030 ac
1139 970 1330 1050 temporalem

256 1063 424 1141 quamdam
433 1069 575 1125 naturam
583 1051 706 1141 habent,
721 1078 756 1123 ac
768 1061 904 1142 proinde,
924 1065 980 1126 suh
991 1064 1047 1129 lrae
1058 1069 1185 1146 rationo,
1195 1076 1330 1152 potestati

256 1166 341 1228 laice
353 1165 580 1228 suntobnoxiae.
597 1166 687 1242 Ergo,
699 1164 727 1224 si
739 1169 869 1243 potestas
883 1163 958 1230 laica
973 1167 1004 1226 in
1017 1166 1075 1230 boc
1086 1170 1157 1246 jnre
1169 1174 1331 1238 exercendo

255 1267 289 1327 in
310 1283 360 1327 res
378 1265 482 1328 ciriles
502 1282 537 1327 ac
558 1260 751 1344 temporales,
772 1263 865 1326 nullis
888 1265 1025 1330 Ecclesiae
1045 1268 1163 1348 legibus
1184 1270 1331 1351 obstringi

254 1372 366 1446 potest,
379 1371 443 1427 tum
456 1381 561 1428 ornnes
572 1363 726 1442 religionis
734 1369 817 1426 actus
827 1365 958 1445 externi,
969 1357 1035 1428 tu'm
1045 1387 1092 1432 res
1102 1386 1208 1433 ornnes
1221 1389 1255 1436 ac
1264 1389 1330 1452 per-

251 1483 337 1528 sonae
357 1466 461 1528 divino
479 1464 574 1526 cultui
590 1464 693 1525 dicatae
706 1464 920 1543 permittuntur
934 1467 996 1526 arbi
1002 1469 1056 1530 trio
1069 1468 1152 1532 laica
1166 1475 1329 1552 potestatis,

250 1581 323 1644 quaa
342 1564 381 1626 ob
401 1563 487 1624 illam
510 1563 677 1625 absolutam
695 1561 956 1643 independentiam
969 1565 1026 1626 sibi
1040 1584 1058 1628 a
1068 1568 1275 1646 gallicanisnro
1298 1575 1330 1634 in

249 1665 346 1728 rebus
365 1664 505 1727 civilibus
515 1680 550 1725 ac
567 1663 780 1752 temporalibus
793 1679 975 1740 concessam,
981 1669 1051 1745 jure
1062 1670 1169 1748 poterit
1180 1670 1217 1733 de
1230 1671 1267 1733 iis
1279 1689 1327 1736 ac·

249 1763 458 1843 tibus,‚rebus
476 1768 506 1826 et
516 1765 651 1843 personis
671 1763 708 1824 ad
720 1763 839 1825 divinas
852 1765 1013 1842 religiones
1027 1769 1255 1847 pertinentibus,
1271 1779 1330 1836 sta·

250 1873 338 1928 tuere
347 1872 503 1942 utcunque
510 1864 648 1950 voluerit,
659 1865 745 1926 nulla
757 1863 860 1941 legum
873 1865 1113 1943 evangelicarum
1137 1874 1166 1932 et
1186 1872 1328 1951 apostoli·

247 1983 355 2030 mmm
369 1967 608 2042 habitatatione,
627 1973 657 2027 et
676 1982 782 2027 eorum
798 1982 865 2044 quae
879 1967 1024 2039 sutucrit.
1041 1971 1260 2034 exsecutionem
1276 1991 1328 2052 per

247 2069 314 2129 rim
330 2082 448 2144 urgere.
464 2067 542 2143 Ergo
551 2065 725 2128 boesueticae
735 2064 946 2128 declarationis
960 2067 1057 2146 prima
1066 2085 1134 2150 pars
1146 2073 1326 2136 tcterrinram

247 2163 345 2228 totius
358 2166 513 2245 religionis
532 2170 562 2228 ot
574 2181 677 2226 rerum
689 2181 722 2226 ae
733 2178 931 2242 personarum
944 2166 1211 2232 ecclesiasticarum
1236 2175 1327 2238 serri-

247 2275 347 2330 tutent
366 2266 424 2328 sub
443 2265 526 2328 laicae
551 2265 704 2345 potestatis
726 2263 819 2344 legali
831 2264 988 2340 tyrannide
999 2265 1123 2330 inducit.

289 2367 391 2428 msera
403 2383 473 2428 vero
493 2365 630 2442 ejusdem
643 2364 753 2425 erroris
765 2379 836 2441 pars
850 2362 948 2424 tribus
966 2366 1180 2440 posterioribus
1192 2370 1327 2434 articulis

246 2466 442 2530 contentato
467 2465 714 2546 protestanticum
742 2477 866 2524 sensum
887 2461 1103 2526 individualem
1127 2483 1249 2544 prorsus
1270 2485 1326 2532 nos

246 2565 394 2647 perducat
404 2581 522 2626 neeesse
531 2570 585 2626 est.
597 2560 729 2635 Etenim,
742 2561 768 2623 si
776 2562 936 2623 auctoritas
948 2562 1049 2624 visset
1062 2559 1229 2626 infallibilis
1239 2567 1326 2630 nulla

249 2669 329 2730 inter
339 2662 525 2727 Christianos
537 2667 583 2724 est
595 2658 734 2736 visibilis,
746 2659 832 2720 nulla
845 2665 936 2720 restet
950 2659 1010 2722 alia
1020 2661 1095 2722 ratio
1110 2661 1244 2726 revelatae
1256 2664 1325 2730 doe·

247 2765 334 2824 trinae
351 2750 555 2824 discernende
575 2767 664 2839 atque
681 2755 908 2839 interpretandae
932 2775 1025 2836 quam
1041 2761 1155 2840 privata
1176 2765 1324 2844 cujusque

245 2864 408 2927 industria.
422 2864 514 2941 Atqrn
524 2879 577 2941 per
588 2868 649 2922 tres
658 2860 728 2921 illos
737 2860 916 2940 posteriores
928 2859 1070 2922 articulos
1082 2862 1216 2923 anieron
1225 2863 1324 2925 omnis

244 2962 401 3045 ejusmodi
414 2960 540 3023 obibitis
561 2960 721 3023 auctoritas
734 2957 915 3021 infallibilis.
938 2963 1012 3037 Nam
1030 2963 1157 3023 Romani
1170 2963 1323 3025 Pontificio

244 3060 606 3141 negatoresseJndieinm
618 3057 844 3135 irreformabile3
856 3059 1018 3122 concilium
1029 3076 1098 3123 vero
1108 3062 1322 3141 Episcoporum

244 3162 374 3233 nullum
392 3160 493 3232 adest;
513 3157 631 3222 etiamsi
651 3156 777 3235 educet,
795 3174 895 3219 errare
909 3162 1013 3237 potest,
1036 3164 1125 3237 atque
1139 3160 1247 3247 errarit
1262 3160 1323 3221 ali-

244 3260 388 3342 qnand03
412 3259 565 3338 quodnam
586 3259 625 3319 sit
644 3258 828 3335 legitimum,
849 3258 955 3335 nequit
976 3265 1055 3321 certo
1076 3265 1224 3337 constare,
1248 3262 1321 3338 quia

244 3360 385 3423 tenerer
396 3360 428 3419 in
441 3359 495 3419 illo
508 3357 692 3437 designando
705 3374 814 3431 errare,
834 3374 870 3417 ex
888 3355 941 3417 illa
954 3358 1109 3431 sententia,
1127 3366 1232 3439 potest.
1254 3360 1323 3441 Epi·

246 3461 332 3541 scopi
347 3460 476 3541 ,demum
497 3458 622 3539 dispersi
635 3458 709 3537 quid
727 3458 764 3519 de
775 3474 958 3536 unaquaque
976 3474 1008 3520 re
1029 3460 1171 3537 sentiant,
1183 3461 1320 3543 cognosci

244 3560 414 3627 authentice
426 3561 544 3645 nequit,
557 3560 645 3637 Ergo,
660 3564 717 3621 etc.
797 3632 800 3637 ¹
821 3622 825 3629 ,
992 3624 997 3631 ,
1119 3606 1124 3617 .
1188 3610 1192 3621 .
1301 3625 1304 3631 ,

250 3680 253 3683 ’
292 3663 380 3723 1323.
394 3662 526 3725 (ὶοιοοο.
544 3663 624 3719 t.-
636 3657 760 3737 srngnta
780 3665 810 3721 et
825 3659 933 3721 omnia
955 3659 1017 3720 haec
1035 3676 1134 3737 quea
1144 3660 1244 3742 priori
1261 3664 1323 3725 evi·

245 3762 354 3825 denter
378 3759 633 3835 demonstramus,
655 3756 898 3817 manifestissimo
919 3757 1030 3817 iterum
1050 3760 1237 3836 experientis
1256 3760 1321 3821 luc-

246 3870 342 3924 tuosae
356 3857 525 3921 testimonio
537 3857 764 3919 confirmantur.

288 3962 322 4023 1⁰
335 3962 369 4020 ln
382 3975 474 4021 causa
497 3957 735 4018 lansenistarum
756 3951 973 4035 appellantium
987 3954 1233 4017 aConstitutione
1250 3956 1323 4017 Uni·

244 4059 363 4148 penitae
376 4058 565 4120 adiuturum
584 4055 753 4118 Concilium
772 4054 873 4115 seculo
893 4054 1045 4134 superiore
1065 4056 1249 4134 apertissime
1263 4056 1322 4117 luit

246 4166 394 4249 patefacta
412 4163 521 4224 veritas
540 4163 607 4239 ejus
620 4161 664 4221 rei
675 4174 769 4237 quarn
780 4158 913 4219 emendo
928 4158 991 4220 loeo
1006 4157 1237 4235 affirmavimus,
1251 4159 1321 4223 sub-

245 4270 310 4331 lato
330 4264 444 4327 seilicet
466 4262 593 4323 Romani
618 4259 769 4321 Pontificio
790 4258 945 4319 inlellibili
964 4258 1091 4336 judicio,
1114 4258 1232 4321 nullam
1256 4276 1321 4323 esse

244 4362 381 4443 amplius
404 4363 436 4421 in
460 4358 590 4421 Ecclesia
612 4372 784 4437 supremam
810 4357 1016 4419 auctoritatem
1039 4355 1192 4419 r=iribilern
1218 4360 1262 4419 En
1286 4375 1321 4419 ex

244 4462 418 4537 Billuartio,
440 4467 512 4521 tune
534 4460 677 4537 temporis
699 4455 836 4532 florenta,
859 4473 927 4535 qun
946 4458 1120 4519 lansenisto
1140 4458 1322 4537 reponebant

246 4562 410 4629 Catholicis
423 4577 475 4623 eos
485 4548 681 4637 arguentibus
693 4555 788 4635 quod,
803 4556 1014 4619 consulationi
1031 4555 1202 4638 Enipenitur
1220 4557 1321 4619 reluc-

244 4662 519 4741 tantes,judicinm
528 4659 666 4721 Ecclesia
675 4658 822 4719 universe
835 4662 1028 4733 respuerent:
1042 4658 1191 4735 negabant
1205 4657 1249 4717 illi
1264 4658 1321 4719 scri·

245 4765 317 4829 licet
335 4758 503 4826 ullomodo
518 4764 664 4834 censure,
678 4756 757 4837 quod
781 4756 914 4836 Episcopi
931 4756 1058 4838 dispersi
1071 4758 1097 4819 ei
1111 4758 1319 4821 constitutioni
