3559 5675
468 725 529 787 590
867 739 948 786 rosit
970 739 1129 786 strumus

466 848 768 931 praetermisissemus
780 845 997 926 praejudicialis
1013 846 1135 926 praelata
1153 847 1512 908 retractarentureaanino

468 949 506 1009 ab
519 949 619 1008 ilemet
638 947 692 1024 qui
706 963 742 1006 ca
760 953 947 1025 peregerant.
962 971 977 1004 a

509 1046 904 1125 nemque,‹1utotllcscius
921 1049 1033 1110 sancte
1055 1049 1151 1128 Sedis,
1171 1049 1312 1110 Ecclesiae
1336 1049 1477 1123 universe,
1494 1057 1514 1109 et

466 1148 685 1226 iurisdictionis
697 1164 733 1208 ac
744 1146 943 1209 immunitatis
954 1150 1157 1210 ecclesiastica
1168 1149 1360 1210 indemnitati
1369 1149 1515 1210 consultum
1571 1199 1572 1204 ,

470 1251 526 1328 sit,
548 1249 587 1308 de
606 1249 781 1326 spostolicae
803 1249 985 1310 auctoritatis
1010 1249 1218 1329 plenitudine,
1239 1247 1373 1310 declarat
1394 1249 1517 1309 luimeab

469 1350 556 1412 initio
577 1355 607 1407 et
625 1354 766 1426 perpetuo
786 1346 850 1406 lore
872 1349 939 1426 ipso
956 1352 1027 1426 jure
1050 1349 1155 1424 nulla,
1179 1348 1272 1424 irrita,
1302 1348 1416 1424 manle,
1435 1346 1518 1407 ellectu

469 1465 565 1510 vacua
577 1448 679 1507 omnia
701 1453 731 1505 ct
748 1446 880 1524 singula,
902 1463 970 1524 quas
991 1455 1052 1508 mm
1067 1449 1168 1526 quoad
1179 1449 1384 1509 extensionem
1396 1449 1468 1524 jnris
1482 1465 1518 1507 re·

469 1547 569 1624 galim,
584 1560 676 1621 quain
693 1543 793 1619 quoad
815 1543 1050 1606 Declarationem
1065 1546 1102 1606 de
1120 1552 1265 1623 potestate
1282 1545 1484 1620 ecelesiastica,
1498 1559 1521 1604 ac

469 1654 600 1722 quatuor
624 1643 656 1700 in
678 1657 715 1700 ea
735 1649 889 1702 contentm
910 1643 1135 1723 propositiones,
1156 1645 1189 1704 in
1210 1659 1246 1704 eo
1267 1649 1420 1704 conventu
1437 1653 1521 1703 actast
1572 1636 1573 1682 t

470 1751 553 1821 gesta
565 1741 698 1814 luerent,
717 1747 748 1800 et
767 1741 922 1802 neminem
937 1741 974 1802 ad
992 1741 1117 1803 illorum
1134 1741 1360 1802 observantiam
1381 1743 1487 1802 teneri:
1502 1751 1522 1800 et

471 1841 672 1904 nihilominus
683 1839 721 1898 ad
730 1839 982 1900 abundantiorem
993 1842 1140 1902 cautelam
1155 1842 1317 1922 improbat,
1328 1851 1435 1917 cassat,
1449 1843 1521 1902 irnut

472 1951 503 2004 et
514 1938 652 2001 annullet
660 1945 735 2010 acta,
746 1945 829 2014 gesta
841 1940 973 2018 prelata,
984 1941 1101 2018 aliaque
1113 1943 1268 2020 premissa
1279 1945 1397 2020 omnia,
1408 1947 1522 2002 etcontra

474 2043 532 2100 ista
551 2039 649 2114 deque
664 2052 771 2096 eorum
789 2037 930 2100 nullitate
946 2053 1048 2100 coram
1061 2040 1122 2100 boo
1141 2047 1366 2118 protestatur.»

512 2141 558 2198 En
579 2138 612 2196 in
631 2151 755 2196 summa
771 2143 862 2198 totum
884 2139 1085 2217 Apostolicam
1107 2141 1375 2218 constitutionem,
1396 2140 1524 2218 ejiuipsis

474 2239 575 2302 verbis
587 2239 721 2298 retentis.

513 2339 597 2398 lindc
620 2339 662 2396 sic
683 2339 799 2398 eruitur
825 2345 882 2398 1⁸³
907 2347 1144 2416 argumentum:
1161 2341 1229 2400 llaec
1254 2341 1447 2410 constitutio,
1466 2355 1522 2416 qun

471 2455 568 2518 quum
581 2439 622 2498 sit
632 2433 671 2498 m
688 2437 831 2500 omnibus
846 2439 980 2500 ecclesiis
1001 2445 1169 2498 reverenter
1181 2447 1346 2517 acceptato,
1361 2447 1407 2502 est
1416 2439 1493 2498 etiam
1503 2441 1524 2496 in
1574 2467 1575 2470 ¹

472 2541 622 2618 gallicana
651 2540 798 2598 sententia
829 2538 980 2616 judicium
1006 2537 1144 2598 sceleste
1170 2539 1333 2600 &melicae
1369 2539 1523 2606 inlallibde‚

472 2637 622 2718 inprodct
637 2647 702 2700 acta
718 2647 748 2700 et
766 2645 850 2716 gesta
862 2638 962 2716 quoad
982 2639 1220 2700 Declarationem
1240 2639 1278 2700 de
1297 2647 1443 2718 potestate
1454 2641 1526 2700 eccle

472 2743 598 2809 sindica,
611 2756 647 2799 ac
657 2747 788 2816 quatuor
801 2741 833 2800 in
845 2757 881 2800 ea
891 2745 1046 2800 contentas
1060 2741 1289 2818 propositiones.
1307 2742 1403 2820 Atqui
1417 2740 1474 2800 buc
1484 2741 1525 2798 in·

473 2842 609 2923 probatio
629 2840 709 2900 cudit
724 2840 756 2898 in
780 2839 946 2901 doctrinam
969 2840 1064 2919 ipsam
1088 2841 1120 2899 in
1143 2840 1181 2901 ils
1205 2841 1343 2901 articulis
1371 2848 1524 2903 contentio.

471 2942 590 3004 Etenim
602 2956 638 3001 ea
653 2939 701 2999 vel
720 2938 812 2999 afficit
826 2940 993 3000 doctrinam
1011 2942 1121 3019 ipsam,
1139 2942 1189 3000 vel
1209 2940 1339 3001 modum
1362 2940 1526 3003 solummedo

471 3060 533 3121 quo
545 3040 705 3100 declaratio
723 3040 799 3099 lacta
812 3047 870 3115 est,
884 3047 915 3099 et
928 3040 1048 3100 articuli
1063 3038 1175 3100 conditi
1190 3046 1281 3117 atoue
1302 3041 1391 3101 editi.
1405 3044 1441 3101 st
1452 3042 1529 3101 mau-

472 3148 583 3203 lestum
595 3148 651 3213 est,
662 3156 731 3199 eam
743 3134 994 3217 improbationem
1013 3156 1074 3199 uon
1089 3138 1205 3201 afficere
1220 3140 1416 3203 solummodo
1426 3140 1525 3201 modun

472 3258 533 3320 quo
544 3240 705 3301 declaratio
717 3239 795 3299 lacta
815 3247 871 3314 est,
894 3239 945 3299 sed
960 3240 996 3299 ad
1022 3242 1090 3315 ejus
1101 3238 1264 3300 doctrinam
1287 3240 1403 3301 directe
1425 3256 1456 3301 ac
1473 3254 1527 3317 pre

471 3344 559 3419 cipue
579 3348 722 3417 spectare.
748 3341 839 3414 bam,
862 3338 916 3397 ubi
937 3340 1049 3399 lactum
1070 3339 1194 3417 aliquod
1215 3340 1286 3415 quis
1305 3340 1464 3418 improbat,
1485 3339 1526 3398 nisi

473 3448 575 3519 aperte
594 3440 763 3515 denuntiet,
777 3456 838 3498 non
852 3440 949 3516 ipsam
969 3456 1033 3499 rem
1054 3438 1177 3515 lacum,
1202 3438 1254 3499 sed
1268 3440 1397 3500 modum
1418 3456 1474 3517 quo
1490 3436 1527 3495 illa

472 3542 548 3599 lacta
568 3546 622 3611 est,
639 3554 658 3597 a
674 3554 707 3597 se
727 3540 865 3617 spectari,
884 3540 954 3614 ejus
968 3538 1146 3615 improbatio
1158 3540 1202 3598 sic
1218 3537 1398 3617 simpliciter
1414 3550 1526 3617 eaptestt

471 3642 609 3697 censetur
631 3634 736 3697 cadere
749 3636 782 3695 in
796 3636 894 3713 ipsam
911 3636 1118 3712 semiactum
1139 3644 1170 3697 et
1188 3636 1336 3711 significet
1349 3654 1416 3699 eam
1428 3632 1525 3696 semol

473 3739 616 3813 injustam
627 3733 750 3795 esmvel
762 3734 871 3795 laisum
881 3750 937 3813 pro
947 3734 1064 3795 diversa
1076 3734 1160 3795 illius
1172 3744 1292 3809 natura,
1307 3738 1357 3797 vel
1372 3754 1451 3799 mere
1463 3748 1525 3815 prec-

474 3838 530 3899 tice
542 3835 590 3897 vel
607 3835 787 3912 dogmatica.
813 3838 916 3912 lteque
940 3834 1118 3913 improbatio
1137 3836 1191 3897 ille
1203 3851 1267 3913 qua
1281 3838 1418 3899 Pontilox
1429 3834 1525 3907 conicit

473 3948 504 4001 et
515 3938 721 3997 ertemioncm
729 3936 810 4011 juris
825 3934 957 4011 regalia,
971 3942 1002 3995 et
1015 3934 1248 3997 declarationem
1260 3952 1330 3997 cum
1339 3934 1524 4014 queumrerti·

473 4036 563 4111 culis,
575 4034 706 4095 atlirmat
720 4034 854 4095 simulet
868 4032 956 4093 illem
971 4034 1189 4111 extensionem,
1203 4050 1272 4111 qun
1284 4036 1400 4097 ordinis
1410 4041 1524 4096 estnec

473 4136 605 4219 practici,
624 4152 691 4195 esse
708 4150 831 4214 pravam
850 4140 881 4194 et
897 4134 1046 4211 iniquam,
1065 4142 1096 4195 et
1114 4133 1194 4195 banc
1216 4135 1456 4209 declarationem,
1473 4148 1522 4211 que

474 4243 519 4296 est
532 4237 564 4293 in
576 4233 683 4295 ordine
699 4232 878 4310 dogmatico,
897 4249 964 4293 esse
981 4232 1087 4293 taleam
1103 4240 1133 4295 et
1153 4248 1319 4294 erroneam·
1333 4234 1420 4308 Quod
1434 4236 1457 4293 si
1471 4230 1523 4307 quit

474 4334 546 4395 relit
567 4334 668 4393 solum
688 4331 815 4393 modum
836 4332 881 4393 rei
903 4331 987 4393 laetis
1009 4332 1192 4411 impmbure,
1209 4340 1329 4395 tenetur
1349 4334 1380 4396 ld
1396 4336 1521 4411 uginutet

475 4433 598 4513 docere;
612 4434 685 4509 quia
699 4433 770 4493 lacti
789 4434 967 4513 improbatio
989 4434 1119 4514 simplex
1137 4452 1192 4515 per
1212 4452 1245 4497 se
1264 4436 1404 4515 idertm,
1425 4428 1520 4495 ncntl

476 4532 601 4593 modum
616 4532 756 4612 lactendi,
767 4534 820 4595 sed
832 4533 871 4595 ed
884 4550 950 4595 rem
965 4534 1085 4597 lectam.
1097 4538 1221 4602 Factum
1231 4554 1303 4601 vero
1319 4536 1519 4601 illiusdccltn·

475 4631 565 4695 nun
577 4638 607 4693 et
625 4640 756 4713 quemne
772 4632 968 4699 ertlculmum
989 4640 1037 4699 est
1053 4635 1195 4701 doctrine
1221 4638 1381 4719 cuiusdam
1397 4634 1519 4721 poliret
