3559 5675
570 777 678 822 sururs.
705 791 739 810 ψ
764 779 846 823 cisen
867 778 1002 825 uncinos.
1254 761 1315 822 §lb

292 881 582 944 Animadvertendum
593 893 714 961 qnoque
727 882 777 944 hic
798 889 860 958 est,·
871 883 1079 944 immediatum
1094 883 1187 943 istum
1201 879 1314 944 ordinis

259 983 355 1062 politici
367 983 455 1042 linem
469 982 557 1043 atine
569 983 744 1044 immediato
754 983 868 1045 ordinis
881 982 978 1045 civilis
992 999 1058 1044 essu
1072 979 1225 1043 diversum
1239 997 1247 1043 ε
1263 983 1316 1042 ille

258 1086 354 1145 etenim
376 1087 419 1144 est
437 1081 664 1144 individuorum
685 1086 898 1146 associatorum
922 1085 1048 1162 honum,
1061 1081 1316 1146 hio-vernestbo·

258 1201 320 1244 num
332 1185 531 1246 associatiunis
550 1187 709 1246 universae.
726 1186 828 1262 ltaque
849 1184 955 1246 eodem
970 1189 1065 1264 pacto,
1081 1199 1142 1262 quo
1159 1183 1317 1244 auotoritas
1365 1260 1369 1270 ι

258 1284 331 1344 debet
341 1291 453 1345 mentes
463 1285 642 1362 animosque
650 1284 686 1344 ad
699 1285 813 1346 bonum
821 1284 1046 1346 indimdnornm
1055 1281 1180 1346 civiliter
1188 1285 1317 1360 conjun-

259 1399 326 1461 gere,
339 1385 379 1445 ita
398 1383 520 1445 eosdem
543 1383 632 1445 debet
643 1383 680 1444 ad
695 1385 811 1445 bonnm
822 1385 970 1446 universae
985 1383 1186 1450 associationis
1199 1383 1317 1464 politice

258 1500 370 1544 morere.
384 1484 588 1558 Quamobrem
609 1487 710 1545 omnia
732 1499 801 1562 quae
807 1483 893 1546 libro
905 1487 937 1546 8⁰
955 1483 992 1545 de
1005 1482 1119 1543 unitate
1132 1483 1210 1543 iuter
1223 1485 1318 1544 socios

256 1581 366 1642 civiliter
387 1581 575 1660 procuranda
599 1582 745 1656 (linimus,
766 1581 802 1644 ad
828 1584 974 1644 unitatem
999 1582 1151 1662 politicam
1174 1583 1318 1642 intereos

257 1680 448 1758 perficiendam
461 1678 514 1745 hic
524 1681 700 1762 applicanda
715 1689 797 1744 sunt.

290 1779 368 1843 1027.
386 1783 454 1844 Pus.
468 1781 554 1843 502⁸.
568 1813 608 1827 -
620 1782 765 1844 Absoluta
775 1781 895 1843 libertas
909 1781 946 1843 de
959 1799 992 1844 re
1005 1781 1124 1862 politica
1140 1779 1260 1861 publice
1275 1779 1320 1840 lo-

256 1871 350 1959 quendi
362 1889 414 1945 aut
431 1881 585 1945 scribendi
598 1881 727 1944 subditis
745 1898 884 1945 concessa
896 1883 1029 1966 omnino
1047 1871 1178 1944 absurda
1201 1886 1230 1942 et
1250 1893 1318 1960 per·

256 1980 351 2043 niciosa
362 1972 417 2042 est.

287 2083 369 2142 lucr.
383 2113 420 2126 -
437 2087 469 2142 1·
491 2081 667 2142 ltbsnrdnm
686 2077 730 2142 est
742 2095 777 2142 ao
794 2082 994 2160 perniciosum
1008 2081 1180 2160 aliquorum
1194 2077 1319 2139 temeri·

255 2181 296 2238 tati
308 2180 472 2260 permittere
494 2181 571 2243 illud
586 2199 603 2242 a
616 2197 679 2258 quo
700 2181 846 2242 societatis
863 2173 1010 2243 unirersae
1027 2181 1142 2242 bonum
1161 2177 1317 2256 dependet·

254 2280 307 2337 tau
318 2283 471 2342 auctoritas
483 2280 606 2360 politica
619 2280 749 2341 naturali
761 2280 859 2341 officio
874 2286 991 2342 tenetur
1002 2279 1040 2341 ad
1054 2281 1201 2340 mentium
1214 2281 1242 2338 et
1256 2277 1320 2337 ani·
1393 2337 1396 2346 ,

256 2395 358 2440 momm
381 2383 532 2442 unitatem
555 2386 690 2460 respectu
715 2374 828 2460 politici
854 2379 967 2441 ordinis
992 2377 1222 2458 procurandam.
1251 2377 1319 2437 llaec

254 2484 336 2538 antem
354 2482 453 2542 unitas
468 2496 531 2541 non
551 2481 620 2541 aliis
639 2479 747 2541 mediis
765 2479 912 2541 constitui·
919 2483 1025 2559 potest,
1040 2494 1132 2557 quam
1147 2477 1185 2536 iis
1198 2491 1265 2554 quse
1279 2474 1317 2536 ad

255 2578 385 2640 maiorum
397 2579 585 2642 concordiam
602 2581 634 2640 in
649 2579 754 2640 ordine
767 2580 859 2642 cirico
873 2577 1062 2639 statuendam
1081 2574 1215 2637 adhiberi
1230 2587 1317 2654 opor·

256 2682 307 2737 tue
321 2681 456 2758 superius
467 2680 546 2742 libro
556 2695 613 2741 sut
622 2683 687 2757 jam
700 2679 840 2741 vidimus.
855 2679 934 2757 Ergo
947 2677 1050 2740 eadem
1062 2675 1150 2738 debet
1160 2681 1190 2737 et
1202 2689 1318 2735 errores

255 2791 308 2836 eam
318 2779 461 2842 unitatem
471 2786 681 2860 oppugnantes
691 2778 874 2860 propulsare,
886 2785 915 2839 et
927 2777 1091 2867 toritatem,
1105 2792 1174 2854 qum
1187 2773 1224 2835 ad
1239 2772 1318 2834 hanc

255 2877 382 2939 mitatem
404 2880 564 2953 celeratur,
580 2879 614 2940 in
628 2884 730 2958 aperto
748 2896 869 2959 ponere,
884 2886 914 2940 et
934 2877 1115 2941 auctoritatis
1129 2876 1201 2951 rirn,
1217 2880 1247 2936 et
1265 2890 1317 2935 se·

255 2976 515 3058 cundariaquoqne
526 2978 625 3040 media
640 2978 789 3055 utilitatis,
807 2978 914 3041 seusus
928 2994 962 3039 ac
980 2978 1153 3057 passionum
1173 2972 1316 3035 adhibere

255 3074 284 3133 ad
296 3078 431 3139 unitatem
444 3078 543 3155 illam,
565 3095 656 3156 aqua
666 3085 761 3140 totum
771 3077 918 3145 societatis
928 3076 1075 3137 universus
1086 3080 1116 3136 ot
1126 3072 1314 3150 singulorum

255 3170 348 3235 civium
359 3176 473 3239 bonum
480 3176 638 3257 dependet,
646 3175 883 3239 constituendam
896 3182 925 3236 et
934 3172 1180 3237 confirmandam.
1190 3174 1279 3250 Ergo,
1290 3170 1315 3233 si

254 3272 313 3347 quis
321 3276 452 3353 politicas
464 3277 710 3356 opinionesque
722 3277 760 3339 ad
774 3276 851 3338 banc
862 3278 1008 3338 unitatem
1019 3272 1239 3337 dissolvendam
1250 3266 1316 3335 teu'·

254 3368 323 3450 lant,
336 3374 366 3435 in
380 3376 538 3457 publicum
553 3391 693 3455 spargere
706 3377 824 3450 audeat,
839 3377 968 3467 politicae
977 3376 1141 3439 auctoritati
1153 3348 1314 3437 etvalidis‘-

254 3469 347 3533 simum
353 3478 405 3553 jus
416 3482 446 3537 et
457 3476 669 3553 gravissimum
679 3476 812 3539 officium
821 3483 866 3540 est
875 3494 926 3539 eas
936 3477 1085 3540 doctrinas
1094 3474 1310 3559 supprimendi,

254 3567 461 3637 mltnisetiam
474 3580 579 3636 carum
602 3578 715 3639 auctori
735 3576 833 3656 paenis
846 3576 1092 3656 congruentibus.
1111 3578 1192 3653 Ergo
1207 3574 1313 3635 delicte

254 3669 517 3756 opinionispolitiom
526 3675 674 3756 impunita
682 3676 853 3755 relinquare
862 3694 923 3743 nou
933 3678 1036 3739 minus
1044 3674 1208 3738 absurdum
1219 3688 1311 3754 qnam
1339 3692 1341 3699 ’

253 3773 432 3844 perniciosum
447 3780 535 3836 esset.
944 3802 948 3809 ·

285 3870 414 3936 liberum
428 3891 504 3937 saue
516 3875 627 3953 cuique
640 3883 684 3939 cat
697 3876 734 3939 de
744 3879 778 3939 're
791 3879 911 3960 politica
924 3878 1003 3961 apud
1021 3894 1106 3941 suam
1119 3882 1251 3939 mentem
1264 3879 1311 3937 ut·

255 3982 358 4049 usuque
374 3962 500 4055 opinarl.
517 3975 687 4053 nequando
699 3976 856 4058 opiniones
875 3979 940 4041 istae
957 3976 1096 4043 amentis
1109 3970 1311 4056 penetralibus

256 4067 282 4128 iu
291 4073 435 4150 publicam
446 4076 545 4138 lucem
559 4076 777 4156 producuntur,
791 4080 943 4159 falsasque
955 4078 1037 4141 ideas
1046 4078 1082 4141 de
1095 4076 1224 4160 politicis
1233 4077 1311 4153 juii-

257 4166 354 4247 busta
363 4180 405 4240 rei
414 4176 541 4258 publicu
548 4179 715 4241 commodis
724 4182 802 4244 inter
816 4184 910 4245 socios
918 4178 1110 4263 propagando
1118 4178 1239 4241 socialis
1248 4177 1311 4239 dis·

258 4270 347 4334 nomin
367 4278 483 4338 semine
505 4283 670 4357 spargunt,
690 4296 881 4359 nequaquam
894 4280 1023 4343 liberum
1040 4298 1105 4343 esse
1118 4285 1212 4361 potest
1225 4276 1262 4339 da
1278 4294 1312 4339 rs

257 4366 358 4443 politica
376 4383 528 4454 utcunque
549 4378 677 4455 opinari.
698 4382 732 4440 ln
756 4380 949 4462 opinionibus
969 4397 1098 4459 namque
1119 4381 1184 4441 istis
1203 4378 1310 4459 irrpo·

258 4468 349 4540 lulum
367 4476 533 4555 propagatis
553 4477 700 4539 universe
718 4482 852 4542 nationis
871 4498 936 4543 sors
954 4482 1040 4560 plane
1057 4480 1192 4542 vertitur.
1209 4480 1311 4539 totius

260 4573 342 4630 antem
366 4577 493 4636 nationis
518 4582 628 4638 sortem
652 4579 784 4642 audaciae
808 4598 842 4642 ao
866 4560 1002 4643 versutie
1020 4580 1158 4661 sophistae
1183 4576 1309 4656 cujusli-

261 4662 309 4743 bet,
328 4674 375 4749 qui
397 4692 459 4737 eam
482 4677 657 4755 perturbare
675 4697 710 4741 ac
734 4680 859 4760 perdere
878 4679 962 4756 velit,
982 4668 1168 4759 negligenter
1185 4678 1310 4759 permit-

261 4768 326 4840 tere,
351 4773 596 4839 absurdissimum
617 4780 746 4857 prolecto
767 4785 924 4861 est‘atqne
942 4779 979 4842 ad
1006 4780 1181 4845 societatem
1200 4778 1309 4842 socios-
