3559 5675
457 734 516 799 ¹³⁸
867 750 948 797 ιιιιιιιι
968 748 1126 797 ιιιτιίιι·ι
1175 764 1180 771 -

452 859 560 935 jussre
579 856 618 919 ul
642 856 1058 935 uentcterucognosceuduru,
1087 860 1115 914 Ιο
1136 862 1287 933 queuuus
1304 853 1358 917 ills
1370 860 1417 913 est
1437 844 1526 932 perse

458 954 523 1035 ipse
536 958 649 1019 mendo
667 956 801 1033 bonum3
823 966 857 1017 tt·
872 962 1021 1035 qrreoenus
1043 954 1097 1017 ille
1110 955 1285 1037 necessaris
1298 969 1363 1015 esse
1381 958 1476 1031 potest
1494 948 1525 1009 ul

459 1056 579 1131 negotis
597 1056 748 1118 dexterius
762 1056 902 1133 gerenda.
913 1054 1083 1133 ltequeduo
1097 1055 1222 1115 mordis
1235 1053 1421 1131 problenute
1435 1051 1465 1109 iu
1479 1048 1527 1109 hec

459 1156 1010 1231 ηοωιιιιιιιιιιοιιαιιίιιιιιιιιιιίιιιιιι
1040 1158 1069 1217 1·
1093 1160 1195 1215 utrum
1221 1151 1324 1229 alique
1347 1149 1478 1211 societati
1494 1148 1527 1207 sit

459 1254 602 1331 obligetio
618 1254 809 1332 enodem,
829 1255 1031 1318 litterutreet
1054 1244 1204 1315 teolrmm
1227 1249 1405 1331 disciplinas
1433 1248 1528 1309 indeli-

459 1357 521 1417 nite
535 1346 642 1428 insui's
654 1357 799 1421 membris
808 1354 972 1431 dilatandi;
982 1359 1013 1417 ιι
1023 1361 1126 1415 ututur
1134 1354 1261 1415 societas
1271 1358 1407 1413 tenentur
1420 1366 1526 1419 eurus,

458 1465 493 1519 ut
507 1456 732 1535 quinquennes
746 1456 918 1527 relationes,
931 1459 1015 1533 iura,
1030 1454 1173 1515 utilitates
1190 1450 1419 1529 cognoscendo,
1447 1451 1528 1510 rullo

458 1554 886 1619 nemecssinicocserreude
901 1554 991 1633 probe
1014 1559 1121 1615 nuent.
1139 1554 1335 1613 posteriorem
1350 1550 1430 1611 herto
1452 1550 1528 1611 disci·

458 1650 574 1732 pliusm
588 1652 723 1730 ciuicam,
738 1656 870 1734 priorem
883 1652 1038 1735 specialem
1054 1652 1252 1731 repellemus.

500 1753 571 1815 895.
596 1755 664 1817 Pos.
684 1750 769 1815 tec.
788 1784 819 1798 -
846 1752 950 1815 Civilis
969 1754 1131 1817 euotoutes
1142 1756 1259 1813 tenetur
1273 1766 1341 1811 eam
1353 1747 1528 1811 omuibuset

458 1850 589 1929 singulis
599 1851 900 1930 necdisciplinam,
915 1870 983 1929 qun
995 1851 1032 1913 sd
1045 1857 1121 1915 recte
1131 1867 1165 1913 ec
1176 1850 1304 1913 feliciter
1321 1848 1354 1909 in
1373 1847 1477 1909 ordine
1491 1848 1528 1907 ci-

460 1950 527 2011 rico
538 1949 702 2015 strennum
717 1950 887 2013 nereensis
905 1951 1014 2027 cuique
1032 1956 1088 2025 est,
1103 1948 1305 2031 suppetium.

501 2048 594 2111 l‘nos.
608 2048 820 2113 -Sooiotrss
834 2049 971 2111 ῦιιιιιιοιι
988 2049 1051 2129 ipsc
1066 2049 1144 2111 iuter
1156 2047 1296 2109 nomines
1308 2044 1346 2106 ed
1362 2060 1437 2107 eum
1448 2044 1527 2105 ὓιιιιι

461 2144 597 2211 institute
616 2151 672 2217 est.
684 2150 719 2209 stt
734 2160 787 2216 ens
801 2144 839 2209 etl
854 2162 1020 2223 congruens
1030 2146 1124 2223 hujus
1137 2144 1388 2209 rteeteticiutere
1403 2143 1526 2205 obtineo·

460 2241 530 2303 dsru
541 2242 662 2319 sdjuoet
677 2242 744 2319 (lis.
758 2259 803 2319 ιι,
814 2260 842 2305 o.
854 2244 897 2321 2).
914 2244 1005 2321 tuni
1020 2243 1057 2307 sd
1071 2243 1148 2309 hene
1158 2241 1330 2307 felicitatem
1342 2239 1527 2305 obtinendus

460 2342 663 2405 neceesarium
676 2342 708 2403 in
717 2342 824 2421 prinus
833 2348 891 2417 est,
900 2348 935 2405 ut
944 2341 1074 2419 quisque
1086 2356 1137 2405 ees
1147 2339 1333 2417 cognitiones
1342 2338 1528 2418 adipiscetur,

458 2439 525 2503 sins
538 2439 652 2519 quibus
663 2456 792 2516 errores,
814 2438 947 2515 irsudes,
975 2439 1140 2517 injustitias
1159 2438 1370 2519 improborum
1392 2436 1528 2501 declinere

460 2538 596 2601 nesciret
627 2538 704 2615 Ergo
718 2554 771 2600 eas
785 2538 970 2615 muliones
988 2537 1118 2613 cingulis
1144 2537 1208 2599 suis
1237 2536 1387 2603 membris
1417 2536 1528 2601 societt-

460 2637 569 2713 ciuilis,
586 2644 735 2715 quantum
758 2637 790 2699 in
812 2654 845 2699 se
865 2643 922 2715 est,
937 2636 1128 2715 suppeditare
1141 2634 1239 2701 denes.
1260 2632 1290 2700 Si
1315 2637 1403 2701 enirn
1427 2635 1527 2713 singuli

460 2735 602 2801 homines
611 2736 734 2811 debent,
752 2742 904 2813 cosumus
919 2743 1054 2815 possunt.
1066 2736 1141 2798 elios
1156 2735 1295 2801 hominos
1309 2734 1526 2817 promoveresd

461 2836 595 2898 seritutis
604 2836 967 2916 adeptionem,qustenus
980 2836 1033 2903 ille
1044 2843 1090 2901 est
1100 2836 1234 2904 merlinus
1249 2836 1286 2904 sd
1303 2840 1460 2916 pressuris
1475 2839 1528 2899 ritu

460 2935 650 3012 lelicitcteru,
674 2943 709 2999 ut
731 2937 865 3006 uidimus
888 2954 921 3002 n.
950 2937 1028 3014 759,
1056 2937 1152 3004 multo
1173 2938 1271 3014 retegis
1295 2937 1331 3000 ed
1356 2938 1416 3000 hod
1442 2938 1527 3016 ipsun

461 3038 820 3116 suessionensem,
834 3041 1090 3114 succenseret,
1105 3036 1142 3106 sd
1154 3035 1294 3101 omnium
1308 3037 1526 3114 utsiuguloruu

462 3133 622 3200 hominurn
636 3137 752 3203 bonum
763 3129 963 3201 medetur
972 3135 1142 3198 subservire
1154 3135 1253 3198 debet.

503 3235 574 3296 896.
589 3237 723 3298 corone.
738 3266 780 3280 -
801 3235 917 3296 Veritas
943 3235 1039 3314 hujus
1062 3233 1164 3312 officii,
1179 3217 1242 3312 quo
1260 3234 1360 3298 ciuilis
1382 3235 1528 3298 suctorites

460 3332 685 3409 constringitur,
698 3331 822 3396 euidens
833 3335 960 3398 omniuo
971 3338 1026 3398 est.
1038 3337 1075 3399 tt
1091 3333 1201 3398 modus
1214 3351 1275 3412 quo
1290 3335 1364 3400 huie
1378 3335 1474 3398 oilioio
1485 3350 1526 3398 ss·

463 3430 599 3492 tisisoere
612 3430 666 3492 ills
681 3431 788 3510 possit.
799 3433 936 3511 proprius
949 3434 1072 3496 omniuo
1087 3440 1132 3496 est
1143 3433 1291 3496 societatis
1303 3451 1376 3512 que
1389 3433 1525 3512 gredetin

463 3531 595 3606 majores
618 3545 653 3590 uc
672 3532 800 3609 nidores
828 3532 1017 3610 periculosis
1041 3549 1103 3594 suae
1129 3540 1228 3612 portes
1250 3536 1388 3612 emulcet
1406 3550 1416 3596 ι
1431 3533 1526 3594 ideireo

464 3627 553 3687 etiarn
569 3625 625 3686 hoc
638 3621 771 3691 officium
793 3629 1019 3692 consideremus
1044 3638 1077 3692 ut
1102 3630 1139 3692 sd
1162 3631 1310 3703 societatis
1329 3631 1524 3714 perfectiores

465 3724 565 3802 potius
581 3739 673 3800 quem
691 3731 725 3786 ut
738 3725 774 3785 etl
789 3727 855 3802 ejus
870 3725 990 3788 tutelam
1001 3729 1165 3806 pertinens.
1178 3729 1209 3788 Si
1221 3729 1304 3790 euim
1320 3731 1449 3790 societas
1460 3729 1526 3788 cises

464 3837 572 3882 omues
587 3822 628 3882 ita
639 3823 738 3885 solutu
751 3830 894 3901 tueretur,
908 3825 1079 3908 utquisque
1097 3830 1250 3890 veritatem
1267 3845 1373 3890 secure
1389 3829 1525 3906 inquirere

465 3929 575 3996 posset,
591 3919 669 3982 uihil
683 3935 757 3984 sene
770 3929 823 3984 eut
836 3925 931 3984 lerme
954 3925 1032 3986 nihil
1053 3925 1162 3986 iaceret
1175 3926 1211 3986 etl
1235 3929 1332 3989 socios
1353 3931 1386 3988 iu
1408 3925 1525 3990 veritatis

463 4019 630 4096 cognitione
640 4021 824 4100 edjussudos
839 4037 848 4082 ε
862 4024 1003 4102 quisquis
1017 4026 1097 4090 enirn
1119 4027 1272 4090 verinum
1292 4045 1393 4102 ιιοιιιι.
1415 4041 1524 4108 {liw-

465 4118 518 4178 tim
533 4120 564 4179 in
576 4119 613 4179 iis
626 4137 695 4198 que
708 4121 746 4180 ed
765 4122 1031 4187 suesutilitotesot
1044 4125 1355 4208 eommodcspectaut,
1368 4137 1398 4188 et
1410 4125 1526 4188 mnino

464 4217 529 4276 uult
541 4222 571 4277 et
581 4216 741 4294 diligenter
754 4220 873 4296 querit,
891 4221 951 4282 nisi
964 4227 1084 4283 exorna
1095 4223 1124 4284 vi
1139 4223 1331 4303 impedietur.
1346 4229 1385 4288 st
1399 4241 1465 4286 sero
1483 4239 1524 4282 so-

464 4312 556 4377 cietas
568 4312 873 4380 exectunocbouun
884 4319 992 4396 ingens
1000 4319 1108 4398 cuique
1120 4321 1236 4386 homini
1247 4323 1370 4401 prebet,
1382 4331 1416 4386 ul
1429 4320 1525 4386 seilicet

464 4409 618 4480 scritsteru
629 4410 748 4488 publice
759 4416 922 4492 espositsru
937 4432 1042 4478 omnes
1056 4418 1174 4480 societis
1191 4419 1308 4484 enitet
1323 4427 1421 4500 partes
1434 4431 1524 4500 prese

463 4505 574 4582 semul,
583 4509 622 4574 its
632 4514 667 4570 ut
677 4510 796 4573 incudes
807 4529 842 4574 so
854 4513 987 4594 deceptio
999 4516 1197 4596 impossibiles
1206 4521 1355 4597 essenus
1369 4521 1520 4602 cumeum

463 4605 606 4671 humone
624 4610 765 4686 uerutus
777 4618 856 4672 esset
873 4613 1058 4692 impossibile
1081 4635 1090 4678 ι
1113 4619 1195 4699 quod
1218 4621 1333 4686 honum
1353 4622 1474 4700 quidem
1493 4629 1521 4672 eo

460 4708 560 4783 mcjrrs
576 4707 739 4782 obtinetur,
752 4727 815 4789 quo
825 4714 925 4789 rnsjor
936 4719 982 4780 est
995 4716 1026 4776 in
1038 4733 1157 4796 queqtse
1171 4721 1310 4784 socletsle
1323 4721 1419 4786 ciuilis
1428 4717 1516 4782 cultus
