3559 5675
437 712 498 775 llll
846 724 926 771 ranas
946 721 1107 771 saranatis

439 838 525 894 cerato
546 831 785 893 mendicantium
806 846 956 905 numero,
969 829 1045 907 quin
1063 834 1197 891 crescant
1215 830 1308 891 simul
1331 830 1518 910 privatorum

439 932 579 1005 ior-tunae,
594 932 657 993 teri
674 948 824 1011 pauperes
843 929 1021 991 fraudantur
1036 929 1171 991 subsidio
1186 929 1266 1009 quotl
1281 929 1329 993 bis
1345 928 1413 991 unis
1428 928 1518 995 mise·

438 1030 566 1094 ricordia
578 1031 705 1093 divitum
716 1031 894 1094 destinabat.

477 1136 511 1193 2⁰
531 1132 687 1195 Falsorum
703 1149 868 1213 paupcmm
880 1131 1059 1195 mendicatio
1070 1134 1116 1193 est
1129 1130 1253 1211 publica
1267 1130 1350 1195 draus
1364 1138 1395 1195 et
1408 1134 1518 1214 decep·

437 1236 489 1301 tio.
507 1236 585 1311 Ergo
594 1233 659 1294 ,illa
671 1237 702 1294 et
719 1232 871 1313 publicam
885 1233 1076 1312 punitionem
1091 1236 1237 1309 meretur,
1250 1236 1279 1293 ct
1293 1231 1399 1295 idoneo
1414 1234 1519 1313 aliquo

439 1334 528 1399 modo
543 1335 575 1395 in
590 1339 744 1414 posterum
756 1334 803 1393 est
814 1330 986 1394 coercenda.
1004 1332 1134 1410 Uterque
1145 1326 1249 1395 autem
1264 1332 1319 1395 iste
1334 1332 1403 1394 linis
1417 1340 1520 1395 coacta

438 1434 607 1498 detentione
620 1432 783 1495 obtinetur.
797 1433 886 1509 Ergo,
898 1439 953 1494 etc.

478 1537 571 1599 Pnoa
591 1537 622 1594 2·
642 1547 730 1596 rans.
741 1564 781 1578 -
795 1532 900 1593 Coacta
912 1533 944 1595 in
955 1531 1084 1614 publicis
1095 1530 1234 1613 hospitiis
1248 1532 1379 1596 detentio
1390 1538 1517 1596 estsere

435 1636 577 1715 punitio:
594 1622 639 1696 est
660 1635 742 1697 enim
764 1634 891 1713 privatio
912 1632 1070 1709 libertatis,
1091 1632 1163 1695 boni
1186 1631 1324 1696 uidelicet
1344 1636 1468 1697 maximi
1487 1641 1519 1695 ct

430 1735 511 1808 ,luris
534 1734 687 1814 precipui.
710 1735 801 1812 aqui
819 1734 975 1795 nemiuem
1001 1733 1104 1795 sociali
1129 1734 1295 1797 auctoritati
1316 1735 1425 1815 punire
1449 1736 1518 1797 lieet

438 1836 496 1897 uisi
509 1833 547 1898 ob
560 1835 667 1897 sociale
681 1834 825 1896 delictum
837 1854 845 1894 a
859 1834 919 1895 veri
935 1838 1038 1897 autem
1050 1832 1191 1913 pauperis
1202 1833 1379 1896 mendicatio
1393 1835 1515 1897 nullum

437 1934 581 1995 delictum
603 1941 657 1996 est.
676 1936 752 1995 liam
775 1933 951 2011 quicunque
966 1932 1012 1993 vel
1033 1934 1218 1995 occasionem
1236 1934 1378 2014 operandi
1397 1934 1514 1997 nullam

437 2034 582 2109 inueniat,
597 2033 645 2095 vel
662 2050 718 2095 suo
732 2032 831 2095 labore
848 2038 980 2111 nequeat
991 2032 1049 2092 sibi
1062 2034 1187 2111 suisque
1199 2033 1379 2122 sufficieutia
1392 2034 1514 2114 lucrari,

434 2139 487 2215 jus
500 2135 638 2197 naturale
651 2133 742 2195 babet
755 2136 819 2214 opis
831 2132 869 2195 ab
883 2133 951 2195 aliis
965 2133 1081 2195 civibus
1096 2134 1230 2217 paranda
1243 2136 1451 2213 quovismodo
1466 2138 1515 2201 iu·

438 2236 538 2297 noxio.
553 2236 643 2311 Ergo,
656 2239 711 2296 etc.

478 2336 547 2398 855.
571 2336 703 2397 Conone.
729 2338 756 2396 1.
776 2334 884 2395 -Ubi
899 2333 1005 2397 divites
1025 2332 1208 2396 delicatiores
1220 2334 1372 2397 fastidiant
1391 2344 1516 2415 questus

438 2442 467 2498 ct
480 2452 596 2516 pannos
610 2436 862 2513 mendicantium,
875 2440 1001 2515 possunt
1016 2434 1061 2496 illl
1077 2436 1164 2497 facile
1179 2436 1305 2497 istorum
1318 2436 1516 2502 mendicatio-

437 2552 508 2604 ncm
528 2534 565 2597 tle
587 2534 688 2597 medio
706 2534 812 2596 tollere
829 2540 895 2595 tum
915 2535 1082 2595 mercedem
1104 2534 1289 2615 pauperibus
1309 2536 1515 2601 laborantibus

436 2635 585 2713 augendo,
597 2643 663 2697 tum
675 2636 734 2715 piis
748 2635 939 2695 societatibus
953 2640 981 2695 et
1000 2634 1138 2714 hospitiis
1150 2634 1307 2699 efficaciter
1323 2638 1512 2715 opitulando.

438 2738 480 2799 ita
498 2745 532 2798 ut
551 2737 615 2799 baec
628 2738 707 2799 veris
726 2736 912 2817 pauperibus
926 2742 1005 2799 certa
1026 2736 1161 2798 subsidia
1181 2738 1246 2799 sine
1269 2737 1414 2801 libertatis
1427 2740 1515 2803 detri-

439 2843 540 2898 mento
553 2836 743 2918 suppeditare
754 2835 879 2918 possint.

478 2937 608 2999 Cosam.
633 2940 663 2998 2.
677 2969 714 2982 -
730 2936 859 3016 cautela
882 2951 958 3013 quas
980 2935 1076 2997 civilis
1095 2938 1255 2998 auctoritas
1276 2937 1399 3000 adhibet
1412 2939 1448 3000 ad
1464 2957 1515 3002 aa·

437 3053 525 3100 noum
546 3043 732 3100 constantem
753 3035 971 3099 abundantiam
995 3036 1206 3114 obtinendam,
1227 3039 1413 3102 constituunt
1438 3039 1513 3102 illud

436 3138 519 3215 quod
539 3140 675 3216 regimen
690 3139 889 3201 annonarium
904 3155 958 3198 seu
975 3134 1084 3219 politia
1099 3135 1264 3198 annonario
1276 3147 1408 3202 vocatur.
1430 3141 1514 3203 lllins

437 3238 556 3315 regulas
566 3239 759 3318 particulares
768 3238 941 3300 docerenon
952 3234 987 3296 ad
999 3238 1196 3300 tasnaturale
1206 3237 1256 3300 scd
1263 3237 1301 3300 ad
1312 3237 1514 3304 OEconamiam

434 3335 592 3417 politicam
604 3339 742 3418 pertinet.
753 3333 850 3416 liujus
860 3337 952 3414 igitur
963 3343 1006 3398 est
1017 3337 1187 3414 decernere,
1196 3357 1224 3402 a.
1237 3357 1282 3419 9.,
1295 3348 1399 3402 utrum
1411 3341 1513 3405 liberis

437 3440 623 3500 commerciis
652 3454 691 3499 an
716 3436 866 3513 legalibus
887 3437 1114 3500 coercitionibus
1139 3439 1247 3502 melius
1269 3441 1362 3520 possit
1385 3459 1511 3506 annona

436 3539 521 3617 copia
539 3537 572 3598 in
587 3543 651 3599 tuto
665 3537 747 3616 poni.

477 3641 512 3700 ln
526 3637 677 3716 ejusmodi
689 3642 791 3699 tamen
808 3639 1017 3701 controversiis
1036 3637 1096 3701 duo
1109 3641 1287 3720 principiae
1300 3642 1406 3704 morali
1419 3647 1512 3710 scien·

437 3737 479 3797 tia
500 3735 679 3810 inculcanda
696 3745 788 3800 sunt:
809 3741 833 3800 l.
856 3739 980 3802 Socialis
1004 3742 1162 3802 auctoritas
1181 3741 1270 3803 debet
1291 3743 1358 3804 illas
1380 3729 1512 3812 cautelas

439 3842 621 3917 anteponere
648 3856 717 3918 quae
740 3842 879 3902 tutiorem
900 3855 1049 3904 annorum
1069 3839 1198 3904 alliciant
1217 3847 1246 3904 et
1267 3841 1359 3906 simul
1380 3844 1512 3914 minores

436 3937 583 4000 libertatis
597 3938 788 4003 limitationes
802 3939 897 4002 affert.

378 4071 381 4075 -
477 4039 514 4101 ll.
537 4041 647 4118 Quare,
661 4043 687 4104 si
701 4058 771 4104 vera
784 4049 862 4105 esset
875 4057 980 4103 eorum
994 4039 1129 4103 doctrina
1148 4042 1200 4118 qui
1213 4041 1464 4106 commerciorum
1478 4045 1513 4106 li-

436 4136 547 4200 bertate
568 4157 695 4204 annonas
716 4141 933 4203 abundantiam
952 4141 1093 4203 tutiorem
1116 4141 1180 4202 iicri
1202 4143 1385 4220 existimant,
1409 4145 1513 4212 illicita

435 4247 514 4302 esset
529 4241 634 4322 legalis
646 4246 894 4308 commerciorum
901 4244 1047 4327 coercitio.

476 4339 607 4407 Coeum.
631 4343 723 4405 3.-
745 4346 790 4406 Ex
812 4343 862 4421 bis
891 4343 1008 4406 duobus
1035 4342 1191 4424 principiis
1220 4344 1399 4423 intelligitur
1421 4350 1513 4414 etiam

434 4443 629 4522 quandonam
646 4447 738 4525 possit
754 4445 904 4524 apublica
920 4445 1093 4506 auctoritate
1107 4445 1152 4508 uel
1168 4447 1297 4507 exerceri
1311 4447 1357 4508 rel
1378 4453 1512 4528 permitti

434 4550 601 4607 mercatura
614 4545 668 4607 illa
682 4546 844 4623 malacim,
855 4563 922 4624 quae
934 4545 1043 4607 dicitur
1056 4543 1264 4624 monopolium,
1275 4552 1305 4608 et
1317 4551 1512 4626 quandonam

432 4645 556 4708 concedi
575 4645 730 4708 beultatee
741 4646 902 4727 privative
918 4646 1043 4726 possint.
1070 4647 1187 4708 Etenim
1211 4647 1379 4710 moralibus
1402 4651 1511 4716 iisdem

431 4747 586 4827 principiis
597 4747 631 4808 in
642 4747 834 4825 ejusmodira
846 4746 1049 4812 insistendum
1062 4752 1123 4826 est;
1139 4762 1206 4824 quaa
1223 4747 1370 4834 principia
1382 4749 1437 4825 illo
1449 4769 1511 4818 uno
