3559 5675
595 778 701 823 sousa.
726 798 759 808 --
785 778 868 824 ernau
888 776 1035 825 ssrrmus.
1314 760 1349 827 bl

276 884 328 945 lla
342 896 465 957 omnes,
480 888 516 945 nt
535 885 665 963 quisque
678 884 772 960 ridet,
789 888 861 945 sunt
877 897 953 946 rere
975 884 1129 944 societates
1151 884 1354 963 particulares,

277 988 440 1064 inquibus
455 985 745 1047 sociibouumillud
768 985 946 1064 particulare
968 988 1057 1064 cujus
1081 984 1246 1063 indigentia
1265 988 1355 1050 talem

276 1088 453 1147 sociantem
465 1070 592 1165 peperit,
607 1087 753 1165 reciproce
767 1087 824 1146 sibi
839 1092 1007 1165 procurent.

318 1190 391 1249 cot.
409 1190 544 1249 Conone.
561 1191 636 1246 1.-
657 1188 725 1247 Tria
744 1188 836 1263 igitur
849 1186 1077 1266 particularium
1098 1189 1271 1250 societatum
1295 1190 1359 1249 elc-

278 1288 468 1349 mentarium
482 1304 593 1365 genera
606 1287 724 1348 duobus
738 1287 853 1347 ultimis
864 1288 996 1347 articulis
1010 1290 1274 1368 consideravimus,
1290 1306 1361 1351 con·

277 1387 478 1450 suetudinem
490 1389 603 1449 scilicet
616 1388 823 1459 domesticam,
846 1388 1092 1451 communionem
1115 1391 1262 1463 utilitatis,
1278 1393 1358 1452 emi-

278 1489 386 1548 citiam
400 1489 542 1547 intimam
562 1502 570 1546 :
594 1504 662 1565 qua
681 1494 740 1547 tres
766 1486 977 1547 associationes
999 1487 1136 1565 diligenti
1158 1490 1361 1552 observatione

281 1588 384 1665 dignae
399 1592 485 1663 sunt,
498 1589 608 1667 quippe
635 1604 704 1665 quae
729 1588 761 1647 in
783 1582 923 1666 plurimis
947 1587 1014 1648 aliis
1038 1588 1226 1649 societatibus
1246 1590 1363 1651 diuerso

282 1688 374 1749 modo
387 1695 624 1768 componuntur.

321 1790 459 1851 Οοιοιι.
477 1793 550 1848 2.-
563 1788 719 1849 bistinctio
732 1788 787 1848 illa
804 1787 982 1849 facultatum
996 1789 1106 1849 mentis
1126 1794 1156 1849 et
1172 1792 1302 1868 corporis
1316 1808 1364 1851 ra-

285 1888 398 1949 tionem
408 1890 544 1949 continet
555 1888 707 1948 rariorum
723 1886 871 1963 graduum
884 1886 1010 1961 honoris
1021 1888 1054 1947 in
1065 1903 1127 1964 quo
1136 1890 1224 1949 varie
1236 1891 1363 1951 servitu-

289 1999 355 2049 tum
365 1990 484 2067 species
496 1987 656 2048 habentur.
679 1988 738 2061 Qui
756 1986 881 2064 quidem
896 1986 1019 2048 honoris
1032 1987 1143 2063 gradus
1155 1990 1280 2050 minime
1295 1997 1367 2051 sunt

288 2106 360 2149 cum
386 2087 534 2165 gradibus
555 2086 792 2165 independentiae
821 2086 1036 2147 coniundendi.
1062 2086 1163 2147 Honor
1189 2089 1300 2149 etenim
1329 2089 1367 2149 ab

289 2187 528 2266 independeutia
539 2185 708 2265 plurimum
722 2183 822 2245 differt
839 2205 846 2243 :
860 2183 957 2245 bonor
969 2186 1006 2244 ab
1020 2185 1204 2247 excellentiae
1216 2188 1366 2249 existima-

290 2290 372 2347 tione
385 2288 498 2361 oritur,
513 2284 742 2364 independentia
759 2286 912 2345 enascitur
925 2284 962 2345 ab
977 2284 1148 2361 indigentiae
1165 2289 1365 2351 immunitate.

293 2388 395 2463 ltaque
407 2387 521 2465 poterit
531 2385 602 2461 quis
616 2384 648 2443 in
661 2384 758 2461 gradu
768 2384 874 2443 intimo
884 2385 1018 2445 servieus
1035 2384 1159 2446 evadere
1175 2396 1310 2465 respectu
1320 2388 1370 2451 do-

300 2483 604 2563 minipropemodum
626 2482 842 2562 independens,
862 2482 888 2542 si
917 2482 1059 2543 dominus
1081 2484 1176 2561 magis
1199 2487 1266 2563 ejns
1281 2506 1371 2568 opera

292 2586 438 2660 indigeat,
452 2599 547 2659 quam
561 2583 625 2661 ipse
638 2582 753 2642 domiui
764 2581 881 2660 opibus.
895 2580 1084 2655 Econtrario,
1097 2583 1176 2645 alins
1185 2586 1217 2645 in
1230 2594 1370 2667 supremo

293 2686 389 2767 gradu
405 2685 542 2746 serviens
556 2683 663 2762 poterit
676 2684 708 2743 in
722 2682 804 2743 totali
816 2680 1015 2762 dependentia
1031 2686 1155 2759 versari,
1176 2688 1201 2749 si
1226 2688 1264 2749 eb
1289 2690 1371 2751 indi-

294 2788 398 2868 gentia
411 2782 617 2848 subsidiomm
631 2781 781 2862 ejusmodi
793 2779 1000 2861 sese'nequeat
1013 2780 1149 2847 liberare.

330 2896 471 2954 Conone.
484 2887 514 2946 3.
526 2917 568 2930 -
580 2885 707 2945 Ubinam
722 2882 850 2943 resideat
861 2885 1022 2944 auctoritas
1036 2887 1068 2945 in
1084 2887 1121 2946 iis
1142 2889 1372 2966 particularibus

294 2987 505 3061 societatibus,
530 2983 662 3045 vidimus
681 2985 746 3060 jam
774 2983 914 3061 superius
935 2981 1030 3062 (634).
1051 2986 1197 3046 [lominus
1219 2995 1263 3047 est
1286 2995 1372 3051 uatu-

293 3094 402 3155 raliter
415 3089 565 3168 superior,
579 3087 652 3162 quia
663 3084 839 3146 naturaliter
850 3089 895 3144 est
912 3085 1014 3144 miuus
1027 3083 1209 3163 dependens.
1222 3090 1369 3166 Attamen,

291 3194 447 3274 quoniam
460 3185 553 3250 alieni
570 3185 675 3246 auxilii
689 3185 855 3261 indigentia
865 3191 911 3244 est
923 3183 1104 3262 quandoque
1117 3190 1214 3266 major
1227 3189 1258 3248 in
1274 3195 1373 3269 coqui

293 3291 485 3376 stipendium
500 3289 587 3349 alteri
601 3285 699 3358 solvit,
712 3302 806 3364 quam
822 3285 852 3345 in
868 3302 903 3345 eo
917 3286 970 3362 qui
984 3303 1106 3367 operam
1128 3303 1213 3350 suem
1224 3291 1373 3370 stipendio

294 3395 420 3478 praebet,
436 3390 548 3451 idcirco
561 3385 791 3465 independeutia
801 3391 831 3444 et
844 3387 1051 3466 superioritas,
1062 3389 1373 3464 quandobeavolun-

296 3497 371 3557 laria
386 3489 584 3554 associatione
594 3497 790 3559 enascuntur,
814 3484 968 3546 interdum
988 3500 1006 3545 a
1029 3503 1085 3546 sue
1099 3489 1228 3550 naturali
1246 3493 1315 3554 sede
1341 3496 1373 3554 in

295 3597 391 3660 aliam
404 3591 636 3652 transieruntur.
649 3589 752 3663 ltaque
764 3583 900 3645 videmus
917 3601 995 3664 saepe
1008 3586 1131 3662 milites,
1144 3589 1290 3668 stipendio
1304 3610 1374 3654 con·

295 3699 416 3769 ductos,
429 3690 564 3767 legitime
572 3687 741 3765 superiores
753 3701 817 3745 esse
830 3685 866 3744 iis
880 3685 1053 3765 proquibus
1066 3692 1209 3766 pugnant,
1224 3696 1253 3750 et
1265 3694 1374 3770 magis-

298 3805 360 3860 tros
375 3809 444 3856 esse
459 3789 629 3868 superiores
643 3783 714 3859 illis,
740 3783 865 3864 quibus,
890 3783 926 3844 ad
949 3800 999 3844 eos
1022 3785 1200 3862 edocendos,
1227 3791 1375 3869 stipendio

298 3895 483 3960 inserviunt.
510 3889 562 3948 lle
589 3893 687 3946 tamen
703 3890 775 3944 sunt
796 3900 896 3963 pauca
911 3882 1022 3961 aliqum
1038 3888 1226 3965 exceptiones
1239 3907 1257 3949 a
1270 3895 1377 3970 regula

298 3993 452 4075 generali,
464 3991 551 4068 juxta
564 4003 654 4064 qnam
667 3985 721 4062 qni
735 3983 882 4064 stipendio
896 3991 1035 4064 operatur
1047 3991 1091 4046 est
1102 3989 1198 4064 magis
1206 3989 1376 4070 dependens

298 4115 395 4181 quam
410 4093 464 4156 ille
473 4092 528 4170 qui
542 4087 729 4168 stipendium
749 4087 846 4159 soluit,
862 4087 935 4163 quia
946 4085 1062 4147 lucilius
1076 4093 1120 4149 est
1133 4091 1266 4154 invenire
1276 4092 1377 4158 homi-

299 4219 354 4267 nes
369 4198 426 4278 qni
442 4195 523 4255 sires
538 4189 576 4250 ad
598 4187 784 4267 operandum
807 4201 901 4263 quam
919 4183 1056 4247 homines
1081 4189 1134 4266 qui
1152 4207 1222 4269 opes
1247 4193 1283 4254 ad
1314 4198 1376 4258 sol-

300 4303 438 4372 vendum
464 4295 606 4358 babeant.
637 4292 785 4353 Oriuutur
811 4294 914 4350 autern
941 4284 1001 4350 illae
1026 4306 1126 4368 pencae
1153 4293 1338 4371 exceptiones
1360 4316 1377 4359 a

299 4401 450 4492 multari
466 4391 671 4476 quorumdam
684 4406 848 4450 munerum
873 4393 991 4466 natura,
1008 4407 1075 4480 quae
1101 4391 1295 4456 essentialiter
1308 4413 1377 4459 anc-

299 4511 454 4574 toritatem
478 4495 592 4561 cculert
615 4495 653 4555 ils
667 4493 699 4552 in
715 4507 792 4570 quos
820 4490 877 4552 tale
893 4505 1006 4552 munus
1028 4491 1227 4552 exercendum
1248 4501 1303 4558 est.
1330 4498 1377 4560 Sic

299 4609 446 4688 magister
457 4605 488 4662 st
503 4597 565 4659 dux
585 4593 725 4656 militaris
745 4593 901 4669 nequeunt
913 4606 1039 4653 munere
1053 4607 1108 4652 suo
1125 4589 1225 4670 iungi,
1240 4595 1299 4655 nisi
1312 4612 1379 4658 auc

299 4713 431 4784 toritate,
445 4721 507 4786 qna
518 4700 687 4780 superiores
696 4693 879 4776 efficiuntur,
896 4695 957 4756 sint
973 4693 1086 4774 praediti
1100 4693 1151 4756 ille
1166 4696 1197 4757 in
1211 4713 1282 4758 snos
1293 4696 1378 4760 disci·
