3559 5675
476 702 536 765 eto
883 710 961 759 sums
983 710 1140 761 nannius

476 826 576 898 1297]-
594 826 672 900 Ergo
682 824 772 883 etiam
787 824 921 901 Episcopi
937 834 1008 884 suut
1025 844 1091 885 rere
1107 841 1140 885 ac
1155 822 1273 903 proprie
1288 822 1319 881 in
1332 818 1433 883 iisdem
1445 822 1521 883 carisis

475 940 527 1003 per
543 940 630 984 suom
646 923 852 983 auctoritatem
874 922 1005 1001 judices.

517 1024 610 1089 bnon.
628 1026 661 1084 2·
675 1036 763 1085 rrae.
776 1052 816 1067 -
837 1022 1013 1103 1⁰Episcopi
1036 1036 1218 1102 quocunque
1233 1039 1372 1095 numero,
1386 1024 1443 1083 sire
1460 1040 1522 1084 seor·

477 1128 535 1188 sim
547 1125 610 1189 sire
626 1127 660 1186 in
671 1124 785 1205 synodo
799 1123 982 1203 judicantes,
995 1124 1105 1186 debent
1122 1142 1139 1186 a
1158 1125 1289 1187 Romano
1305 1122 1439 1186 Pontilmc
1451 1126 1523 1205 posci,

477 1228 554 1291 idest
572 1226 672 1288 doceri
689 1225 792 1306 (1262,
814 1226 914 1303 teat).
936 1228 1014 1305 Ergo
1035 1222 1157 1287 nullum
1174 1242 1279 1286 eorum
1298 1222 1443 1303 judicium
1456 1228 1526 1303 potcst

477 1343 542 1389 esse
552 1342 646 1407 perso
658 1324 902 1407 imsorrrrobile:
922 1326 1030 1405 siquod
1040 1326 1121 1387 enim
1136 1342 1242 1387 eorum
1251 1324 1401 1403 judicium
1415 1322 1449 1383 ab
1464 1324 1526 1383 nolli

478 1434 576 1509 possm
586 1425 645 1487 alia
655 1427 687 1487 ln
694 1428 781 1487 terris
789 1426 961 1488 auctoritate
973 1412 1138 1499 reformari,
1146 1426 1210 1502 jam
1221 1424 1267 1486 llli
1278 1422 1423 1505 pollerent
1427 1424 1526 1503 judicio,

479 1530 512 1589 in
522 1526 675 1607 aliquibus
684 1527 792 1589 saltem
805 1525 897 1587 rebus
910 1526 1128 1605 ecclesiasticis,
1145 1524 1378 1607 independente,
1390 1542 1421 1585 ao
1431 1524 1527 1604 proinde

479 1644 540 1690 non
554 1633 654 1689 essent
664 1626 877 1689 universaliter
896 1644 914 1687 a
927 1630 1013 1689 Petro
1034 1625 1174 1707 pascendi
1189 1643 1223 1687 ac
1235 1624 1376 1702 docendi,
1387 1640 1437 1685 nec
1449 1626 1527 1685 Penus

479 1736 557 1791 essct
569 1728 705 1792 Ecclesia
717 1728 819 1790 doctor
829 1744 991 1807 supremus
1001 1732 1031 1789 at
1041 1726 1234 1789 universalis.

519 1834 553 1890 2·
566 1828 703 1910 Episcopi
717 1829 751 1888 in
764 1827 914 1905 synodum
928 1826 1100 1905 generalem
1115 1826 1283 1905 congregati
1299 1827 1433 1907 explicite
1444 1824 1527 1903 sapius
1575 1864 1576 1935 l

477 1929 574 1993 metati
588 1935 700 1990 anntse
710 1928 827 1989 oollam
842 1944 907 1989 rem
919 1946 1005 2009 posse
1019 1926 1127 1989 ultimo
1141 1926 1266 1989 definire
1279 1927 1406 2009 judicio,
1417 1926 1485 2007 quod
1495 1926 1530 1985 Se

478 2031 526 2091 dis
539 2029 714 2108 Apostolica
728 2028 941 2108 approbatione
952 2044 1014 2089 non
1028 2034 1112 2105 egeat
1122 2024 1170 2109 (a).
1184 2026 1321 2108 ldipsum
1337 2026 1530 2107 implicitesuot

480 2130 622 2191 contessa
642 2146 747 2191 omnes
769 2128 875 2207 synodi
900 2130 1066 2209 generales,
1092 2146 1159 2208 que
1181 2146 1310 2190 suorum
1334 2128 1530 2189 decretumne

483 2234 618 2293 Romano
637 2228 778 2292 Pontillce
797 2227 1046 2310 confirmationem
1061 2228 1261 2311 postularunt.
1280 2230 1415 2311 ldipsum
1430 2226 1530 2301 denique

481 2332 615 2409 agnoscit
625 2336 768 2411 perpetuo
782 2336 811 2390 et
824 2330 978 2409 prolitetur
999 2330 1177 2391 universalis
1195 2330 1341 2407 Ecclesia,
1354 2347 1420 2407 que
1438 2322 1530 2387 nullon

482 2434 633 2493 decretum
651 2431 815 2509 agonemli
830 2432 938 2508 quovis
958 2430 1087 2492 coneilio
1099 2431 1267 2493 contectum
1283 2432 1393 2511 accipit
1413 2436 1529 2503 umquam

484 2533 628 2593 ultimum
641 2532 845 2592 ecclesiastice
856 2530 1040 2591 auctoritatis
1049 2530 1214 2609 iudicium,
1226 2532 1285 2591 nisi
1297 2528 1374 2592 illud
1389 2528 1469 2589 luerit
1479 2520 1531 2583 Poo-

485 2630 576 2692 tilicis
589 2628 802 2709 approbatione
814 2628 980 2690 bernaium.

526 2733 604 2802 lam,
618 2732 642 2790 si
658 2730 873 2809 Episcoporom
886 2730 917 2789 in
933 2728 1104 2806 generalem
1120 2726 1268 2807 synodum
1277 2734 1444 2791 mactomm
1455 2724 1531 2785 decre-

486 2836 553 2893 tnrn
568 2829 688 2893 nultum
709 2834 755 2892 ost
775 2827 1005 2906 irreformabile,
1026 2845 1043 2888 a
1063 2828 1177 2890 fortiori
1200 2828 1349 2892 carebunt
1362 2847 1396 2890 ea
1412 2824 1531 2890 moenia

488 2929 738 2993 immutabiliori
757 2945 948 3008 quacunque
968 2929 1105 3008 Episcopi
1119 2931 1244 2991 seorsim
1262 2929 1434 3010 judicantes
1448 2923 1532 2988 musti·

487 3031 610 3092 brenm.
626 3033 715 3106 Ergo,
733 3035 789 3090 cto.

527 3132 560 3192 3ο
573 3129 727 3191 Nonnulla
740 3128 955 3209 Episcoporum
973 3129 1098 3191 concilia
1111 3127 1159 3189 rel
1177 3127 1331 3206 generalia
1345 3129 1392 3190 vel
1405 3132 1472 3189 certe
1488 3121 1530 3182 re·

487 3230 684 3308 quentiasima
697 3235 848 3306 errarunt,
867 3227 1031 3289 latentibus
1051 3228 1193 3290 omnibus
1207 3229 1373 3309 catholicis,
1393 3227 1442 3306 qui
1457 3227 1483 3284 in
1494 3221 1530 3281 loc

441 3361 444 3365 ·
488 3347 616 3392 nomem
640 3329 779 3390 unanimi
801 3345 951 3390 consensu
974 3335 1125 3409 reponunt
1146 3331 1337 3392 ariminense
1359 3331 1530 3391 sexcentorum
1575 3355 1576 3372 r

489 3429 1529 3512 Episcoporum,Ephesionmsecundumgeneraleaclrequentissimuu,
1575 3511 1576 3514 Ἴ

489 3529 853 3608 scnsmmioopolitanum
876 3536 1076 3592 trecentomm
1090 3529 1264 3609 pontificum
1280 3531 1339 3592 sub
1359 3533 1450 3593 Leone
1461 3527 1529 3600 iope

488 3637 584 3692 ratom
592 3629 817 3708 mcolooctaro,
831 3637 862 3693 et
873 3630 931 3692 alia
945 3631 1103 3712 complura
1115 3631 1166 3712 (ὸ).
1181 3633 1270 3708 Ergo,
1286 3637 1343 3694 etc.

529 3733 619 3795 130⁹.
634 3732 765 3794 ὒοιοιι.
788 3735 816 3792 l.
833 3761 873 3778 -
887 3731 1011 3794 blirilice
1033 3731 1126 3808 igitur
1139 3729 1287 3793 falluntur
1308 3733 1331 3794 ii
1345 3731 1409 3812 qui,
1429 3719 1522 3789 haecdu

489 3831 578 3912 plane
587 3832 703 3894 diversa
717 3833 887 3905 miscentes,
901 3837 1073 3914 potestatem
1078 3829 1276 3911 judiciariam
1288 3839 1316 3894 et
1321 3829 1465 3914 judiciam
1478 3826 1529 3883 rire·

489 3932 655 4017 fmilia,
680 3934 737 3995 lroc
750 3935 814 4014 ipso
827 3933 908 4012 quod
927 3935 1063 4015 Episcopi
1076 3939 1149 3995 sunt
1163 3951 1232 3996 rere
1247 3940 1276 3996 ot
1287 3934 1403 4018 proprie
1417 3933 1445 3992 in
1457 3921 1528 3990 Eulr

490 4038 536 4096 sie
544 4034 673 4116 judices,
690 4036 863 4095 existimant
878 4033 1102 4097 immutabilem
1117 4033 1294 4096 eorumdem
1313 4033 1477 4097 sententiam
1487 4036 1529 4084 csse

490 4141 634 4216 oportere.
646 4135 861 4213 Episcopomm
876 4135 988 4196 scilicet
1001 4135 1158 4196 auctoritas
1178 4136 1278 4196 omnis
1292 4151 1387 4216 quum
1400 4131 1435 4194 sit
1444 4129 1529 4208 protr-

489 4235 565 4296 onio
582 4235 710 4294 Romani
729 4233 879 4296 Pontificis
896 4235 965 4313 jure
980 4233 1083 4295 divino
1103 4233 1310 4310 subordinate,
1331 4235 1418 4295 etiam
1435 4227 1529 4310 potestas

491 4347 597 4394 conam
609 4331 774 4413 judicialis,
788 4349 857 4410 que
870 4349 934 4394 una
951 4349 1022 4414 pars
1035 4338 1081 4394 est
1094 4333 1271 4416 episcopalis
1284 4329 1464 4400 auctoritatis,
1472 4317 1528 4400 juti·

491 4431 559 4496 ciali
572 4431 708 4514 potestati
719 4447 869 4512 suprema
880 4433 1009 4494 ltomani
1020 4433 1188 4496 Protarcho
1194 4433 1264 4514 jore
1278 4431 1377 4497 dirim
1387 4427 1484 4492 subdita
1491 4423 1525 4480 cti·

523 4584 559 4647 lo)
569 4581 606 4635 Gt,
617 4576 707 4630 llnlcb.
716 4579 777 4633 Can.
788 4581 824 4634 Dc
835 4581 886 4634 loc.
902 4581 979 4634 tbrol.
991 4581 1036 4634 lib.
1046 4585 1070 4642 5,
1080 4597 1137 4648 cap.
1151 4587 1175 4638 l.

524 4649 607 4716 (titul,
618 4651 727 4702 litam
738 4651 910 4702 meteuarttce
923 4661 1097 4736 monumenta.
