3559 5675
567 746 674 792 sonus.
697 768 734 777 -
757 748 839 793 cissa
860 750 1051 797 ououscnrus.
1279 708 1336 795 tot

286 846 377 921 (1279,
390 844 487 907 coroll.
501 848 540 923 l).
553 850 604 909 lla
616 868 686 910 vero
698 852 848 938 societates
863 854 976 915 ordinis
991 854 1153 915 materialis
1164 854 1339 933 ampliorem

284 942 364 1004 aliam
380 950 409 1005 et
420 948 602 1025 superiorem
618 950 724 1010 ineunt
737 954 906 1012 societatem
920 952 1034 1014 ordinis
1043 954 1216 1033 spiritualis,
1233 967 1341 1030 nempe

283 1031 441 1119 Ecclesiam,
469 1060 536 1122 quae
555 1048 709 1126 proprium
723 1050 812 1111 etiam
834 1048 995 1129 babet‚'ex
1014 1051 1117 1113 divina
1142 1052 1340 1122 institutione,

282 1142 445 1223 principem,
460 1148 654 1225 propriasque
669 1149 761 1226 leges,
770 1152 842 1228 jura
856 1158 885 1211 et
897 1152 985 1212 vires.
1002 1153 1105 1229 Neque
1120 1166 1279 1231 supremus
1289 1151 1343 1211 Ec·

280 1238 368 1304 clesia
382 1244 528 1325 princeps,
544 1264 598 1327 per
613 1246 690 1310 hauc
706 1248 873 1311 christiana
892 1250 1072 1313 ethuarchiae
1088 1252 1342 1321 constitutionem,

281 1343 407 1420 acquirit,
429 1362 465 1407 ex
489 1348 532 1407 rei
554 1356 674 1425 natura,
695 1366 869 1431 supremam
893 1368 1015 1429 quoque
1032 1352 1148 1413 ordinis
1178 1351 1344 1412 materialis

278 1444 470 1507 suanensem
490 1448 736 1513 ethuarclricam:
759 1466 793 1511 ac
811 1450 908 1512 multo
929 1453 1032 1512 minus
1050 1458 1176 1531 possunt
1194 1450 1344 1532 principes

279 1544 426 1607 nationum
445 1546 478 1607 ln
495 1547 626 1610 Ecclesia
646 1552 882 1613 consociantem
905 1554 1110 1614 auctoritatem
1128 1550 1241 1614 ordinis
1259 1550 1348 1630 spiri·

279 1636 361 1705 tualis
373 1648 528 1725 acquirere
534 1672 543 1726 3
559 1650 705 1727 quiahac
717 1650 879 1729 spiritualis
893 1654 1053 1714 auctoritas
1065 1652 1263 1733 jamcmnino
1274 1655 1348 1711 esta

277 1738 370 1807 divino
384 1747 523 1809 Ecclesia
536 1748 693 1811 conditore
709 1751 949 1813 determinatam
970 1755 1056 1814 certis
1072 1753 1207 1832 personis
1227 1747 1344 1829 (tado).

277 1836 347 1919 Ergo
356 1844 433 1908 bina
448 1847 510 1909 illa
523 1850 722 1924 auctoritates,
732 1852 897 1929 spiritualis
909 1840 938 1913 et
952 1852 1125 1923 materialis,
1138 1854 1170 1912 in
1179 1851 1348 1912 christiana

276 1940 454 2008 ethuarchiae
477 1950 701 2027 constitutione,
721 1952 847 2011 minime
866 1954 1093 2032 permiscentur,
1118 1952 1170 2013 sed
1193 1954 1349 2012 remanent

274 2040 527 2121 planedistineta‚
540 2066 601 2109 nou
616 2050 715 2111 solum
733 2050 764 2111 in
780 2064 836 2112 sua
855 2066 984 2130 quaque
1003 2058 1124 2129 natura,
1143 2050 1299 2113 sedetiam
1313 2048 1347 2109 in

274 2146 401 2219 personis
414 2164 487 2227 qua
504 2149 571 2210 illas
584 2150 745 2230 possident.
759 2154 848 2229 Ergo,
861 2159 918 2213 etc.

311 2246 396 2311 teat.
419 2248 560 2313 Conocn
580 2284 620 2297 -
642 2248 808 2314 Christiana
830 2252 1005 2315 ethnarcbia
1026 2252 1114 2315 debet
1138 2253 1269 2333 protecto
1297 2263 1349 2312 eas

274 2348 354 2425 sequi
372 2348 469 2429 leges,
487 2368 563 2429 quas
574 2352 750 2430 generaliter
763 2349 839 2414 libro
854 2355 906 2414 xn
922 2352 959 2413 de
975 2351 1151 2416 ethnarchia
1168 2359 1351 2430 quacunque

271 2442 468 2527 disputantes,
495 2452 666 2512 statuimus.
693 2452 787 2529 igitur
805 2469 947 2532 suprema
967 2456 1034 2529 ejus
1053 2452 1213 2513 auctoritas
1233 2456 1350 2528 tempo-

273 2544 351 2625 ralis,
373 2548 411 2610 ad
440 2550 534 2611 tinem
555 2552 742 2613 materialem
762 2552 1003 2631 persequendum
1025 2552 1184 2626 destinata,
1206 2532 1350 2611 residebit

270 2642 300 2703 ln
316 2648 418 2709 sociali
439 2664 563 2729 corpore
579 2652 733 2727 universo,
757 2652 789 2711 iu
805 2650 940 2713 concordi
955 2650 1069 2713 scilicet
1084 2652 1242 2712 cadonum
1257 2647 1352 2709 socia·

273 2750 367 2807 emm
378 2748 540 2811 voluntate
553 2750 670 2830 (1227);
685 2768 753 2829 qua
764 2752 887 2828 quidem
898 2754 984 2812 socia
997 2752 1132 2812 nationes
1146 2754 1270 2829 possunt
1282 2762 1350 2809 cam

271 2859 447 2926 supremam
463 2849 665 2913 auctoritatem
683 2851 731 2912 vel
748 2868 853 2913 omnes
871 2851 964 2913 simul
985 2853 1184 2914 communiter
1209 2849 1356 2911 adminis-

269 2949 358 3025 trare,
367 2949 419 3012 rel
435 2950 493 3010 uui
507 2955 560 3010 aut
574 2949 712 3029 pluribus
725 2951 911 3032 principibus
921 2949 1117 3028 committere,
1125 2957 1161 3010 ut
1167 2953 1233 3027 jam
1246 2948 1351 3010 melem

269 3043 346 3109 libro
358 3047 525 3110 docuimus
541 3046 658 3128 (tata).

307 3144 400 3210 teat.
416 3151 488 3212 Pes.
501 3149 584 3210 633⁸.
600 3181 635 3194 ·-
650 3149 797 3227 Suprema
810 3149 968 3211 auctoritas
981 3147 1173 3210 ethnarchice
1182 3149 1353 3226 temporalis

268 3246 299 3306 in
309 3247 541 3311 christianitate
554 3253 600 3310 est
607 3247 802 3310 essentialiter
810 3263 959 3329 suprema
969 3247 1137 3310 auctoritati
1146 3247 1353 3310 ecclesiastice

264 3345 476 3410 tttbordiuste.

304 3450 405 3512 Paos.
422 3476 466 3496 -·
480 3447 650 3511 Christiana
668 3449 843 3511 ethuerchie
863 3467 926 3512 nou
948 3451 1008 3512 alio
1032 3451 1230 3528 conjungitur
1248 3447 1352 3510 sociali

264 3549 404 3627 cinctio,
419 3565 514 3628 msam
527 3551 681 3611 communi
699 3547 757 3611 tide
770 3544 934 3612 christiana
947 3557 977 3612 et
995 3552 1152 3612 communi
1168 3549 1350 3627 obligatione

264 3649 440 3712 utilitatum
454 3649 591 3712 ltccleda
604 3647 786 3711 tuendarum
804 3665 838 3711 ac
855 3649 1128 3730 promovendarum
1147 3648 1352 3710 auctionibus

262 3739 389 3814 maus
406 3757 545 3830 suscepta
563 3749 670 3829 (12783
689 3749 777 3826 1279,
800 3765 861 3812 cor.
880 3748 919 3827 1).
944 3751 1020 3825 Ergo
1032 3756 1095 3810 tota
1116 3748 1180 3809 hac
1195 3749 1351 3810 associatio

263 3851 481 3931 ttbnerchtca‚
499 3855 626 3930 ejusque
643 3853 786 3930 operatio,
799 3839 997 3911 essentialiter
1015 3855 1087 3909 sunt
1104 3847 1302 3908 subordinate
1314 3847 1352 3908 ad

262 3949 472 4014 christianam
484 3951 585 4028 tidem,
600 3951 796 4030 Ecclesiaeque
809 3951 972 4025 utilitatas3
985 3949 1139 4026 sicutipse
1151 3943 1215 4006 hato
1229 3947 1352 4007 ethuar·

263 4051 338 4114 chia
358 4067 426 4116 non
444 4053 543 4114 existit
560 4053 618 4113 nisi
639 4059 761 4134 propter
782 4051 872 4111 fidem
885 4050 1080 4112 christianam
1102 4055 1190 4124 atque
1213 4045 1353 4107 Ecclesiae

262 4153 433 4216 utilitates.
445 4155 536 4232 Atqui
548 4152 641 4215 solius
654 4151 835 4214 auctoritatis
849 4150 1015 4232 spiritualis
1027 4152 1059 4209 in
1073 4146 1296 4211 christianitate
1305 4153 1353 4208 est

264 4255 478 4320 determinare
492 4275 560 4337 qua
570 4257 606 4320 ad
618 4257 706 4319 tidem
718 4256 923 4330 christianam,
935 4271 1004 4333 quaa
1016 4251 1054 4314 ad
1067 4249 1352 4314 Ecclesiautditates

262 4361 449 4437 pertineant
470 4357 572 4436 (1260)
581 4373 594 4435 ;
614 4363 687 4418 sunt
701 4358 783 4419 enim
795 4355 858 4418 hac
875 4354 989 4416 ordinis
1011 4353 1099 4432 plane
1118 4349 1282 4431 spiritualis
1289 4370 1299 4428 ;
1319 4365 1353 4409 ac

263 4454 405 4536 proinde
421 4464 499 4520 totus
514 4459 577 4538 ipse
596 4459 677 4534 linis,
694 4465 852 4536 totumque
871 4457 1021 4534 objectum
1039 4453 1207 4515 christiana
1227 4449 1353 4511 ethaer-

261 4559 344 4618 chiee
359 4561 491 4637 ejusque
505 4559 710 4638 operationum
728 4558 783 4618 uni
797 4555 966 4617 ¹auctoritati
990 4553 1192 4615 ecclesiastica
1212 4551 1351 4611 subsunt.

260 4649 351 4736 Ergo
367 4659 462 4719 etiam
479 4659 544 4738 ipsa
561 4657 748 4719 cthnarchira
768 4655 926 4716 auctoritas
947 4653 1119 4733 temporalis
1142 4653 1268 4729 ejusque
1287 4667 1355 4732 ope-

259 4761 347 4823 ratio
362 4757 403 4820 in
415 4757 633 4822 (hristianiteta
649 4757 779 4819 subsunt
797 4755 964 4819 auctoritati
974 4755 1193 4841 emisissem..
