3559 5675
419 713 461 776 li
790 752 795 759 ·
821 728 902 775 mars
921 724 1081 775 samniam
1120 728 1122 735 ·

460 834 622 897 Asmciatio
633 834 838 895 edessenus
845 832 1000 913 principiis
1016 836 1047 890 et
1061 826 1315 891 meorumnam
1326 832 1492 909 etoperum

419 935 665 996 communionem
688 934 818 1014 pariens
832 938 956 995 vocatur
976 928 1123 1006 micitia,
1137 944 1191 990 seu
1210 926 1330 989 mettim
1342 926 1491 989 emmelis.

421 1035 495 1107 Qum
512 1034 635 1111 quidem
651 1034 961 1117 mustea-convictum
979 1046 1083 1093 eornm
1094 1022 1317 1091 individuorum
1332 1018 1493 1107 physicum

421 1149 494 1195 saue
505 1134 695 1213 paratiquod
711 1140 842 1213 tempos,
860 1141 894 1194 ot
911 1136 1069 1211 jungatur,
1090 1128 1257 1191 nemssario
1274 1126 1415 1207 postulat.
1438 1128 1497 1189 Sed

422 1232 476 1292 ubi
496 1233 591 1295 mmel
609 1249 646 1294 ea
663 1234 754 1295 tuerit
774 1231 941 1305 efformata,
956 1228 1107 1291 materiali
1124 1226 1261 1289 convicio
1284 1242 1345 1287 non
1364 1224 1500 1307 amplius
1610 1264 1611 1269 κ

422 1339 499 1410 eget,
509 1332 563 1396 sed
573 1334 639 1395 sine
650 1334 757 1395 morali
771 1350 807 1395 eo
817 1332 1041 1409 convictuque
1054 1326 1455 1405 duoamicisempermente
1470 1330 1500 1386 et

421 1433 524 1495 auimo
536 1439 578 1510 et,
593 1440 743 1512 quantum
759 1438 896 1513 pessunt,
910 1432 1001 1493 etiam
1014 1427 1146 1509 corporis
1160 1426 1328 1507 presentia,
1344 1425 1497 1505 eonjsmcti

421 1540 504 1609 sunt,
515 1534 678 1595 oonsistsre
691 1534 795 1612 utique
808 1550 870 1594 nen
881 1536 986 1613 potest.
1412 1550 1416 1557 ·

461 1635 533 1698 792.
547 1636 617 1698 Pes,
633 1636 693 1697 379
702 1647 727 1695 ⁸.
740 1666 782 1683 -
795 1634 949 1697 societatis
962 1628 1095 1693 amicalia
1109 1628 1190 1705 leges
1206 1632 1278 1690 sunt
1299 1636 1495 1708 personarum

423 1731 582 1809 honestas,
606 1739 712 1795 muma
733 1734 872 1809 devotio,
898 1738 1045 1795 secretum
1066 1726 1238 1789 amicalium
1260 1726 1441 1789 relationum
1467 1733 1498 1788 et

422 1831 517 1911 hujus
531 1834 634 1895 secmti
650 1835 842 1913 perpetuitas.
955 1870 958 1877 .

463 1936 589 1996 bruc.
610 1962 651 1979 ·-
684 1935 814 1997 Societas
842 1934 997 2010 amicalis,
1024 1940 1060 1995 ut
1080 1950 1117 1997 ex
1146 1929 1325 2012 precedenti
1348 1928 1498 2009 positione

422 2038 549 2110 nonant,
560 2033 649 2110 longe
664 2035 791 2097 arctima
802 2036 925 2097 mocula
942 2036 1020 2097 inter
1029 2032 1169 2095 homines
1178 2028 1344 2104 constituit,
1353 2044 1448 2107 quam
1463 2044 1498 2091 aa

421 2131 533 2206 quinos
556 2133 704 2195 ubsolam
725 2150 917 2196 communem
931 2132 1151 2194 humanitatem
1165 2145 1269 2192 omnes
1287 2127 1428 2188 homines·
1438 2126 1498 2188 eol·

423 2226 567 2307 ligentur.
590 2234 670 2310 Ergo
689 2232 918 2313 particularibus
936 2230 1001 2309 regi
1023 2230 1112 2293 debet
1131 2228 1330 2306 legibusque
1344 2224 1398 2287 tini
1411 2224 1499 2289 iliius

423 2329 592 2407 pertissimi
602 2331 748 2396 etmediis
758 2330 895 2410 eiusdem
907 2332 1035 2411 propriis
1046 2327 1255 2409 respondeantt

462 2430 529 2490 lam
553 2429 585 2490 i·
598 2432 722 2493 societas
745 2433 881 2493 amicalis
898 2448 934 2495 ao
954 2430 1057 2509 tendit,
1075 2437 1111 2491 ut
1129 2430 1207 2491 inter
1228 2428 1339 2489 amieos
1357 2427 1498 2489 intimam

424 2544 571 2591 murnum
592 2538 625 2592 et
642 2530 805 2592 affectuum
828 2532 1072 2594 communionem
1094 2534 1236 2592 exerceat.
1256 2530 1334 2605 Ergo
1355 2526 1446 2589 debet
1466 2530 1498 2589 in

426 2630 532 2691 amieis
547 2630 651 2693 adesse
663 2638 729 2692 tum
751 2631 906 2694 lomenia
918 2632 1057 2711 quedam
1071 2632 1181 2695 indolis
1194 2639 1223 2693 et
1240 2632 1397 2693 consensio
1408 2636 1499 2693 nam-

379 2756 382 2761 ·
424 2729 509 2804 ralis,
523 2746 587 2807 qua
599 2731 722 2793 illorum
734 2732 828 2793 animi
842 2739 1004 2813 spontanee
1016 2731 1212 2794 concilientur
1221 2736 1250 2792 et
1263 2734 1499 2809 conjungantur,

426 2833 492 2892 tum
503 2830 593 2910 plena
611 2831 750 2894 mnino
762 2832 888 2896 tundata
910 2834 942 2895 in
956 2832 1084 2912 eoquod
1098 2839 1223 2911 uterque
1237 2824 1316 2894 corto
1338 2832 1412 2894 sciat
1431 2832 1504 2894 alte-

424 2946 493 2992 rum
507 2947 665 3010 nunqnam
675 2950 741 2996 asso
750 2933 919 2996 abusurum
931 2951 969 2996 ea
981 2933 1102 3009 fiducia,
1110 2949 1172 3011 qua
1185 2931 1231 2994 illi
1243 2933 1352 2994 mentis
1364 2936 1393 2992 ot
1404 2931 1501 2993 animi

425 3031 598 3108 penetralia,
608 3035 778 3112 cuicunque
789 3034 841 3094 alii
853 3033 970 3096 homini
984 3033 1145 3106 inaccessa,
1158 3047 1280 3112 prorsus
1292 3031 1398 3111 aperit.
1407 3031 1501 3109 Atqui

424 3145 480 3190 neo
500 3129 554 3190 illa
577 3139 740 3210 spontanea
761 3135 928 3204 consensio,
950 3149 1049 3212 neque
1071 3131 1135 3197 hac
1154 3131 1244 3211 plena
1264 3131 1404 3192 securitas
1430 3147 1502 3192 eon·

425 3233 537 3290 stanter
562 3228 667 3290 haberi
689 3236 817 3308 possunt
846 3231 907 3290 nisi
933 3232 1010 3292 inter
1036 3245 1178 3308 personas
1208 3231 1326 3292 sincere
1350 3234 1380 3289 st
1404 3227 1501 3290 solida

426 3323 580 3386 heumalo
589 3341 624 3386 ao
639 3327 786 3406 probitate
797 3327 948 3406 praeditas.
970 3329 1040 3389 Sola
1053 3343 1184 3408 namque
1196 3328 1337 3390 honestas
1350 3327 1388 3388 alr
1403 3328 1502 3390 amieo

427 3421 580 3501 prodendo
597 3430 763 3486 constanter
785 3426 906 3503 refugit.
929 3425 984 3487 utri
1001 3426 1142 3489 honestas
1163 3429 1258 3503 abest,
1273 3425 1414 3507 epotemus
1432 3443 1503 3489 suc·

426 3522 517 3599 cedit,
531 3525 679 3586 nimirum
690 3528 804 3605 proprii
816 3527 965 3589 commodi
976 3530 1139 3592 materialis
1154 3529 1288 3590 studium
1304 3543 1502 3607 supremum

427 3622 687 3701 omuisriqaidem
702 3625 827 3686 moralis
837 3625 951 3688 malitia
960 3627 997 3688 ad
1007 3625 1345 3704 egoismumquemdam
1359 3627 1503 3706 pertinet,

427 3725 467 3785 ab
486 3739 582 3800 eoque
604 3727 757 3786 enasmtnr
776 3733 806 3787 et
827 3726 971 3788 inillam
996 3728 1107 3790 recidit.
1132 3727 1284 3806 Quidquid
1305 3727 1388 3788 enim
1409 3725 1504 3788 homo

425 3830 536 3904 peccet,
550 3825 658 3888 idcireo
671 3833 787 3905 paoem,
801 3829 873 3906 quia
893 3828 1006 3890 bonurn
1026 3829 1173 3908 passionis
1186 3843 1248 3888 sue
1265 3827 1411 3906 alicujus,·
1421 3827 1504 3904 quod

427 3930 473 3987 est
488 3924 603 3986 honum
616 3925 758 3987 sensibile
776 3925 815 3988 ad
828 3943 901 3987 eum
915 3925 1015 3988 solum
1034 3927 1199 4005 pertinens,
1214 3923 1333 4006 prefert
1353 3939 1409 3985 suo
1422 3924 1504 3986 bono

429 4024 581 4100 radonali,
596 4025 677 4102 qood
698 4025 777 4088 bono
790 4026 936 4086 materiali
951 4027 1101 4106 superins,
1115 4041 1191 4104 sape
1211 4025 1302 4086 etiam
1320 4025 1507 4086 sonnacium

427 4130 486 4199 eat,
499 4131 530 4185 et
539 4124 608 4186 aliis
619 4141 740 4202 quoque
752 4123 928 4186 hominibus
939 4125 1077 4206 prodesse
1090 4126 1220 4186 maxime
1233 4131 1338 4204 potest.

469 4224 570 4287 Passio
587 4239 658 4284 vero
673 4223 825 4300 quelibet,
840 4225 901 4288 nisi
923 4241 941 4285 a
958 4223 1073 4294 radone
1094 4223 1251 4304 dirigatur,
1267 4224 1357 4284 edam
1370 4223 1397 4284 si
1412 4225 1507 4302 possit

429 4323 605 4402 aliquandiu
626 4324 794 4386 naturalem
808 4341 897 4386 suam
908 4326 1138 4386 inconstantiam
1153 4323 1357 4399 dissimulare,
1371 4329 1506 4386 attamen

430 4423 507 4486 rubii
520 4425 683 4502 habetque
695 4426 990 4505 pignnsconstantia
1004 4425 1091 4486 alleri
1112 4425 1209 4486 amico
1219 4424 1349 4503 prebeat
1362 4439 1371 4484 τ
1384 4425 1460 4502 quia
1474 4431 1510 4486 ut

431 4531 537 4602 suapte
555 4531 663 4586 natura
683 4526 890 4586 inconstantes
902 4525 940 4586 ab
958 4525 1099 4586 omnibus
1113 4525 1265 4604 passiones
1289 4531 1506 4602 agnoscuntur.

431 4627 508 4701 Ergo
520 4639 591 4686 vera
614 4632 645 4687 et
661 4633 800 4687 constans
814 4625 947 4687 amicitia
963 4624 1144 4688 intercedere
1157 4625 1278 4697 nonnisi
1304 4627 1382 4688 inter
1400 4625 1510 4704 probas

429 4732 459 4794 et
471 4723 611 4798 honestas
624 4741 766 4806 personas
779 4731 884 4813 potest.
