3559 5675
460 723 518 794 222
875 737 955 816 scats
975 736 1135 786 namneus

500 852 531 910 i·
544 847 574 908 Si
588 846 725 930 princeps
745 861 807 910 non
824 844 959 907 absoluta
972 845 1100 919 malum,
1113 841 1303 922 sodaliquod
1315 842 1425 905 malum
1437 845 1512 906 socie·

461 947 527 1008 tatis
541 945 621 1024 velit,
637 945 802 1024 presertim
818 943 845 1004 si
858 943 914 1004 hoc
928 943 1045 1004 malum
1065 945 1138 1004 velit
1158 943 1215 1004 sub
1234 948 1331 1021 specie
1353 941 1433 1015 bunt,
1444 943 1513 1004 relsi

459 1049 526 1124 ejus
541 1045 677 1106 voluntas
692 1060 751 1104 non
766 1044 804 1104 sit
817 1045 942 1104 omnino
952 1044 1109 1119 obstinata,
1122 1050 1194 1104 tuuc
1207 1043 1334 1122 pmfecto
1345 1043 1396 1104 ille
1414 1050 1514 1105 nonest

460 1161 581 1228 prorsus
602 1146 719 1222 ineptus
733 1143 768 1204 ad
784 1144 953 1207 societatem
968 1143 1006 1204 ad
1025 1160 1185 1206 commuue
1199 1143 1313 1205 bonrum
1327 1142 1514 1214 ordinandam,

459 1245 592 1322 adeoque
626 1245 793 1320 subjectum
821 1245 1006 1304 auctoritatis
1029 1259 1090 1303 non
1111 1243 1195 1303 deest
1222 1244 1356 1304 omnino.
1384 1245 1514 1316 Attamen,

463 1343 608 1420 quamdiu
623 1343 674 1403 illc
686 1342 837 1404 evirlenter
848 1344 996 1403 societatis
1016 1342 1130 1402 malum
1145 1343 1222 1419 vult,
1238 1343 1355 1421 ineptus
1368 1341 1514 1402 essentiali-

460 1449 503 1504 ter
520 1444 551 1503 tn
563 1443 781 1512 adsocietatem
795 1442 1035 1518 gubernandam,
1057 1450 1086 1503 et
1106 1442 1214 1504 idcirco
1232 1445 1298 1518 ejus
1311 1442 1463 1512 auctoritas
1475 1460 1516 1525 pro

460 1541 512 1628 illc
526 1549 657 1632 tempore
673 1543 878 1622 suspenditur.

503 1643 590 1704 1005.
615 1643 745 1704 Conone.
764 1645 845 1701 1.-
867 1643 1010 1717 llagnnm
1026 1641 1186 1701 discrimen
1205 1640 1283 1700 inter
1297 1640 1374 1700 duas
1394 1640 1519 1720 ineptitu-

455 1741 551 1812 diues‚
569 1741 616 1802 vel
628 1759 662 1802 ex
673 1741 789 1802 defectu
802 1739 1004 1816 intelligentie
1016 1740 1063 1800 vel
1074 1758 1111 1802 ex
1122 1740 1239 1800 malitia
1253 1738 1427 1815 voluntatis,
1442 1741 1519 1800 inter·
1585 1792 1586 1803 ,

455 1839 542 1902 cedit.
558 1841 639 1902 l‘rior
653 1856 784 1915 natuque
800 1839 863 1913 illa,
879 1841 1025 1918 quoniam
1040 1840 1072 1902 in
1088 1841 1223 1902 absentia
1233 1838 1384 1901 facultatis
1396 1839 1431 1900 ad
1444 1855 1518 1915 agen

455 1940 529 1999 dum
558 1940 732 2000 necessarie
753 1938 906 2014 consistit,
931 1938 1018 2000 nulio
1039 1945 1124 2018 pacto
1147 1939 1288 2002 occultari
1309 1938 1357 2002 rel
1379 1955 1430 2018 pro
1451 1937 1519 1998 libito
1585 1962 1586 1983 ι

456 2037 565 2102 ruutmi
579 2044 696 2116 potest:
718 2043 747 2098 at
760 2035 923 2098 voluntatis
942 2038 1069 2116 malitia,
1086 2055 1184 2118 quum
1198 2037 1300 2100 libere
1312 2037 1457 2100 facultatis
1467 2054 1520 2120 pro
1585 2038 1586 2061 ¹

456 2138 520 2216 pria
534 2136 583 2210 sit,
599 2133 636 2196 ab
647 2133 704 2199 hac
718 2139 781 2214 ipsa
796 2141 889 2218 potest
903 2141 932 2196 et
947 2137 1132 2198 dissimulari
1146 2144 1176 2197 et
1189 2154 1313 2216 prorsus
1324 2139 1425 2216 abjici.
1437 2139 1519 2212 omo
1585 2172 1586 2175 =

455 2235 563 2314 prioris
578 2233 686 2296 indicia
697 2252 732 2295 eu
743 2235 828 2298 factis
841 2237 1044 2300 materialibus
1059 2244 1148 2315 atque
1163 2237 1355 2315 evidentibus
1368 2238 1518 2300 habentur:

455 2341 485 2396 at
498 2335 640 2416 posterior
655 2335 686 2394 in
700 2337 886 2398 conscientie
904 2336 1069 2416 penetralia
1089 2353 1154 2398 sese
1173 2337 1267 2417 abdit,
1290 2339 1352 2398 nisi
1371 2339 1452 2400 furor
1466 2337 1520 2417 qui·

455 2435 537 2510 dam,
552 2436 691 2496 amentia
712 2435 832 2514 similis,
855 2453 920 2496 cam
944 2435 1134 2516 impudenter
1152 2438 1335 2526 manifestet,
1351 2455 1385 2500 ac
1406 2437 1520 2518 pertina-

455 2537 529 2596 citer
548 2535 704 2596 sustiueat.
722 2537 825 2612 ltaque
837 2535 882 2596 val
902 2553 1018 2596 cessare
1035 2536 1082 2598 rel
1099 2537 1241 2616 suspendi
1258 2539 1290 2598 in
1309 2537 1430 2598 subdito
1443 2543 1521 2616 potest

454 2633 595 2710 obligatio
616 2633 773 2694 obediendi
789 2635 914 2713 principi
932 2637 986 2712 qui
1000 2637 1132 2696 anteutia
1148 2636 1196 2696 iel
1215 2636 1391 2714 stupiditate
1412 2635 1520 2702 laboret,

453 2750 489 2794 ex
513 2733 577 2794 sola
597 2735 781 2812 inspectione
801 2734 959 2808 factorum,
975 2751 1043 2814 que
1062 2737 1187 2796 rationis
1207 2733 1375 2798 absentiam
1389 2735 1521 2799 insole-
1585 2782 1586 2815 ,

453 2840 630 2897 monstrent.
648 2836 685 2896 tt
707 2852 835 2915 perraro,
858 2844 910 2898 aut
930 2852 1089 2914 nunquam
1111 2839 1221 2917 potius,
1244 2837 1370 2912 accidet,
1393 2846 1429 2898 ut
1450 2836 1521 2897 factis

454 2936 640 2997 evidentibus
654 2935 768 2998 malitia
783 2936 834 2997 illc
848 2936 994 2998 obstinata
1004 2946 1032 2997 et
1046 2937 1261 3006 inemendabili
1278 2955 1344 3001 esse
1357 2939 1521 3021 deprauata

454 3028 605 3115 probetur.

493 3132 622 3198 Cuuom
641 3140 671 3201 Ξ.
694 3168 735 3181 -
754 3134 941 3215 Speculattva
964 3152 1028 3197 rem
1055 3136 1283 3209 considerando,
1305 3145 1423 3206 certum
1444 3139 1521 3215 igitur

452 3242 508 3309 cst,
521 3252 607 3296 casus
619 3251 773 3296 occurrere
791 3234 909 3313 aliquos
924 3251 1022 3313 masc,
1040 3234 1197 3313 inquibus
1212 3253 1338 3315 persona
1353 3238 1473 3317 physica
1485 3232 1522 3294 rei

453 3332 662 3411 fruendisque
676 3334 880 3395 auctoritatem
894 3334 1072 3413 possidebat,
1084 3351 1153 3395 eam
1167 3337 1283 3395 amittat
1295 3356 1303 3395 ε
1314 3338 1397 3413 quod
1412 3336 1521 3415 quidun

451 3432 563 3511 duplici
577 3432 666 3493 modo
681 3427 744 3493 fieri
756 3438 860 3511 potest,
871 3432 1019 3495 nimirum
1032 3432 1080 3493 vel
1093 3434 1118 3493 si
1130 3433 1247 3495 ileficiat
1270 3436 1389 3515 titulus,
1403 3436 1433 3497 vi
1445 3438 1523 3511 cujus

451 3533 505 3592 illa
520 3532 719 3611 principatum
732 3533 862 3609 tenebat,
881 3534 927 3595 vel
940 3536 965 3595 si
980 3539 1078 3594 carcat
1091 3536 1128 3594 iis
1141 3534 1376 3609 conditionibus,
1391 3539 1456 3597 sine
1467 3532 1522 3611 qui·

452 3632 509 3692 bus
530 3630 655 3693 existere
680 3633 838 3693 auctoritas
865 3635 898 3693 in
919 3641 1056 3695 concreto
1083 3650 1142 3694 uon
1165 3641 1271 3713 potest.
1297 3637 1333 3697 Et
1353 3635 1521 3697 auctoritatis

452 3730 574 3791 amissio
589 3732 645 3791 erit
660 3731 756 3791 totalis
775 3738 804 3793 et
817 3732 1029 3809 irreparabilis,
1046 3734 1072 3795 si
1087 3749 1192 3794 omnes
1206 3733 1285 3794 tituli
1298 3741 1329 3795 et
1341 3751 1448 3796 omnes
1460 3748 1522 3795 con·

449 3827 577 3893 ditiones
597 3832 827 3913 irreparabiliter
848 3832 967 3893 absint:
985 3842 1015 3895 at
1034 3833 1168 3911 partialis
1183 3835 1239 3893 erit
1252 3850 1286 3894 ao
1301 3835 1487 3915 temporaria,
1498 3830 1520 3889 si
1537 3827 1541 3834 ’

450 3948 516 4009 pars
535 3930 637 4009 aliqua
651 3938 767 3993 tautum
780 3932 939 4002 titulorum
953 3940 982 3993 et
990 3933 1198 3996 conditionum
1213 3937 1392 4013 temporarie
1401 3934 1520 3997 deiciat.

450 4032 480 4091 lu
497 4032 591 4110 priore
605 4049 675 4093 casu
696 4034 856 4097 auctoritas
871 4033 908 4093 ad
931 4034 1023 4095 aliam
1048 4050 1207 4113 personam
1224 4035 1375 4113 transibit,
1392 4036 1424 4095 iu
1439 4034 1521 4093 altero

449 4150 465 4191 a
484 4132 600 4193 vicanis
614 4140 745 4211 geretur.
