3559 5675
894 727 971 776 tttttts
993 727 1152 778 idmst-llil!

883 957 1090 1017 reticentis
1112 957 1148 1016 ll.

482 1131 525 1194 De
537 1135 656 1216 duplici
664 1135 808 1200 Eccteste
816 1145 959 1218 potestate
973 1137 1151 1206 cercentius.
1168 1145 1197 1196 et
1211 1135 1247 1198 de
1259 1133 1523 1214 ecclesiasticitpctet·

754 1235 866 1298 tatibus
882 1237 1075 1318 puhenrctivn
1088 1247 1118 1298 et
1127 1237 1312 1317 judiciaria.

523 1439 613 1500 1331.
629 1441 698 1500 Poe.
713 1442 796 1500 658¹.
810 1474 848 1485 -
858 1440 1062 1501 Fcelesinsticn
1073 1445 1203 1518 potestas
1218 1439 1386 1510 exsecutus
1397 1443 1437 1497 est
1446 1435 1472 1496 iu
1484 1435 1526 1496 du·

482 1536 556 1616 plici
567 1537 688 1614 ordine,
708 1539 948 1612 alteramenta,
961 1539 1188 1600 alteraexterna
1201 1553 1210 1597 ε
1226 1538 1306 1600 hanc
1317 1535 1469 1598 hierarchia
1478 1535 1528 1594 risi·

483 1636 555 1696 bilis
566 1651 637 1698 cum
647 1637 736 1716 plene
746 1637 883 1700 libertate
894 1639 986 1714 gerit3
1005 1635 1069 1706 illa,
1081 1637 1207 1698 omnino
1217 1639 1284 1714 jam
1296 1635 1402 1696 divinis
1415 1631 1528 1694 institutis

483 1735 724 1812 determinatus
744 1738 836 1799 sacris
855 1738 1003 1798 ministris
1021 1743 1193 1807 exarcatum
1216 1741 1289 1796 sunt
1310 1741 1409 1796 tamen
1427 1734 1467 1794 he
1482 1732 1529 1790 due

484 1841 645 1915 potesutes
660 1838 744 1900 vanc
760 1837 850 1898 modo
872 1839 906 1898 iu
927 1837 1019 1898 variis
1036 1837 1207 1898 christiana
1229 1833 1404 1898 hierarchia
1419 1831 1530 1910 gradihus

484 1935 533 1996 vel
544 1939 713 2013 coniuncte
726 1936 774 1997 vel
787 1944 942 2014 separatae.
982 1955 986 1962 ·

525 2035 651 2098 Excute.
670 2040 701 2095 l·
714 2049 797 2098 etus·
812 2068 854 2082 -
872 2036 1010 2100 Ecclesiae
1024 2033 1136 2114 duplex
1157 2041 1204 2096 est
1221 2034 1363 2112 proprius
1377 2031 1443 2094 finis
1458 2043 1531 2091 essen

485 2131 582 2210 titiis,
594 2132 669 2196 alter
680 2135 830 2205 internus,
841 2135 918 2196 alter
928 2144 1068 2197 externus
1081 2154 1089 2194 r
1103 2133 1213 2194 animae
1223 2133 1339 2194 scilicet
1350 2147 1402 2211 per
1412 2130 1531 2194 christun

486 2231 682 2293 sanctificatio
698 2239 729 2294 et
748 2229 844 2309 salus,
860 2241 891 2295 et
904 2233 1021 2296 socialis
1039 2233 1221 2312 conspiratio
1237 2231 1273 2292 ed
1293 2231 1349 2293 illa
1364 2227 1505 2310 profitenda
1514 2235 1533 2286 et

483 2330 623 2393 iacienda
636 2333 739 2394 omnic
756 2350 824 2410 qua
844 2333 982 2396 Christus
996 2331 1099 2395 docuit
1115 2349 1149 2394 ac
1168 2329 1309 2411 precepit
1325 2331 1430 2410 (rust,
1449 2327 1531 2396 ttttt.

488 2431 595 2508 ltaque
607 2430 719 2510 duplex
731 2433 823 2494 etiam
835 2439 881 2494 est
893 2434 926 2492 in
939 2432 1070 2494 Ecclesia
1086 2439 1181 2490 metue
1194 2447 1208 2493 .·
1226 2431 1367 2491 internus
1378 2429 1448 2490 ulter
1459 2429 1534 2502 singu·

488 2529 588 2592 lemur
598 2531 734 2594 fidelium
746 2534 778 2592 in
788 2534 904 2612 Deum3
916 2533 994 2594 alter
1003 2539 1145 2595 externus
1157 2531 1287 2594 aliorum
1299 2529 1433 2592 fidelium
1442 2527 1534 2589 ieelim

489 2629 528 2691 ed
547 2631 678 2708 priorem
709 2632 799 2693 illum
820 2633 1003 2696 conducens.
1025 2631 1110 2706 Quod
1136 2633 1325 2711 praeeipuum
1347 2631 1492 2692 discrimen
1507 2633 1536 2686 et

489 2729 684 2793 christianam
698 2733 869 2794 societatem
886 2733 964 2794 inter
976 2749 1011 2795 ac
1025 2733 1179 2794 societates
1198 2747 1280 2792 mere
1300 2730 1472 2792 materiales.
1482 2729 1535 2802 Ergo

489 2829 601 2910 duplex
624 2849 689 2895 esse
710 2833 742 2895 in
754 2831 886 2898 Ecclesia
898 2833 987 2897 debet
1000 2837 1184 2915 principium
1199 2843 1312 2899 motus.
1333 2835 1424 2914 Atqui
1441 2837 1536 2913 potestas

491 2933 662 2993 exsecutise
675 2939 798 3011 estque
811 2951 865 3013 per
875 2937 1080 2997 auctoritatem
1094 2944 1228 2998 concrete
1243 2936 1274 2996 in
1283 2934 1461 3013 quibusdem
1470 2946 1538 3011 perse

489 3032 538 3093 uis
548 3038 686 3109 agentem
696 3032 985 3111 imprimitsingulis
995 3041 1025 3097 et
1033 3036 1175 3097 omnibus
1183 3036 1271 3097 sociis
1282 3038 1467 3112 motumjeu
1475 3046 1538 3109 geue

490 3132 592 3193 reliter
603 3132 786 3193 etebstraete
798 3132 836 3193 eb
844 3132 911 3195 aliis
922 3136 1116 3213 potestatibus
1123 3134 1273 3197 decretum
1283 3150 1319 3197 ac
1328 3134 1536 3196 determinatur.

491 3234 570 3307 Ergo
589 3230 700 3309 duplex
715 3232 852 3293 Ecclesiae
866 3240 911 3293 est
924 3240 1052 3311 potestas
1067 3234 1246 3305 exsecutiva,
1261 3236 1381 3295 interne
1400 3238 1428 3294 et
1439 3236 1537 3291 extetut·

531 3332 654 3393 Exsere.
677 3334 710 3391 2·
732 3346 818 3393 reas.
832 3364 875 3379 -
896 3336 1051 3393 internum
1073 3335 1245 3395 animorum
1269 3341 1390 3395 motum
1411 3334 1481 3393 Deus
1495 3329 1537 3405 ipse

490 3426 662 3489 immediate
674 3430 831 3505 gubernat.
847 3434 949 3507 Quare
962 3432 1062 3495 media
1076 3452 1129 3513 per
1140 3450 1209 3511 qua
1224 3432 1337 3493 duecte
1352 3433 1427 3493 sacri
1439 3426 1538 3491 ministri

491 3526 523 3587 iu
541 3528 659 3587 animos
671 3527 831 3590 hominum
845 3537 1019 3608 operantur,
1040 3532 1153 3609 quippe
1172 3548 1241 3608 qua
1255 3538 1330 3591 suut
1350 3522 1538 3593 actionesditi·

493 3643 567 3689 uam
581 3627 722 3689 virtutem
742 3630 780 3691 ad
795 3630 929 3693 internos
949 3632 981 3691 in
1000 3632 1111 3693 animis
1124 3638 1224 3693 motus
1238 3629 1444 3710 producendos
1458 3626 1538 3687 dirttlt

490 3728 686 3808 applicantes,
706 3737 779 3791 sunt
792 3735 888 3809 joma
908 3734 969 3795 Deo
980 3733 1151 3794 immediate
1166 3740 1195 3793 ot
1207 3731 1413 3809 undequaque
1431 3722 1538 3789 deusut-

489 3834 568 3889 nata.
585 3831 624 3890 tt
636 3836 793 3891 externum
809 3830 984 3893 eorumdem
998 3838 1115 3891 motum
1127 3830 1258 3893 mediate
1270 3832 1352 3891 Deus
1366 3846 1418 3909 per
1428 3828 1536 3885 virtum
1564 3824 1566 3831 ’

489 3928 666 3992 hominihus
676 3928 778 3992 datam
792 3932 890 4009 gignit
901 3938 931 3993 et
944 3930 1059 4007 dirigit.

530 4032 652 4093 Eurum.
669 4030 701 4091 3·
713 4046 802 4093 rsus.
815 4032 959 4092 -Sicuti
975 4032 1053 4091 inter
1073 4030 1226 4108 duplicem
1251 4028 1339 4089 illurn
1362 4028 1537 4099 summitate

457 4130 476 4154 ‘
489 4130 568 4191 iuter
580 4130 733 4209 duplicem
744 4130 834 4191 illum
847 4137 964 4193 motum
977 4136 1023 4191 est
1037 4130 1207 4191 essentialis
1219 4128 1369 4190 connexio
1382 4128 1414 4187 iu
1425 4141 1457 4185 eo
1468 4120 1536 4201 postu

476 4228 571 4306 cuod
589 4228 660 4291 finis
675 4237 705 4292 et
721 4237 821 4291 motus
843 4233 954 4292 interni
970 4248 1024 4310 per
1044 4232 1136 4292 finem
1156 4236 1185 4291 et
1206 4237 1322 4290 motum
1337 4236 1467 4288 externos
1481 4216 1536 4280 onti-

489 4333 630 4407 ueautur‚
645 4337 675 4391 et
688 4330 720 4391 hi
733 4332 913 4410 posteriores
924 4330 1124 4392 essentialiter
1137 4328 1172 4391 ad
1190 4331 1306 4409 priores
1320 4326 1535 4389 subordiuentuti

489 4426 530 4487 its
541 4428 632 4489 etiam
646 4430 725 4490 inter
735 4429 886 4509 duplicem
902 4448 968 4491 eam
982 4436 1157 4508 potestatem
1167 4428 1368 4489 exsecutivem
1379 4432 1420 4485 est
1428 4422 1535 4501 perptltt

489 4528 645 4603 maneto,
657 4545 718 4591 non
731 4530 829 4591 solum
841 4532 914 4609 quia
927 4532 1020 4593 altera
1031 4540 1077 4592 est
1091 4530 1126 4592 ad
1139 4530 1262 4591 alteram
1275 4528 1420 4599 ordinata,
1432 4522 1474 4585 sed
1485 4516 1532 4595 ttttt

488 4628 615 4703 utrupue
624 4626 770 4689 incudem
779 4646 840 4691 una
851 4631 1051 4693 ecclesiastica
1060 4630 1235 4692 auctoritate
1247 4626 1364 4690 residet.
1376 4616 1532 4702 Nequeeu'u

485 4731 581 4808 potest
594 4724 657 4787 hee
670 4728 842 4804 auctoritas,
854 4733 944 4807 cujus
959 4736 1036 4791 certe
1058 4730 1211 4809 proprium
1227 4735 1271 4789 est
1286 4728 1432 4787 internum
1445 4722 1542 4781 eumd·
