3559 5675
311 746 316 755 ·
433 710 474 775 ot
842 718 923 769 roms
942 716 1104 767 namneum

435 828 613 898 naturaliter
625 824 790 911 spectatad
803 826 902 887 media
920 843 1041 906 quoque
1053 820 1256 890 sustentanda
1270 822 1337 883 vila
1351 821 1384 881 in
1404 818 1514 881 iisdem

435 928 636 1013 propaganda.
651 931 730 1005 lirgo
748 926 914 1004 coniugalis
933 926 1087 989 associatio
1109 921 1284 986 naturaliter
1301 922 1338 983 iis
1358 921 1412 999 qui
1426 921 1515 1000 prin-

435 1027 903 1113 cipatum.domesticae2socie1atis
916 1034 1037 1106 gerunt,
1052 1026 1165 1089 confert
1175 1022 1344 1087 dominium
1359 1020 1516 1100 quoddam
1614 1082 1615 1089 g

437 1132 560 1210 sociale,
580 1146 642 1209 quo
660 1128 706 1205 tn,
719 1135 753 1189 ut
776 1127 820 1189 illi
838 1131 869 1189 et
887 1130 937 1205 jus
956 1133 986 1189 et
1005 1126 1137 1189 cilicium
1156 1126 1285 1187 habeant
1304 1120 1464 1187 ordinandi
1479 1139 1518 1183 cx

435 1233 562 1314 justitia
580 1228 699 1319 legibus
722 1228 826 1289 omnia
843 1226 925 1289 bona
945 1245 964 1289 a
986 1228 1115 1305 singulis
1133 1226 1255 1287 familia
1279 1222 1425 1286 membris
1445 1238 1517 1301 pos·
1614 1272 1615 1301 p

438 1351 523 1397 amsa
535 1332 574 1395 ad
593 1345 787 1394 communem
800 1326 938 1409 ejusdem
954 1328 1075 1391 familia
1096 1312 1276 1403 utilitatem
1295 1322 1376 1404 quod
1387 1326 1445 1403 jus
1460 1340 1521 1386 vo·

439 1435 502 1497 cari
513 1438 609 1515 polest
620 1429 715 1492 eitum
726 1428 889 1492 domimum
900 1426 1101 1490 domesticum.
1614 1416 1615 1431 ¹

840 1678 1045 1757 snucucus
1064 1677 1113 1740 iv.

598 1888 641 1950 De
653 1885 839 1949 matrimonii
851 1882 1116 1948 irdr'ssoludilr'lolc
1128 1903 1163 1946 cc
1173 1882 1211 1946 de
1223 1881 1362 1946 divortio.

469 2111 551 2174 819.
567 2111 638 2172 Poe.
654 2109 737 2171 395¹.
751 2109 815 2171 Lsx
826 2110 868 2171 5¹.
883 2141 924 2153 -
935 2108 1108 2186 conjugalis
1123 2105 1278 2169 associatio
1291 2111 1336 2167 cst
1346 2109 1418 2186 jure
1433 2113 1524 2167 natu-

439 2210 498 2273 rali
510 2214 655 2291 perpetua
673 2215 703 2269 et
721 2207 951 2287 indissolubilis,
973 2207 1106 2287 adeoque
1124 2206 1289 2279 divortium
1302 2206 1367 2285 juri
1388 2206 1522 2269 naturali

440 2316 601 2391 repugnat.
1614 2290 1615 2297 ἵ

480 2412 661 2471 Norrsourr.
676 2438 712 2452 —
722 2407 833 2469 Prioris
846 2408 982 2487 conjugii
991 2402 1161 2469 voluntaria
1170 2404 1327 2469 dissolutio
1336 2406 1375 2471 ad
1387 2408 1522 2473 alterum

439 2510 619 2589 conjugium
636 2508 804 2569 ineundum
821 2507 931 2570 dicitur
946 2507 1119 2569 divortium.

480 2612 573 2669 Pron.
591 2607 897 2684 ros.-Quicumque
912 2604 1139 2667 matrimonium
1151 2606 1233 2668 adira
1246 2612 1363 2687 parant,
1375 2624 1446 2671 cum
1456 2624 1524 2669 ma-

440 2708 546 2770 nilesta
559 2704 726 2768 intentione
739 2711 884 2786 perpetuo
898 2722 968 2767 cum
982 2708 1112 2786 conjuge
1127 2706 1303 2768 convivendi
1318 2706 1355 2769 ad
1374 2705 1454 2769 illud
1467 2725 1522 2771 ac-

438 2808 558 2887 eeduut,
574 2814 606 2870 et
617 2812 799 2888 perpetuum
813 2823 947 2868 amoram
960 2812 989 2869 et
1004 2806 1129 2868 tutelam
1141 2805 1199 2868 sibi
1217 2813 1325 2870 mutuo
1346 2810 1415 2872 nori
1430 2814 1520 2891 nupti

441 2925 559 2990 semper
580 2911 769 2990 promittuut.
793 2908 906 2974 Eadem
929 2908 1039 2988 quippe
1061 2908 1208 2972 naturalis
1224 2909 1377 2971 tendentia
1391 2927 1460 2989 quae
1482 2913 1519 2974 ad

440 3011 617 3092 conjugium
634 3011 803 3072 ineundum
820 3008 961 3090 impellit,
977 3009 1095 3070 firmam
1114 2999 1236 3088 quoque
1252 3009 1439 3072 voluntatem
1455 3029 1520 3092 pcr-

438 3119 529 3192 petuo
539 3111 715 3174 convivendi
726 3112 758 3172 in
769 3111 874 3174 eodem
885 3111 1027 3188 conjugio
1038 3109 1242 3186 inducitldod,
1252 3109 1335 3190 811).
1345 3113 1421 3190 Ergo
1432 3113 1520 3174 Crea-

440 3203 512 3274 toris
533 3212 683 3284 voluntas,
702 3228 793 3290 aqua
811 3211 957 3278 naturalis
971 3209 1035 3272 hac
1056 3211 1214 3291 propensio
1231 3215 1259 3272 et
1279 3211 1405 3273 intentio
1423 3211 1518 3274 homi·

439 3311 531 3373 nibus
549 3311 646 3372 indita
661 3316 718 3385 est,
737 3308 794 3372 hoc
812 3305 914 3384 habet,
928 3315 960 3371 ul
978 3318 1120 3390 perpetua
1142 3310 1181 3371 sit
1199 3309 1329 3372 duorum
1351 3307 1516 3394 conjugunt

439 3411 605 3475 associatio.

481 3516 512 3573 2⁰
524 3513 612 3587 liror,
624 3511 677 3574 ubi
691 3509 807 3592 prolem
820 3509 998 3592 conceperit,
1011 3528 1064 3590 per
1078 3527 1184 3574 norem
1198 3529 1318 3574 menses
1329 3513 1451 3577 inlirma
1464 3517 1519 3578 uti·

440 3615 489 3674 tur
503 3611 687 3689 valetudine,
702 3611 795 3673 donce
808 3611 892 3689 gravi
906 3627 975 3673 curn
990 3629 1052 3674 suae
1065 3613 1129 3674 titae
1146 3613 1277 3693 periculo
1291 3617 1425 3693 conjugii
1441 3617 1516 3678 fruc·

441 3721 506 3776 tum
517 3713 549 3774 iu
560 3713 660 3776 lucem
671 3713 806 3776 ediderit.
816 3714 884 3775 lam
896 3719 956 3775 toto
965 3713 1020 3776 hoc
1032 3721 1162 3794 tempore
1176 3714 1227 3776 illa
1240 3715 1294 3776 viri
1308 3717 1357 3776 sui
1370 3717 1520 3781 solamina

439 3820 470 3874 et
488 3812 691 3874 sustentaculo
712 3811 836 3891 indiget.
854 3814 908 3873 libi
922 3829 992 3874 vero
1010 3811 1108 3894 proles
1128 3816 1385 3890 cartusiensem
1408 3817 1446 3878 ad
1469 3819 1520 3880 iu·

440 3909 553 3974 iontem
566 3913 781 3976 enutriendum
793 3914 847 3974 viri
862 3913 997 3975 subsidia
1007 3913 1172 3976 necessaria
1183 3921 1268 3992 suin;
1280 3922 1369 3992 atque
1381 3915 1419 3978 ad
1434 3919 1519 3998 pueri

440 4020 470 4076 ct
487 4011 683 4076 adolescentis
696 4013 851 4094 physicam
872 4021 902 4076 et
916 4013 1058 4074 moralem
1080 4011 1286 4076 educationem
1304 4017 1520 4080 absolvendam

440 4113 599 4194 utriusque
611 4115 745 4196 parentis
756 4131 835 4176 curae
848 4115 1020 4194 conspirent
1030 4119 1153 4192 oportet.
1165 4115 1238 4188 Quae
1250 4116 1373 4194 qriidcm
1387 4116 1523 4198 duplicis

440 4213 626 4277 educationis
640 4214 799 4280 necessitas
813 4213 848 4274 ad
865 4221 959 4275 lotum
976 4213 1069 4274 lerme
1084 4210 1160 4272 iliud
1174 4213 1241 4274 vilre
1260 4223 1378 4294 tempus
1397 4224 1524 4296 proten·

440 4315 535 4391 ditur,
544 4330 605 4392 quo
618 4320 685 4374 tum
694 4313 741 4374 vir
753 4320 819 4374 tum
829 4329 904 4375 uxor
915 4312 951 4374 ad
963 4312 1022 4374 alia
1035 4313 1165 4376 ineunda
1176 4314 1326 4380 connubia
1336 4317 1396 4396 apti
1409 4328 1524 4386 essent.

440 4412 519 4490 Ergo
527 4419 635 4479 natura
643 4413 720 4494 ipsa,
726 4431 794 4494 quar
804 4413 1129 4496 prolisgeneratiouem
1139 4419 1229 4494 atque
1239 4413 1450 4480 educationem
1458 4437 1529 4484 eon·

437 4512 524 4592 jugie
539 4513 630 4574 linem
642 4513 886 4593 prostituturus
898 4515 988 4574 eliam
1002 4519 1187 4579 consumam
1199 4519 1364 4596 corrjugurn
1377 4520 1526 4584 ursionem

441 4608 546 4672 saltem
556 4630 609 4694 pcr
619 4619 712 4674 totum
721 4613 794 4674 illud
806 4620 921 4695 ternpus
932 4629 991 4690 quo
1001 4611 1136 4676 honrond
1147 4631 1221 4676 nora
1231 4616 1370 4694 conjugia
1380 4625 1472 4702 opttus
1482 4640 1528 4682 as·

441 4718 495 4776 set.
511 4713 614 4795 Atqui,
626 4713 677 4776 uhi
690 4713 747 4778 hoc
757 4721 874 4794 tempus
889 4719 1072 4775 transactum
1085 4713 1134 4788 sit,
1144 4719 1206 4792 jour
1221 4715 1303 4777 ordia
1319 4723 1363 4778 cst
1376 4720 1452 4779 ratio
1471 4739 1526 4784 cur
