3559 5675
541 725 651 770 suusx.
677 744 714 758 -
736 727 819 774 suns
840 728 1033 778 onoorcrsos.
1246 721 1306 783 nib

231 834 365 918 molceio
373 830 489 894 indum
502 829 592 890 illum
605 829 899 905 mechia'relismum,
911 828 1003 912 quem
1016 839 1178 900 llossuetus
1192 842 1306 902 articu-

232 936 287 997 tol
303 949 368 995 suae
380 923 591 992 declarationis
603 928 744 1006 saucivit,
758 935 1002 1009 arrogantissime
1011 938 1076 1012 jam
1091 943 1158 998 turn
1170 936 1305 1000 adstruit.

274 1033 363 1110 Quod
375 1048 446 1094 vero
455 1029 493 1092 nd
502 1029 680 1092 Gerbertum
690 1031 808 1106 attinet,
817 1031 856 1092 ad
866 1033 959 1095 istam
969 1035 1083 1098 scilicet
1093 1033 1239 1100 Bccienioe
1252 1039 1311 1102 Ro·

231 1149 332 1197 nm
343 1128 525 1216 perduellem
536 1129 587 1208 (o),
602 1128 845 1228 hahemus'illius
860 1132 1024 1210 imaginem
1038 1150 1057 1195 e
1071 1136 1143 1196 Ven.
1159 1138 1312 1202 cardinali

233 1234 367 1298 Boionio
379 1231 507 1315 fideliter
523 1245 695 1310 expressam
715 1231 949 1308 paucisquidem
959 1240 988 1294 et
1001 1235 1188 1310 gravissimis
1198 1238 1235 1298 iis
1244 1249 1317 1299 rer·

235 1332 330 1414 nisio)
344 1330 446 1406 :eQui
456 1327 623 1404 monachus
631 1328 784 1406 quondam
796 1331 1130 1412 lomacensiscxenobii
1139 1328 1315 1400 liberalibus

236 1420 445 1518 pedisequam
469 1427 641 1506 theologicis
664 1429 772 1490 litteris
786 1430 935 1502 excultus.
957 1431 1123 1512 suospaeis
1139 1423 1316 1501 instituendi
1440 1415 1442 1420 ’

238 1537 343 1598 fllium
362 1530 501 1608 lingonis,
517 1529 609 1606 regio,
626 1527 802 1605 liebertum,
825 1547 896 1591 cum
923 1535 1102 1594 monasterio
1119 1539 1314 1598 monasticam
1352 1519 1354 1526 ¹

235 1650 365 1718 quoque
376 1627 594 1700 verecundiam„
607 1628 731 1688 missam
745 1626 826 1704 tecit,
836 1633 960 1692 curiatis
969 1631 1182 1696 intercurialea
1191 1633 1202 1714 i
1212 1651 1320 1698 secon-

237 1736 319 1800 dum
329 1731 405 1794 illud
413 1729 635 1811 propheticum:
644 1725 818 1796 Coseeraoti
825 1737 893 1790 sunt
907 1730 1099 1814 interpositos,
1111 1742 1139 1795 et
1149 1733 1320 1798 didicerem

238 1822 334 1917 apere
343 1830 470 1910 conen),
483 1830 526 1890 sic
535 1827 665 1908 profiteri
675 1830 776 1908 onpit,
788 1836 822 1890 ut
827 1830 1013 1907 garrulitate,
1024 1831 1187 1909 dicecitme,
1199 1835 1322 1897 oblocu-

241 1936 342 2010 tione,
352 1929 544 2001 detractione,
558 1928 741 2000 adulatione,
763 1930 857 1990 animi
868 1930 1055 2010 duplicitate,
1068 1933 1104 1994 sd
1114 1935 1322 1996 simulandum

240 2039 338 2110 atque
347 2029 511 2092 fallendam
521 2044 643 2089 summa
652 2027 825 2088 dexteritate
835 2033 1016 2110 compositus
1026 2048 1132 2094 omnes
1140 2035 1227 2096 tacite
1237 2043 1323 2098 ante-

174 2168 180 2178 ·
241 2118 385 2206 celleret,
394 2135 483 2209 prout
494 2144 564 2206 que
574 2124 702 2189 interius
716 2130 910 2190 nonaliunde
921 2144 1059 2208 quamex
1071 2135 1139 2211 ejus
1152 2136 1270 2214 scriptis
1280 2137 1325 2195 io-

243 2217 477 2308 milissendem
485 2225 563 2289 sicut
572 2227 791 2306 apertissimam
801 2231 841 2288 ita
849 2236 878 2288 et
886 2231 1083 2292 centesimam
1091 2232 1325 2310 ledunt3quum

245 2330 366 2408 alioqui
380 2328 418 2390 ab
429 2327 527 2404 hujus
536 2327 679 2406 tcmp‘oris
691 2327 886 2406 scriptoribus
900 2345 961 2390 non
980 2329 1018 2390 eb
1029 2329 1078 2390 lais
1091 2331 1221 2392 diversis
1238 2333 1324 2394 colo-

247 2423 340 2492 ribus
349 2430 588 2506 repraesentetur,
595 2443 693 2504 quum
703 2425 859 2487 hominem
874 2428 996 2504 iugenio
1006 2430 1200 2502 acerrimum,
1211 2431 1244 2492 in
1260 2433 1324 2492 suis

249 2522 293 2593 nd
317 2527 426 2590 altiora
447 2527 652 2607 progressibus
678 2527 765 2588 valde
784 2527 955 2605 providum,
979 2533 1012 2590 ut
1027 2529 1194 2590 docueruut
1211 2539 1327 2608 evene,

250 2623 350 2692 luisse
365 2627 616 2708 demonstrarent,
628 2625 705 2687 dum
720 2626 811 2688 homo
832 2627 986 2704 ignobilis,
1009 2634 1043 2688 ut
1055 2628 1165 2690 Glaber
1186 2637 1329 2706 metatur,

253 2724 357 2812 primo
371 2727 408 2790 sd
419 2728 532 2805 regiam
549 2725 663 2802 amam,
678 2725 748 2788 inde
767 2726 805 2788 ed
819 2727 1021 2790 lihamenaem
1034 2729 1329 2810 Archiepisoopatum

254 2823 636 2907 sibiaditumprsepararit,
647 2825 1127 2907 posteaadllavenuatisucclesiae
1137 2831 1330 2909 praesulatum

254 2926 479 3009 apernitxiam3
498 2934 586 3005 etque
595 2926 720 2988 demum
733 2932 767 2987 ut
780 2927 968 3006 imperatoria
980 2945 1072 2990 manu
1088 2930 1332 3009 adapostolicam

255 3016 384 3104 Sedem,
398 3028 513 3089 cautis
525 3028 754 3089 errrinentiorem
769 3028 847 3088 Petri
866 3027 1022 3097 thronum,
1039 3029 1240 3107 extolleretur,
1254 3046 1334 3107 prm·

176 3203 177 3208 ἵ
250 3132 379 3215 pararit
399 3138 552 3207 umquam
570 3143 710 3188 summus
732 3125 976 3201 summaegloriae
996 3144 1058 3187 sue
1073 3127 1178 3189 artilex
1195 3136 1225 3188 et
1239 3129 1322 3194 archi

176 3279 178 3316 χ
260 3233 372 3309 memo,
389 3228 496 3293 idonee
509 3226 588 3290 adid
603 3226 818 3306 perficiendum
832 3226 1033 3287 instrumenta
1054 3229 1219 3309 composita
1231 3230 1336 3290 inven-

261 3326 348 3393 tione
361 3325 513 3404 daedetica,
530 3327 670 3407 quamvis
684 3325 821 3406 plerique
845 3325 974 3386 dixerint
986 3325 1149 3401 diabolica,
1164 3342 1272 3407 nempe
1285 3344 1336 3389 ve—

262 3428 320 3493 tita
329 3428 440 3505 magia,
454 3442 522 3507 quae
534 3434 588 3505 pe'r
600 3412 772 3487 doemonum
797 3424 1014 3485 invocationem
1028 3426 1125 3505 pertici
1140 3431 1302 3489 cousuevit.
1319 3448 1335 3486 e

178 3577 181 3616 ,
306 3526 409 3605 Quum
423 3526 517 3605 igitur
530 3516 617 3603 lingo
629 3536 683 3585 rea
696 3540 816 3585 omnem
831 3525 962 3586 lotharii
977 3526 1055 3603 regis
1066 3526 1192 3589 domurn
1205 3528 1340 3607 perdere,
1381 3598 1387 3609 ‚

262 3620 1342 3713 acpropierealrnulphnmlothariienooncubinsiretrem,Archiepis-
1379 3682 1380 3687 ,

264 3740 378 3811 'copum
392 3727 595 3789 Rhomensem
613 3718 797 3803 legitimum,
812 3723 849 3785 de
865 3724 963 3787 medio
978 3726 1081 3788 tollere
1092 3729 1255 3803 statuisset,
1269 3744 1340 3790 con·

180 3811 182 3904 ]
265 3826 449 3898 ciliabulum
462 3824 587 3892 libemis
598 3826 781 3906 celebratum
800 3826 978 3906 arnulphus
991 3826 1061 3889 dolo
1073 3833 1176 3907 ceptus
1186 3828 1259 3889 illuc
1271 3846 1340 3907 per·

181 3913 182 3994 ζ
269 3927 402 3994 trahitur
410 3945 420 4007 ;
436 3926 536 3991 assde
547 3921 735 3990 nobilissima
748 3943 801 4005 per
818 3942 970 3987 summam
992 3927 1136 4003 injuriam
1156 3926 1337 4005 deponitur3

267 4033 434 4096 Gerbertus
446 4030 478 4091 in
492 4030 557 4108 ejus
567 4024 682 4102 locum,
693 4033 819 4105 urgente
831 4027 958 4103 lingone
968 4044 1048 4104 rege,
1063 4026 1222 4089 sufficitur.
1238 4030 1275 4091 At
1288 4031 1343 4091 ilr-

270 4127 382 4211 uulphi
396 4125 612 4210 depositionem
632 4132 722 4205 atque
740 4127 916 4188 electionem
926 4124 1058 4187 Gerberti
1072 4125 1161 4187 Sedes
1175 4128 1343 4207 apostolica

271 4228 441 4313 improlnt3
453 4228 581 4291 aeterno
593 4227 790 4307 poetauuoin
801 4226 1345 4291 alteroltlremensiconcitioecatlre-

271 4323 326 4395 dra
338 4332 394 4411 per
414 4326 550 4391 fraudem
572 4334 712 4407 occupata
731 4326 952 4390 inverecundus
965 4325 1130 4389 monachus
1144 4328 1346 4404 ignominiose

272 4430 426 4509 deiicitur.
437 4427 515 4490 l'um
526 4440 597 4488 sero
606 4434 694 4507 cmpit
706 4426 769 4504 ille,
778 4421 946 4490 incredibili
956 4428 1058 4489 lurore
1069 4427 1198 4506 percitus
1210 4428 1347 4507 inopes·

273 4531 397 4596 tolicam
405 4524 1347 4609 Sedem,cnjuspraeceptisEpiscopiadacti,anulphorestituto,

303 4724 818 4799 (eima.‚saa.xox‚e.x.-uproro.
