3559 5675
591 787 700 836 sunus.
726 807 761 824 -
784 787 868 835 crosa
889 787 1026 836 oestrus.
1287 773 1346 836 tet

260 911 320 974 que
335 893 485 956 dubitatio
504 892 542 954 de
563 892 713 956 bonorum
726 911 854 956 suorum
868 910 923 955 seu
938 894 1099 956 mobilium
1121 909 1176 956 seu
1188 891 1345 956 stabilium

260 1010 330 1054 rere
352 995 548 1075 proprietate.
568 995 685 1055 Etenim
700 993 847 1073 quamdiu
861 995 990 1072 quisque
1005 996 1110 1056 timere
1126 999 1230 1073 potest,
1244 1009 1283 1055 ne
1296 1010 1346 1054 re·

260 1099 347 1172 pente
363 1091 477 1168 aliquis
498 1098 638 1168 exsurgat
651 1109 667 1153 e
680 1109 742 1170 quo
756 1093 844 1154 bonis
858 1111 875 1154 a
890 1109 923 1154 sa
942 1092 1092 1154 bauaima
1107 1092 1251 1172 possessis
1262 1095 1346 1170 juste

261 1191 421 1270 spolietur,
437 1191 469 1252 1·
478 1192 630 1272 perpetuis
644 1192 839 1254 timoribuset
850 1191 1128 1254 annotetibnsboni
1140 1193 1253 1269 quique
1264 1191 1345 1252 eires

261 1291 475 1366 vexabuntor3
493 1291 645 1352 rorebrae
665 1291 743 1354 iuter
761 1293 841 1354 eires
863 1291 1020 1353 discordiae
1040 1298 1069 1352 et
1087 1291 1174 1354 lucta
1194 1291 1345 1352 acernmar

261 1396 391 1455 existent
397 1407 408 1469 3
427 1393 460 1454 3·
479 1409 624 1472 pauperes
647 1400 677 1454 et
689 1393 791 1456 callidi
805 1394 1037 1456 bominesomni
1062 1398 1124 1453 crte
1140 1399 1285 1472 perpetuo
1297 1409 1346 1454 co-

260 1493 421 1554 nabuntur
436 1491 545 1553 divites
563 1493 628 1553 suis
643 1492 750 1573 opibus
766 1493 907 1572 spoliare;
922 1493 954 1553 4·
966 1494 1000 1553 in
1018 1493 1101 1552 bunc
1121 1493 1212 1553 linem
1224 1492 1346 1555 fraudes

259 1609 367 1653 omnes
391 1607 410 1652 a
435 1591 566 1652 versutis
581 1598 671 1669 atque
693 1593 837 1672 improbis
859 1592 1034 1653 bominibus
1058 1589 1284 1651 adhibebuntur
1308 1589 1346 1650 ad

260 1699 347 1754 testes
361 1697 394 1751 et
401 1691 520 1768 jndices
534 1690 723 1770 decipiendos
732 1692 780 1753 rel
794 1692 1047 1771 corrumpendos:
1057 1707 1126 1770 quas
1137 1705 1209 1750 sane
1220 1688 1348 1768 judicio·

261 1809 328 1852 rum
350 1791 503 1868 iniquitas
517 1797 661 1868 quantam
675 1791 857 1869 tlagitionrm
873 1800 902 1854 et
915 1794 1119 1854 calamitatum
1130 1791 1241 1853 molem
1252 1789 1346 1851 addu-

260 1909 326 1952 cere
336 1891 449 1960 soleat,
466 1890 594 1968 quisque
605 1893 704 1964 norit3
716 1893 900 1970 regiorum
911 1894 1039 1969 cultura,
1052 1893 1164 1953 artium
1178 1890 1344 1970 industriae,

262 1995 448 2055 commercia
461 1993 568 2054 inertia
591 1999 620 2054 et
641 1995 809 2073 improvida
819 1997 976 2072 jacebunt,
991 2001 1130 2057 enervate
1147 2011 1183 2055 eo
1195 2001 1290 2069 metu,
1306 2009 1345 2054 ne

262 2095 401 2155 loturum
418 2093 581 2170 aliquande
609 2095 647 2153 sit
672 2099 706 2154 ut
728 2095 866 2156 laborum
892 2112 1017 2157 snorum
1044 2095 1191 2156 fructibus
1204 2093 1346 2155 continuo

264 2197 432 2271 priventur.
450 2195 528 2268 Ergo
555 2191 639 2253 etad
665 2193 812 2254 societatis
836 2193 1098 2273 tranquillitatem,
1119 2199 1149 2254 et
1172 2191 1210 2253 ad
1234 2193 1347 2254 civium

268 2293 382 2355 diritius
398 2293 543 2354 tutandas
555 2294 719 2355 necessaria
732 2309 855 2374 pmrsos
869 2300 914 2356 est
927 2295 1018 2374 plena
1030 2293 1247 2374 possidentium
1261 2309 1347 2354 secu·
1418 2358 1422 2369 ,

272 2395 347 2454 ritas.

305 2495 407 2572 Atqui,
423 2493 486 2553 nisi
513 2496 585 2554 certi
599 2490 724 2570 quidam
739 2493 880 2571 temporis
894 2492 1005 2554 limites
1019 2493 1057 2554 ab
1075 2491 1248 2554 auctoritate
1266 2489 1346 2551 desi·

264 2599 407 2671 guantur,
417 2593 499 2653 ultra
510 2609 586 2671 quos
608 2610 696 2655 nemo
715 2593 845 2671 amplius
854 2594 948 2674 possit
960 2593 1004 2654 rei
1018 2594 1227 2673 proprietatem
1240 2591 1278 2653 ob
1291 2606 1349 2652 an·

262 2695 343 2772 liqna
356 2711 416 2754 sua
428 2695 500 2772 jura
513 2693 571 2754 sibi
591 2692 754 2769 vindicare,
769 2691 968 2756 dubitationes
984 2691 1045 2754 illae
1059 2698 1197 2755 etmetus
1212 2697 1242 2753 c't
1262 2692 1346 2752 irso-

260 2793 336 2855 dum
347 2808 384 2854 ac
395 2790 577 2868 flagitiorum
593 2808 627 2852 uc
640 2791 855 2853 discordiarum
870 2791 1004 2872 pericula
1017 2795 1159 2873 perpetuo
1168 2789 1346 2866 subsistunt,

260 2902 294 2954 ut
309 2896 477 2954 constater
488 2890 619 2952 notando
634 2890 665 2952 ni
675 2890 875 2971 praecedentis.
892 2892 970 2969 Ergo
987 2898 1016 2952 et
1031 2893 1102 2967 jure
1114 2896 1209 2970 potest
1222 2896 1251 2951 et
1264 2888 1353 2951 debet

259 2992 385 3055 socialis
403 2990 563 3053 auctoritas
579 2997 677 3053 retera
699 2990 848 3071 ejusmodi
858 2994 941 3069 juta,
957 3007 1023 3068 quae
1038 2991 1207 3051 societatem
1229 2990 1349 3049 unirer·

259 3110 328 3153 sam
341 3090 569 3172 perturbarent,
583 3096 652 3169 post
664 3096 780 3152 certum
792 3090 944 3170 quoddam
954 3094 1074 3168 tempus
1085 3089 1238 3166 antiquata
1252 3102 1286 3147 ac
1299 3086 1350 3147 de·

258 3192 324 3254 leta
338 3192 405 3253 lore
420 3190 589 3252 decernere.
600 3192 717 3251 Etenim
728 3191 760 3251 in
772 3188 922 3268 eiusmodi
934 3188 1051 3251 mnibus
1062 3190 1115 3265 jus
1128 3187 1236 3267 priuati
1252 3185 1350 3246 homi·

260 3294 314 3355 nis
325 3310 365 3354 ex
379 3290 529 3353 oblivione
542 3290 591 3350 rel
605 3289 661 3350 alia
673 3290 710 3351 de
724 3306 815 3351 causa
828 3289 963 3350 ominum
981 3286 1132 3350 colliditur
1142 3302 1212 3347 cum
1224 3290 1295 3365 jure
1309 3284 1350 3345 oi·

260 3400 354 3474 pente
366 3390 451 3469 quod
458 3395 517 3451 tota
527 3390 648 3451 societas
662 3388 751 3451 habet
764 3388 800 3451 ad
815 3389 968 3469 publicam
977 3404 1092 3467 parem,
1107 3386 1145 3447 ad
1159 3387 1350 3448 fortunarum

261 3492 497 3573 prosperitatem
510 3490 740 3569 progressuum,
752 3492 853 3550 etcum
860 3490 930 3566 J'nre
944 3486 1023 3565 quod
1035 3487 1107 3549 socii
1119 3502 1224 3547 omnes
1238 3484 1351 3545 babent

263 3592 306 3654 ad
334 3608 400 3653 suae
419 3590 487 3651 ritu
510 3590 720 3667 bonorumque
734 3606 857 3650 suorum
873 3590 1071 3650 securitatem.
1086 3590 1224 3649 Jamrero
1238 3587 1353 3665 perspi·

262 3708 363 3753 ouum
378 3694 423 3751 est
434 3692 487 3767 jus
502 3689 579 3750 illud
602 3690 707 3768 privati
728 3688 860 3751 hominis
882 3688 1033 3749 inlumina
1043 3690 1114 3765 jure
1127 3687 1274 3751 societatis
1287 3703 1352 3747 esse

263 3790 369 3871 quoad
380 3806 486 3851 omnes
498 3804 568 3850 suos
579 3797 728 3869 respectus
742 3788 824 3866 (370,
841 3786 912 3866 37l)
929 3809 936 3848 ι
951 3794 995 3849 est
1007 3788 1089 3848 enim
1098 3788 1201 3848 minus
1216 3785 1350 3862 evidens,

265 3898 298 3954 et
310 3893 417 3951 minus
429 3887 577 3966 gencrale,
597 3895 627 3949 et
641 3889 766 3949 minoris
781 3890 936 3949 momenti.
953 3886 1039 3965 Ergo,
1054 3893 1110 3948 etc.

310 3988 531 4052 modenule.
551 3992 578 4050 l.
594 4018 634 4034 -
647 3988 758 4048 Veteris
777 3992 987 4067 cujtrscunque
1002 3986 1080 4065 juris
1102 3986 1133 4045 in
1153 4002 1216 4045 rem
1235 3986 1273 4046 ab
1293 3986 1355 4047 alio

266 4092 350 4153 bona
364 4088 423 4151 lide
438 4106 605 4168 possessam
619 4092 684 4168 post
697 4094 812 4149 certum
827 4096 945 4166 tempus
957 4086 1091 4159 abolitio,
1101 4083 1290 4165 proscriptio
1302 4102 1354 4146 ro·

268 4196 367 4252 catur.
385 4186 550 4268 ltaquejus
559 4186 799 4269 praescriptionis
811 4192 856 4247 est
867 4188 919 4265 jus
929 4184 1092 4263 tranquille
1106 4202 1171 4246 rem
1185 4183 1354 4265 possidendi

269 4295 338 4371 post
358 4288 498 4350 eamdem
513 4294 592 4349 certo
613 4292 744 4367 tempore
763 4292 791 4347 et
812 4285 968 4347 bonafide
989 4302 1154 4366 possessam
1174 4285 1353 4363 acquisitum

271 4397 376 4451 contra
390 4389 499 4469 prioris
516 4386 631 4449 domini
641 4389 693 4465 jus
710 4386 921 4465 quodcunque.
942 4389 979 4448 Et
993 4384 1098 4467 tepolis
1109 4384 1298 4467 prescriptio
1312 4392 1356 4446 est

272 4488 365 4550 alieni
379 4490 590 4565 cujuscunque
608 4486 735 4563 juricio
756 4502 820 4546 rem
840 4486 877 4546 ab
897 4485 999 4564 aliquo
1017 4485 1096 4546 bona
1115 4484 1173 4546 fide
1188 4472 1356 4564 possessam

272 4588 414 4649 exdnotio
435 4594 503 4668 post
523 4591 637 4647 eertum
657 4592 776 4665 tempus
799 4584 864 4662 lege
885 4580 1069 4647 delinitum:
1087 4582 1135 4645 lec
1154 4591 1254 4645 autem
1269 4598 1355 4662 proe·

273 4686 442 4768 scriptionis
460 4684 505 4749 est
519 4686 568 4747 lex
584 4700 644 4765 qua
663 4684 782 4747 socialis
802 4684 957 4747 auctoritas
978 4684 1203 4764 inquisitionem
1223 4688 1356 4743 retcmm
