3559 5675
536 718 642 763 sunni.
666 737 704 749 -
726 704 809 767 nisse
831 716 1003 773 onnnutrtus.
1248 702 1305 797 iiiii

269 821 361 880 ‹lireota
378 828 405 880 et
420 824 516 880 minus
536 821 698 895 evidentes,
715 826 755 883 ita
769 834 804 886 ut
815 818 883 905 quae
899 830 980 889 natio
996 830 1060 903 jmn
1086 824 1306 904 illa-principia
1332 906 1333 909 Ἴ

268 922 420 995 strepentet
433 919 515 997 plane
530 922 713 998 profiteatur,
740 927 831 1001 possit
848 931 949 987 tamen
965 927 1017 985 lias
1032 924 1223 989 deductiones
1237 922 1306 983 inde

265 1028 446 1093 consequentes
470 1031 620 1096 respuere.
651 1022 746 1097 igitur
772 1032 846 1085 non·
860 1026 1064 1104 quodeunque
1090 1024 1225 1097 laisum,
1254 1022 1306 1083 sed

264 1119 438 1179 solummodo
455 1116 534 1178 illud
550 1121 629 1197 quod
649 1121 769 1183 directe·
784 1126 829 1186 nel
845 1126 1008 1204 cujuslibet
1031 1123 1176 1185 societatis
1199 1122 1306 1197 lunda·

263 1226 342 1277 neoto
356 1220 477 1296 subruit,
500 1222 545 1281 nel
573 1222 792 1285 individualem
819 1227 950 1302 nationis
972 1225 1099 1299 alicujus
1121 1223 1309 1301 particularis

262 1318 417 1377 erisonnun
429 1329 591 1398 oppugnat,
604 1307 751 1383 societatis
765 1325 916 1400 aggressio
930 1322 1055 1385 dicendo
1071 1330 1124 1383 est.

290 1420 318 1474 2⁰
333 1420 446 1485 Etiamsi
458 1421 600 1496 qnalibet
611 1422 759 1497 doctrina,
782 1404 980 1502 simulatque
995 1422 1112 1503 publioe
1130 1423 1161 1481 in
1176 1423 1307 1499 siliquam
1323 1470 1326 1477 .

260 1516 400 1577 societatem
413 1520 543 1581 admissa
554 1530 612 1595 est,
626 1525 822 1589 essentialiter
832 1526 870 1585 ad
883 1538 949 1585 sese
965 1523 1185 1603 propagandam
1194 1523 1306 1598 torrent,

258 1623 362 1676 onumen
374 1616 431 1679 cion
446 1636 552 1680 ornnes
566 1622 633 1681 alia
647 1624 795 1701 nationesj
811 1628 961 1707 neoqomni
977 1633 1120 1701 tempore⁴
1135 1618 1206 1681 sunt
1224 1636 1309 1699 reque

258 1715 285 1773 ad
308 1733 351 1775 ras
373 1711 559 1796 excipiendas
580 1726 766 1799 comparate.
787 1724 921 1798 'Quando
935 1725 1027 1783 -onint
1055 1722 1168 1799 populi
1181 1720 1309 1795 artoinus

258 1822 350 1887 caract
369 1816 572 1907 infrequentes
587 1825 659 1877 sont
678 1836 749 1880 enm
772 1824 914 1883 societate
931 1834 1067 1901 eorrrrpta
1086 1836 1119 1881 ao
1143 1820 1310 1897 perturbata

256 1914 431 1976 reladonesct
447 1921 642 1993 eommercia
660 1920 782 1995 qnando
802 1924 933 2001 populns
955 1922 1006 1981 ille
1028 1921 1212 1997 trationillns
1231 1920 1311 1982 muts

254 2011 371 2075 doctrinis
384 2015 512 2077 miniter
530 2018 675 2095 adhaeret,
691 2036 726 2083 ae
739 2021 880 2083 doctrina
899 2018 1039 2084 ricinum‘
1052 2023 1223 2083 societatem
1239 2037 1310 2099 por-

255 2112 382 2174 tnrbantes
394 2117 700 2179 nitnrrtureridenier
710 2122 865 2200 principiis
880 2138 949 2198 quac
971 2122 1051 2199 apud
1066 2120 1148 2181 hirtio
1163 2119 1309 2198 populum

252 2213 342 2285 passim
362 2217 545 2293 contemptui
567 2222 596 2275 et
620 2216 689 2276 odio
712 2225 802 2296 sunt;
829 2220 1023 2279 manifestum
1047 2226 1103 2291 est,
1128 2220 1158 2277 in
1184 2235 1219 2277 oo
1240 2234 1310 2279 oasu

252 2310 379 2374 doetrinss
397 2316 668 2377 etcommotiones
689 2300 794 2377 vicinae
807 2320 971 2379 societatis·
984 2310 1141 2379 remotum
1159 2316 1312 2376 rlrrrntnxot

250 2412 396 2485 pericnlum
418 2414 496 2473 lutrio
520 2414 754 2493 popnloereare,
777 2422 868 2492 atque
891 2416 1002 2476 ideirco
1027 2398 1104 2475 illas
1119 2428 1310 2490 neqnaquam

251 2513 450 2584 aggressionem
468 2512 562 2588 hujus
577 2514 680 2592 popuii
693 2514 751 2577 diei
774 2532 872 2594 posse.
894 2517 952 2587 Sic,
965 2534 991 2576 o.
1012 2534 1057 2595 9.,
1080 2514 1261 2575 Bnddismns
1282 2520 1312 2573 et

249 2608 415 2671 lslsrnismu's
432 2610 570 2684 nullum,
587 2614 646 2671 nisi
664 2615 913 2690 remotissimum,
928 2616 1074 2693 enropaeis
1094 2612 1238 2690 gentibus
1253 2626 1310 2690 pe-

249 2708 359 2770 riculum
374 2712 485 2772 afferre
497 2719 633 2791 possum.
1198 2702 1201 2708 ⁵

283 2806 313 2868 3⁰
330 2812 460 2872 {travam
485 2794 649 2870 doctrinan]
673 2816 770 2890 polest
795 2814 919 2874 serietas
945 2812 998 2872 illa
1021 2806 1160 2888 corrupta
1182 2810 1311 2890 profiteri

246 2909 283 2968 nol
301 2929 364 2977 com
386 2929 532 2992 expresso
549 2903 667 2972 socialis
692 2914 876 2974 auctoritatis
900 2931 962 2974 snae
989 2927 1147 2981 consenso,
1173 2911 1218 2970 nol
1241 2926 1311 2970 cnm

243 3011 363 3082 eiusdem
382 3013 546 3073 oscitantia
568 3002 598 3071 et
612 3011 763 3089 neglectu,
781 3013 835 3090 qni
854 3013 1013 3072 consensui
1039 3011 1123 3069 tacito
1140 3007 1309 3085 aequivalet,

244 3111 279 3167 rel
291 3127 356 3170 oum
370 3111 502 3190 positiva
515 3110 600 3170 illius
614 3111 785 3171 tolerantia.

274 3212 305 3269 ln
320 3215 419 3290 primo
440 3228 528 3286 casu,
545 3213 570 3270 si
590 3211 723 3271 doctrina
742 3218 786 3271 est
807 3210 989 3291 antisooialis
1015 3227 1050 3270 eo
1064 3209 1153 3270 modo
1173 3221 1262 3298 quem
1279 3209 1310 3268 in

241 3310 324 3385 prima
338 3311 514 3375 conditione
536 3310 753 3394 explicuimus,
773 3315 888 3372 mustei
908 3309 1053 3388 populum
1070 3310 1122 3387 qni
1145 3309 1228 3368 illanc
1252 3326 1310 3388 pn-

241 3407 305 3470 ldioe
317 3413 509 3489 profiteatur,
524 3425 589 3470 csse
603 3409 769 3470 vicinarum
782 3410 918 3490 gentium
930 3409 1077 3486 injustum
1090 3423 1309 3486 aggressorom3

239 3514 394 3587 prasertim
416 3513 444 3572 si
461 3509 513 3570 ille
536 3509 634 3587 lislam
648 3509 817 3586 denuntiet,
831 3525 868 3568 se.
885 3509 965 3573 velle
984 3507 1076 3570 talem
1090 3509 1257 3578 docum
1281 3509 1311 3572 in

238 3613 303 3682 alios
316 3631 444 3690 quoqne
459 3609 585 3689 populos
604 3625 777 3688 propagare.
801 3611 835 3668 ln
851 3608 946 3669 altero
967 3624 1051 3683 casu,
1072 3609 1188 3692 socialis
1212 3615 1313 3669 sueto·

236 3714 312 3788 ritas,
324 3717 419 3790 eujus
434 3701 620 3788 negligentia
638 3710 779 3771 doctrine
796 3709 984 3772 antisociales
1003 3708 1083 3790 apud
1107 3709 1195 3771 illurn
1217 3709 1312 3790 popn-¹
1407 3745 1409 3750 .

238 3811 296 3874 lum
321 3815 519 3878 invalescunt
536 3817 566 3870 et
586 3810 646 3871 late
667 3818 839 3881 excurrerat,
871 3827 889 3870 o
914 3810 1081 3872 vicinarum
1104 3809 1242 3884 gentium
1263 3825 1314 3874 ee·

233 3911 590 3990 premisauotoritatibus
611 3910 906 3990 commonenda-est.
928 3907 1014 3982 Quod
1037 3908 1246 3985 si-prudentss
1267 3909 1314 3976 lits
1408 3975 1412 3981 .

237 4016 418 4075 monitiones
431 4011 553 4072 nullum
567 4009 648 4090 apud
661 4026 729 4070 eam
743 4013 952 4072 auctoritatem
969 4007 1100 4068 irnetnm
1115 4001 1313 4096 sufficientem

233 4114 358 4190 pariant,
381 4119 454 4170 tum
467 4125 538 4170 nero
558 4125 656 4187 prarae
670 4106 822 4183 doctrina,
836 4123 965 4185 quarum
984 4106 1237 4184 compressionem
1261 4105 1314 4166 illa

235 4215 396 4276 oscitanter
411 4209 549 4286 negligit,
563 4215 718 4284 tamquam
729 4225 800 4268 tera
812 4212 842 4267 et
855 4207 971 4284 injusta
985 4205 1155 4270 uicinorum
1165 4204 1315 4281 aggressio

233 4315 404 4394 spectanda
428 4316 509 4372 sunt.
532 4311 564 4369 ln
587 4307 818 4395 tertiodeoiqoo
831 4323 917 4381 oasu,
937 4303 1103 4369 notandum
1127 4311 1171 4366 est
1190 4309 1317 4364 toleran-

235 4419 308 4476 tiam
330 4430 428 4495 posse
448 4412 495 4472 nel
519 4409 651 4470 debitam
666 4407 714 4469 rel
729 4406 905 4468 indebitam·
916 4422 1000 4478 esse,
1015 4410 1050 4465 ut
1063 4407 1128 4483 jum
1147 4405 1220 4468 elilti
1231 4405 1316 4481 (888)

234 4519 428 4596 explicatum
441 4519 496 4574 est.
517 4511 549 4572 st
565 4508 723 4570 tolerantia
741 4513 786 4568 est
802 4505 915 4584 debita,
935 4506 1079 4583 quonism
1097 4509 1168 4584 jure
1188 4508 1252 4586 ipso
1274 4506 1318 4566 ni·
1365 4553 1367 4556 .

232 4621 320 4691 titur,
347 4613 473 4676 nnllam
499 4610 605 4672 riolois
631 4607 751 4690 populis
773 4605 969 4686 quesumus
999 4605 1184 4677 occasionem
1203 4609 1317 4685 jnstem

230 4719 370 4798 pabore
392 4720 503 4794 potest,
526 4711 578 4774 sed
593 4713 693 4776 solnm
714 4711 803 4772 donet
815 4709 1011 4769 excitameoto
1025 4706 1131 4774 iistlero
1152 4723 1214 4768 esse
1229 4713 1263 4768 ut
1280 4703 1316 4770 td
