3559 5675
539 766 647 814 suune
670 785 710 798 -
732 766 814 813 erese
837 766 1012 814 uuoseruus.
1255 748 1316 813 tce

266 868 513 953 porislaborabant,
526 872 629 932 omnia
645 872 708 933 heac
727 873 818 933 simul
833 875 994 949 conjuncta
1008 872 1124 935 efficere
1139 878 1313 953 potuerunt,

266 978 291 1034 ut
305 971 410 1032 eebelli
429 971 577 1050 spectandi
597 979 626 1031 et
646 972 753 1048 agendi
777 974 850 1033 ratio
874 974 1056 1035 inolesceret.
1082 975 1117 1035 ln
1137 973 1195 1035 hoe
1213 979 1315 1034 autem

263 1073 447 1133 communium
469 1072 643 1149 opinionum
666 1088 828 1149 rerumque
852 1080 945 1148 statu,
966 1074 1043 1133 sicut
1070 1073 1315 1145 dominocuivis

263 1174 373 1233 liberum
385 1189 499 1251 semper
510 1179 555 1233 est
565 1175 637 1249 Jura
650 1180 680 1233 et
692 1172 770 1234 bone
783 1190 838 1234 sua
851 1172 1002 1247 deserere,
1015 1190 1053 1233 ne
1065 1173 1118 1234 illa
1131 1191 1183 1252 per
1192 1190 1316 1251 aggres-

262 1274 323 1333 suris
336 1272 439 1333 cedem
450 1274 528 1333 tueri
541 1279 674 1349 cogetur,
691 1274 742 1347 ita,
758 1279 787 1334 et
802 1274 898 1333 multo
918 1274 1027 1349 magis,
1043 1274 1142 1335 eidem
1156 1274 1259 1335 licebit
1271 1274 1318 1332 in·

260 1376 331 1432 certe
350 1372 466 1433 illorum
477 1376 600 1451 jactura
614 1390 677 1433 sese
691 1388 848 1451 exponere,
871 1380 901 1433 et
920 1391 939 1433 a
961 1372 1069 1434 mediis
1090 1379 1204 1451 quanto
1217 1374 1252 1434 ad
1268 1373 1317 1433 sui

260 1469 365 1529 tutelam
379 1469 605 1545 efficacioribus,
620 1478 702 1532 tento
718 1477 821 1532 contra
835 1471 953 1534 hostem
966 1473 1141 1536 senioribus
1155 1473 1315 1535 abstinere.

259 1571 358 1631 ltvero
371 1572 451 1652 apud
465 1571 620 1632 societates
634 1571 792 1633 hodiernae
813 1572 997 1652 principatus
1011 1573 1137 1633 minime
1157 1569 1318 1633 dominium

258 1676 292 1728 est
306 1668 378 1747 (457,
393 1671 497 1732 corolt.
515 1674 564 1747 2);
583 1688 636 1731 nec
655 1671 771 1733 bellum
784 1689 802 1731 a
815 1672 949 1751 principe
970 1671 1146 1733 denuntiari
1162 1673 1202 1734 ob
1220 1673 1317 1751 prina-

259 1774 308 1827 tam
331 1770 423 1832 ullam
440 1788 562 1833 causam
580 1780 685 1850 potest.
710 1772 786 1833 lline
810 1770 951 1847 edicitur,
974 1778 1009 1833 ut
1028 1772 1165 1834 duellum
1188 1773 1319 1852 potuerit

256 1868 404 1946 aliquando.
419 1871 501 1932 licite
522 1871 601 1950 apud
616 1871 753 1933 rudiores
767 1890 818 1933 eas
832 1874 985 1934 societates
999 1874 1032 1933 in
1046 1873 1097 1933 tali
1111 1889 1219 1950 genere
1231 1870 1318 1933 dissi-

256 1966 369 2042 diorum,
383 1970 417 2031 ad
444 1972 573 2049 privates
592 1971 763 2051 principum
777 1972 957 2033 ambitiones
970 1973 1189 2051 pertinentium
1202 1971 1294 2031 indici
1308 1991 1317 2042 ;

255 2070 378 2142 quamvis
389 2072 531 2131 universe
545 2068 691 2148 loquendo
705 2070 843 2133 duellum
867 2090 921 2151 pro
935 2072 1016 2134 bello
1025 2071 1127 2149 iuberi
1144 2077 1197 2133 aut
1217 2086 1318 2149 accep·

254 2168 297 2225 tari
315 2170 489 2249 aprincipe,
502 2174 535 2231 ut
549 2169 750 2247 ostendimus,
767 2179 908 2248 nequeat.
1267 2186 1270 2194 ’

641 2372 846 2447 terremus
867 2386 916 2447 vr.

602 2562 645 2626 De
663 2562 734 2625 belli
752 2522 959 2627 moderatione.

286 2747 366 2811 ribo.
389 2754 574 2813 Nostrone.
590 2784 627 2795 -
646 2752 721 2813 Belli
745 2753 909 2815 moderatio
930 2730 1054 2831 spectari
1078 2758 1174 2831 potest
1198 2753 1230 2811 in
1250 2755 1317 2831 ejus

251 2849 335 2926 initio,
359 2867 503 2930 processu
523 2857 552 2912 et
573 2849 643 2911 fine.
670 2853 705 2912 Et
729 2852 801 2912 belli
818 2852 939 2930 quidem
967 2852 1054 2912 initio
1079 2851 1318 2926 belligerantium

251 2948 402 3012 moderatio
431 2951 571 3030 postulet,
599 2956 634 3011 ut
658 2951 694 3010 iis
715 2937 1138 3020 eetislaciant'ronditionibus
1159 2952 1316 3027 quaejam

251 3063 277 3107 n.
293 3051 368 3112 1193
380 3049 598 3112 iudicavimus.
614 3052 647 3110 ln
668 3049 738 3110 belli
754 3055 854 3116 autem
869 3049 938 3118 tine.
954 3055 988 3109 ut
1000 3049 1064 3110 haec
1079 3049 1243 3110 moderatio
1258 3065 1318 3108 ser-

251 3153 338 3226 retur,
353 3166 516 3228 nunquam
536 3149 671 3210 laedenda
683 3155 726 3210 est
748 3165 783 3210 ea
796 3150 844 3210 lex
864 3148 1154 3224 humanitatisque
1177 3152 1264 3220 vetat,
1281 3164 1319 3206 ne

250 3247 305 3308 ulla
326 3251 455 3311 societas
469 3250 601 3329 privetur
625 3265 659 3315 eo
674 3249 764 3324 bono,
786 3249 825 3310 ob
839 3247 919 3326 quod
939 3247 1161 3325 potissimuma
1182 3248 1319 3308 creatore

249 3345 300 3406 luit
312 3349 464 3422 institute,
479 3349 591 3410 scilieet
605 3349 766 3411 uniuersali
778 3349 856 3409 boun
877 3348 1040 3409 honestatis
1054 3349 1086 3407 iu
1106 3350 1167 3408 vita
1181 3346 1319 3426 presenti

248 3463 277 3504 uc
293 3448 445 3510 felicitatis
456 3454 571 3512 eterne
585 3449 617 3508 in
628 3449 742 3523 lutura,
759 3449 796 3510 ed
811 3449 891 3526 quod
905 3450 1004 3510 omnis
1017 3447 1152 3508 humana
1164 3445 1320 3507 associatio

248 3549 444 3609 essentialiter
457 3546 681 3618 subordinatur,
694 3564 793 3624 neque
813 3547 877 3608 ulto
899 3549 978 3617 bono
990 3550 1048 3610 atio
1065 3549 1153 3624 cujus
1167 3545 1318 3625 ademptio

248 3649 355 3708 nonsit
372 3647 410 3708 ed
425 3650 476 3724 jus
490 3647 608 3710 victoris
625 3647 782 3708 tutandum
801 3651 985 3710 necessarie:
998 3648 1107 3726 quade
1120 3665 1152 3708 re
1168 3651 1233 3725 jem
1247 3647 1320 3706 satia

247 3743 374 3808 diximus
395 3765 431 3810 n.
458 3751 543 3807 1201.
563 3749 664 3808 Restat
677 3747 777 3824 igitur,
799 3755 833 3808 ut
855 3749 891 3808 de
906 3747 985 3809 bello
1006 3746 1188 3808 moderando
1207 3748 1239 3806 in
1253 3763 1322 3806 suo·

247 3847 355 3908 cessino
370 3847 458 3907 illiue
469 3862 608 3926 processu
625 3846 819 3910 disseramus.

283 3947 373 4009 1207.
398 3950 467 4008 Pus.
491 3947 756 4008 596¹.-Bellum
780 3949 820 4007 ite
845 3944 1011 4024 gerendum
1029 3950 1084 4022 est,
1103 3943 1188 4003 utad
1204 3959 1342 4020 nquam.

247 4063 345 4124 pacem
367 4048 563 4108 obtinendam
578 4055 718 4128 perpetuo
732 4055 850 4128 spectet.

284 4149 377 4210 Pron.
391 4148 561 4208 -Bellum
581 4148 688 4210 idcirce
712 4153 829 4210 tantum
851 4148 1002 4226 suscipere
1024 4146 1109 4222 lieet,
1133 4148 1168 4202 ut
1181 4143 1320 4222 publicus

246 4249 314 4311 ordo
327 4252 366 4312 ab
386 4251 449 4310 alia
462 4252 582 4310 natione
593 4251 721 4312 violatus
737 4251 916 4310 resarciatur
937 4247 1050 4329 (1187).
1067 4249 1142 4322 Ergo
1160 4261 1227 4322 quae
1241 4243 1322 4304 natio

245 4347 358 4410 bellum
384 4349 537 4410 moderate
556 4355 647 4427 gerat,
668 4349 765 4420 debet,
782 4351 882 4410 stetim
897 4365 932 4410 ac
944 4347 1059 4410 ordinis
1076 4345 1321 4406 restaurationem

246 4448 387 4526 obtinuit,
405 4455 580 4528 pernecesse
595 4449 632 4511 ad
654 4467 738 4512 erma
761 4467 882 4530 prorsus
895 4447 1085 4528 deponenda,
1103 4447 1256 4524 linemquc
1270 4444 1323 4506 ta·

246 4547 321 4611 sioni
341 4552 514 4629 cuicunque
529 4549 765 4630 imponendurn3
781 4550 894 4612 scilicet
918 4555 1019 4629 parata
1032 4567 1098 4610 esse
1110 4551 1253 4627 perpetuo
1272 4546 1323 4606 de·

246 4647 309 4724 bet,
323 4657 475 4728 quaritum
491 4654 522 4712 iu
538 4641 590 4714 illa
606 4659 662 4730 est,
677 4652 714 4713 ed
732 4649 950 4728 quiescendum
964 4651 994 4710 iu
1012 4649 1115 4711 ordine
1130 4649 1276 4710 restituto.
1292 4647 1322 4707 Si

246 4751 326 4810 euim
345 4757 415 4829 post
435 4759 602 4830 reparatum
621 4753 757 4814 ordinem
776 4749 875 4812 adhuc
890 4766 1024 4829 pugnare
1038 4750 1144 4828 pergit,
1169 4765 1240 4825 ergo
1261 4762 1322 4808 nou
