<?xml version="1.0" encoding="UTF-8"?>
<!DOCTYPE html PUBLIC "-//W3C//DTD XHTML 1.0 Transitional//EN"
    "http://www.w3.org/TR/xhtml1/DTD/xhtml1-transitional.dtd">
<html xmlns="http://www.w3.org/1999/xhtml" xml:lang="en" lang="en">
 <head>
  <title>
</title>
<meta http-equiv="Content-Type" content="text/html;charset=utf-8" />
  <meta name='ocr-system' content='tesseract 3.04.00' />
  <meta name='ocr-capabilities' content='ocr_page ocr_carea ocr_par ocr_line ocrx_word'/>
</head>
<body>
  <div class='ocr_page' id='page_1' title='image "./jurisnaturalisu00bensgoog_0133.png"; bbox 0 0 3559 5675; ppageno 0'>
   <div class='ocr_carea' id='block_1_1' title="bbox 564 718 1319 781">
    <p class='ocr_par' dir='ltr' id='par_1_1' title="bbox 564 718 1319 781">
     <span class='ocr_line' id='line_1_1' title="bbox 564 718 1319 781; baseline 0.008 -7"><span class='ocrx_word' id='word_1_1' title='bbox 564 729 674 775; x_wconf 78' lang='lat' dir='ltr'><strong>susus.</strong></span> <span class='ocrx_word' id='word_1_2' title='bbox 699 744 735 761; x_wconf 88' lang='lat'><strong>··</strong></span> <span class='ocrx_word' id='word_1_3' title='bbox 758 729 843 775; x_wconf 77' lang='lat' dir='ltr'><strong>ansa</strong></span> <span class='ocrx_word' id='word_1_4' title='bbox 862 728 1000 777; x_wconf 77' lang='lat' dir='ltr'><strong>oerivus.</strong></span> <span class='ocrx_word' id='word_1_5' title='bbox 1261 718 1319 781; x_wconf 72' lang='lat' dir='ltr'><strong>lio</strong></span> 
     </span>
    </p>
   </div>
   <div class='ocr_carea' id='block_1_2' title="bbox 239 834 1335 4821">
    <p class='ocr_par' dir='ltr' id='par_1_2' title="bbox 239 834 1322 1417">
     <span class='ocr_line' id='line_1_2' title="bbox 239 834 1319 917; baseline 0.001 -18"><span class='ocrx_word' id='word_1_6' title='bbox 239 839 301 917; x_wconf 89' lang='lat' dir='ltr'><strong>rali,</strong></span> <span class='ocrx_word' id='word_1_7' title='bbox 316 856 356 902; x_wconf 88' lang='lat' dir='ltr'><strong>ex</strong></span> <span class='ocrx_word' id='word_1_8' title='bbox 370 836 545 917; x_wconf 74' lang='lat' dir='ltr'><strong>hypothesi,</strong></span> <span class='ocrx_word' id='word_1_9' title='bbox 562 853 618 897; x_wconf 88' lang='lat' dir='ltr'><strong>uec</strong></span> <span class='ocrx_word' id='word_1_10' title='bbox 633 836 698 914; x_wconf 90' lang='lat' dir='ltr'><strong>ipse</strong></span> <span class='ocrx_word' id='word_1_11' title='bbox 710 834 823 896; x_wconf 80' lang='lat' dir='ltr'><strong>formas</strong></span> <span class='ocrx_word' id='word_1_12' title='bbox 837 835 918 897; x_wconf 88' lang='lat' dir='ltr'><strong>ullas</strong></span> <span class='ocrx_word' id='word_1_13' title='bbox 932 836 1088 914; x_wconf 80' lang='lat' dir='ltr'><strong>religionis</strong></span> <span class='ocrx_word' id='word_1_14' title='bbox 1100 836 1319 913; x_wconf 84' lang='lat' dir='ltr'><strong>determinavit,</strong></span> 
     </span>
     <span class='ocr_line' id='line_1_3' title="bbox 239 935 1321 1019; baseline -0.002 -18"><span class='ocrx_word' id='word_1_15' title='bbox 239 957 290 1001; x_wconf 87' lang='lat' dir='ltr'><strong>nec</strong></span> <span class='ocrx_word' id='word_1_16' title='bbox 302 939 363 1000; x_wconf 89' lang='lat' dir='ltr'><strong>ulli</strong></span> <span class='ocrx_word' id='word_1_17' title='bbox 375 938 441 1002; x_wconf 87' lang='lat' dir='ltr'><strong>enti</strong></span> <span class='ocrx_word' id='word_1_18' title='bbox 454 941 552 999; x_wconf 88' lang='lat' dir='ltr'><strong>creato</strong></span> <span class='ocrx_word' id='word_1_19' title='bbox 564 935 623 997; x_wconf 89' lang='lat' dir='ltr'><strong>hcc</strong></span> <span class='ocrx_word' id='word_1_20' title='bbox 633 938 686 1014; x_wconf 88' lang='lat' dir='ltr'><strong>jus</strong></span> <span class='ocrx_word' id='word_1_21' title='bbox 699 936 861 996; x_wconf 84' lang='lat' dir='ltr'><strong>commisit.</strong></span> <span class='ocrx_word' id='word_1_22' title='bbox 877 936 1023 1011; x_wconf 74' lang='lat' dir='ltr'><strong>Quocirca</strong></span> <span class='ocrx_word' id='word_1_23' title='bbox 1044 938 1151 1015; x_wconf 86' lang='lat' dir='ltr'><strong>religio</strong></span> <span class='ocrx_word' id='word_1_24' title='bbox 1171 937 1226 999; x_wconf 88' lang='lat' dir='ltr'><strong>illa</strong></span> <span class='ocrx_word' id='word_1_25' title='bbox 1241 940 1321 1019; x_wconf 88' lang='lat' dir='ltr'><strong>posi-</strong></span> 
     </span>
     <span class='ocr_line' id='line_1_4' title="bbox 239 1035 1319 1118; baseline 0.002 -19"><span class='ocrx_word' id='word_1_26' title='bbox 239 1044 405 1118; x_wconf 76' lang='lat' dir='ltr'><strong>inaquam</strong></span> <span class='ocrx_word' id='word_1_27' title='bbox 426 1040 459 1099; x_wconf 88' lang='lat' dir='ltr'><strong>in</strong></span> <span class='ocrx_word' id='word_1_28' title='bbox 473 1035 657 1115; x_wconf 83' lang='lat' dir='ltr'><strong>quibusdam</strong></span> <span class='ocrx_word' id='word_1_29' title='bbox 675 1035 864 1097; x_wconf 82' lang='lat' dir='ltr'><strong>societatibus</strong></span> <span class='ocrx_word' id='word_1_30' title='bbox 877 1039 977 1115; x_wconf 82' lang='lat' dir='ltr'>Moyse</span> <span class='ocrx_word' id='word_1_31' title='bbox 991 1038 1216 1116; x_wconf 85' lang='lat' dir='ltr'><strong>antiquioribus</strong></span> <span class='ocrx_word' id='word_1_32' title='bbox 1233 1039 1319 1103; x_wconf 85' lang='lat' dir='ltr'><strong>inve-</strong></span> 
     </span>
     <span class='ocr_line' id='line_1_5' title="bbox 240 1134 1321 1217; baseline 0 -16"><span class='ocrx_word' id='word_1_33' title='bbox 240 1142 352 1217; x_wconf 83' lang='lat' dir='ltr'><strong>nimus,</strong></span> <span class='ocrx_word' id='word_1_34' title='bbox 367 1136 416 1199; x_wconf 89' lang='lat' dir='ltr'><strong>vel</strong></span> <span class='ocrx_word' id='word_1_35' title='bbox 431 1137 618 1215; x_wconf 82' lang='lat' dir='ltr'><strong>primitivam</strong></span> <span class='ocrx_word' id='word_1_36' title='bbox 629 1134 792 1211; x_wconf 88' lang='lat' dir='ltr'><strong>quamdam</strong></span> <span class='ocrx_word' id='word_1_37' title='bbox 804 1135 1017 1197; x_wconf 78' lang='lat' dir='ltr'><strong>revelationem</strong></span> <span class='ocrx_word' id='word_1_38' title='bbox 1032 1137 1165 1203; x_wconf 83' lang='lat' dir='ltr'><strong>divinam</strong></span> <span class='ocrx_word' id='word_1_39' title='bbox 1180 1140 1321 1216; x_wconf 73' lang='lat' dir='ltr'><strong>ostendit,</strong></span> 
     </span>
     <span class='ocr_line' id='line_1_6' title="bbox 239 1234 1322 1322; baseline 0.002 -21"><span class='ocrx_word' id='word_1_40' title='bbox 239 1240 283 1301; x_wconf 76' lang='lat' dir='ltr'><strong>sel</strong></span> <span class='ocrx_word' id='word_1_41' title='bbox 291 1246 340 1301; x_wconf 88' lang='lat' dir='ltr'><strong>cst</strong></span> <span class='ocrx_word' id='word_1_42' title='bbox 350 1238 456 1301; x_wconf 84' lang='lat' dir='ltr'><strong>cultus</strong></span> <span class='ocrx_word' id='word_1_43' title='bbox 466 1238 625 1314; x_wconf 85' lang='lat' dir='ltr'><strong>religiosus</strong></span> <span class='ocrx_word' id='word_1_44' title='bbox 636 1236 669 1294; x_wconf 89' lang='lat' dir='ltr'><strong>in</strong></span> <span class='ocrx_word' id='word_1_45' title='bbox 680 1251 772 1312; x_wconf 88' lang='lat' dir='ltr'><strong>quern</strong></span> <span class='ocrx_word' id='word_1_46' title='bbox 784 1234 864 1298; x_wconf 89' lang='lat' dir='ltr'><strong>ultro</strong></span> <span class='ocrx_word' id='word_1_47' title='bbox 874 1236 1028 1298; x_wconf 79' lang='lat' dir='ltr'><strong>societates</strong></span> <span class='ocrx_word' id='word_1_48' title='bbox 1039 1238 1097 1299; x_wconf 82' lang='lat' dir='ltr'><strong>illa</strong></span> <span class='ocrx_word' id='word_1_49' title='bbox 1107 1248 1322 1322; x_wconf 81' lang='lat' dir='ltr'><strong>convenerunt,</strong></span> 
     </span>
     <span class='ocr_line' id='line_1_7' title="bbox 239 1333 1242 1417; baseline 0.001 -19"><span class='ocrx_word' id='word_1_50' title='bbox 239 1341 283 1399; x_wconf 83' lang='lat' dir='ltr'><strong>rel</strong></span> <span class='ocrx_word' id='word_1_51' title='bbox 297 1348 345 1401; x_wconf 88' lang='lat' dir='ltr'><strong>est</strong></span> <span class='ocrx_word' id='word_1_52' title='bbox 358 1338 519 1415; x_wconf 85' lang='lat' dir='ltr'><strong>religionis</strong></span> <span class='ocrx_word' id='word_1_53' title='bbox 529 1338 627 1399; x_wconf 89' lang='lat' dir='ltr'><strong>lorma</strong></span> <span class='ocrx_word' id='word_1_54' title='bbox 643 1334 797 1412; x_wconf 81' lang='lat' dir='ltr'><strong>tyrannice</strong></span> <span class='ocrx_word' id='word_1_55' title='bbox 811 1333 875 1394; x_wconf 86' lang='lat' dir='ltr'><strong>illis</strong></span> <span class='ocrx_word' id='word_1_56' title='bbox 887 1336 1078 1398; x_wconf 84' lang='lat' dir='ltr'><strong>societatibus</strong></span> <span class='ocrx_word' id='word_1_57' title='bbox 1091 1338 1242 1417; x_wconf 89' lang='lat' dir='ltr'><strong>imposita.</strong></span> 
     </span>
    </p>

    <p class='ocr_par' dir='ltr' id='par_1_3' title="bbox 239 1434 1325 1614">
     <span class='ocr_line' id='line_1_8' title="bbox 275 1434 1325 1518; baseline 0.005 -21"><span class='ocrx_word' id='word_1_58' title='bbox 275 1440 350 1498; x_wconf 83' lang='grc'>881.</span> <span class='ocrx_word' id='word_1_59' title='bbox 372 1441 443 1499; x_wconf 83' lang='lat' dir='ltr'><strong>Pes.</strong></span> <span class='ocrx_word' id='word_1_60' title='bbox 456 1438 541 1499; x_wconf 71' lang='lat'><strong>427⁸.</strong></span> <span class='ocrx_word' id='word_1_61' title='bbox 560 1440 623 1498; x_wconf 83' lang='lat' dir='ltr'><strong>Lsx</strong></span> <span class='ocrx_word' id='word_1_62' title='bbox 634 1438 677 1495; x_wconf 62' lang='grc' dir='ltr'><strong>ι’.</strong></span> <span class='ocrx_word' id='word_1_63' title='bbox 696 1466 732 1481; x_wconf 92' lang='lat'>-</span> <span class='ocrx_word' id='word_1_64' title='bbox 745 1434 849 1496; x_wconf 82' lang='lat' dir='ltr'><strong>Civilis</strong></span> <span class='ocrx_word' id='word_1_65' title='bbox 862 1437 1023 1497; x_wconf 81' lang='lat' dir='ltr'><strong>auctoritas</strong></span> <span class='ocrx_word' id='word_1_66' title='bbox 1032 1438 1104 1513; x_wconf 84' lang='lat' dir='ltr'><strong>jnrc</strong></span> <span class='ocrx_word' id='word_1_67' title='bbox 1117 1444 1212 1518; x_wconf 90' lang='lat' dir='ltr'><strong>potest</strong></span> <span class='ocrx_word' id='word_1_68' title='bbox 1225 1457 1259 1502; x_wconf 91' lang='lat' dir='ltr'><strong>ac</strong></span> <span class='ocrx_word' id='word_1_69' title='bbox 1274 1440 1325 1503; x_wconf 88' lang='lat' dir='ltr'><strong>de·</strong></span> 
     </span>
     <span class='ocr_line' id='line_1_9' title="bbox 239 1534 1281 1614; baseline 0.001 -16"><span class='ocrx_word' id='word_1_70' title='bbox 239 1536 285 1598; x_wconf 92' lang='lat' dir='ltr'><strong>bet</strong></span> <span class='ocrx_word' id='word_1_71' title='bbox 297 1539 443 1599; x_wconf 81' lang='lat' dir='ltr'><strong>veritates</strong></span> <span class='ocrx_word' id='word_1_72' title='bbox 453 1537 608 1614; x_wconf 87' lang='lat' dir='ltr'><strong>religiosas</strong></span> <span class='ocrx_word' id='word_1_73' title='bbox 621 1535 721 1597; x_wconf 89' lang='lat' dir='ltr'><strong>ordini</strong></span> <span class='ocrx_word' id='word_1_74' title='bbox 733 1534 834 1597; x_wconf 84' lang='lat' dir='ltr'><strong>sociali</strong></span> <span class='ocrx_word' id='word_1_75' title='bbox 847 1534 1030 1597; x_wconf 86' lang='lat' dir='ltr'><strong>necessarias</strong></span> <span class='ocrx_word' id='word_1_76' title='bbox 1044 1538 1179 1614; x_wconf 87' lang='lat' dir='ltr'><strong>negativa</strong></span> <span class='ocrx_word' id='word_1_77' title='bbox 1192 1541 1281 1600; x_wconf 91' lang='lat' dir='ltr'><strong>tueri.</strong></span> 
     </span>
    </p>

    <p class='ocr_par' dir='ltr' id='par_1_4' title="bbox 240 1633 1323 1813">
     <span class='ocr_line' id='line_1_10' title="bbox 276 1633 1323 1713; baseline 0.002 -14"><span class='ocrx_word' id='word_1_78' title='bbox 276 1640 467 1699; x_wconf 76' lang='lat' dir='ltr'><strong>umissos.</strong></span> <span class='ocrx_word' id='word_1_79' title='bbox 487 1670 528 1680; x_wconf 94' lang='lat'>—</span> <span class='ocrx_word' id='word_1_80' title='bbox 548 1637 687 1712; x_wconf 83' lang='lat' dir='ltr'><strong>Negatire</strong></span> <span class='ocrx_word' id='word_1_81' title='bbox 703 1635 870 1695; x_wconf 88' lang='lat' dir='ltr'><strong>doctrinam</strong></span> <span class='ocrx_word' id='word_1_82' title='bbox 895 1633 1028 1713; x_wconf 88' lang='lat' dir='ltr'><strong>aliquam</strong></span> <span class='ocrx_word' id='word_1_83' title='bbox 1050 1638 1127 1698; x_wconf 91' lang='lat' dir='ltr'><strong>tucri</strong></span> <span class='ocrx_word' id='word_1_84' title='bbox 1153 1644 1199 1699; x_wconf 89' lang='lat' dir='ltr'><strong>est</strong></span> <span class='ocrx_word' id='word_1_85' title='bbox 1221 1654 1323 1703; x_wconf 88' lang='lat' dir='ltr'><strong>cavere</strong></span> 
     </span>
     <span class='ocr_line' id='line_1_11' title="bbox 240 1734 1222 1813; baseline 0.003 -18"><span class='ocrx_word' id='word_1_86' title='bbox 240 1736 401 1797; x_wconf 83' lang='lat' dir='ltr'><strong>citicaeiter</strong></span> <span class='ocrx_word' id='word_1_87' title='bbox 418 1753 458 1797; x_wconf 90' lang='lat' dir='ltr'><strong>no</strong></span> <span class='ocrx_word' id='word_1_88' title='bbox 471 1735 545 1813; x_wconf 88' lang='lat' dir='ltr'><strong>quid</strong></span> <span class='ocrx_word' id='word_1_89' title='bbox 557 1740 660 1797; x_wconf 90' lang='lat' dir='ltr'><strong>eontra</strong></span> <span class='ocrx_word' id='word_1_90' title='bbox 673 1734 760 1795; x_wconf 89' lang='lat' dir='ltr'><strong>illam</strong></span> <span class='ocrx_word' id='word_1_91' title='bbox 777 1734 943 1795; x_wconf 80' lang='lat' dir='ltr'><strong>doctrinam</strong></span> <span class='ocrx_word' id='word_1_92' title='bbox 960 1734 1075 1797; x_wconf 87' lang='lat' dir='ltr'><strong>dicatur</strong></span> <span class='ocrx_word' id='word_1_93' title='bbox 1095 1744 1148 1798; x_wconf 90' lang='lat' dir='ltr'><strong>aut</strong></span> <span class='ocrx_word' id='word_1_94' title='bbox 1162 1736 1222 1799; x_wconf 84' lang='lat' dir='ltr'><strong>dat.</strong></span> 
     </span>
    </p>

    <p class='ocr_par' dir='ltr' id='par_1_5' title="bbox 242 1834 1328 2796">
     <span class='ocr_line' id='line_1_12' title="bbox 277 1834 1324 1917; baseline 0.002 -20"><span class='ocrx_word' id='word_1_95' title='bbox 277 1838 375 1897; x_wconf 73' lang='lat' dir='ltr'><strong>Pron.</strong></span> <span class='ocrx_word' id='word_1_96' title='bbox 389 1851 457 1897; x_wconf 81' lang='lat' dir='ltr'><strong>ros.</strong></span> <span class='ocrx_word' id='word_1_97' title='bbox 471 1867 511 1881; x_wconf 93' lang='lat'><em>-</em></span> <span class='ocrx_word' id='word_1_98' title='bbox 527 1836 605 1895; x_wconf 89' lang='lat' dir='ltr'><strong>Sunt</strong></span> <span class='ocrx_word' id='word_1_99' title='bbox 615 1834 753 1912; x_wconf 73' lang='lat' dir='ltr'><strong>quasdam</strong></span> <span class='ocrx_word' id='word_1_100' title='bbox 768 1834 907 1897; x_wconf 73' lang='lat' dir='ltr'><strong>rorimtes</strong></span> <span class='ocrx_word' id='word_1_101' title='bbox 920 1852 974 1913; x_wconf 93' lang='lat' dir='ltr'><strong>per</strong></span> <span class='ocrx_word' id='word_1_102' title='bbox 987 1852 1019 1897; x_wconf 90' lang='lat' dir='ltr'><strong>se</strong></span> <span class='ocrx_word' id='word_1_103' title='bbox 1033 1836 1196 1914; x_wconf 83' lang='lat' dir='ltr'><strong>evidentes,</strong></span> <span class='ocrx_word' id='word_1_104' title='bbox 1210 1838 1324 1917; x_wconf 84' lang='lat' dir='ltr'><strong>quibus</strong></span> 
     </span>
     <span class='ocr_line' id='line_1_13' title="bbox 242 1934 1326 2017; baseline 0.005 -20"><span class='ocrx_word' id='word_1_105' title='bbox 242 1944 318 1998; x_wconf 88' lang='lat' dir='ltr'><strong>totus</strong></span> <span class='ocrx_word' id='word_1_106' title='bbox 331 1936 460 1997; x_wconf 88' lang='lat' dir='ltr'><strong>socialis</strong></span> <span class='ocrx_word' id='word_1_107' title='bbox 475 1935 548 1996; x_wconf 92' lang='lat' dir='ltr'><strong>ordo</strong></span> <span class='ocrx_word' id='word_1_108' title='bbox 563 1935 714 2009; x_wconf 91' lang='lat' dir='ltr'><strong>innititur,</strong></span> <span class='ocrx_word' id='word_1_109' title='bbox 730 1934 842 2011; x_wconf 90' lang='lat' dir='ltr'><strong>quibus</strong></span> <span class='ocrx_word' id='word_1_110' title='bbox 861 1936 985 2011; x_wconf 78' lang='lat' dir='ltr'><strong>eversis,</strong></span> <span class='ocrx_word' id='word_1_111' title='bbox 1000 1942 1093 1997; x_wconf 86' lang='lat' dir='ltr'><strong>totam</strong></span> <span class='ocrx_word' id='word_1_112' title='bbox 1113 1937 1211 2017; x_wconf 89' lang='lat' dir='ltr'><strong>ipsam</strong></span> <span class='ocrx_word' id='word_1_113' title='bbox 1230 1940 1326 2002; x_wconf 88' lang='lat' dir='ltr'><strong>socie-</strong></span> 
     </span>
     <span class='ocr_line' id='line_1_14' title="bbox 243 2033 1327 2112; baseline 0.006 -16"><span class='ocrx_word' id='word_1_114' title='bbox 243 2042 330 2097; x_wconf 88' lang='lat' dir='ltr'><strong>tatem</strong></span> <span class='ocrx_word' id='word_1_115' title='bbox 347 2035 461 2095; x_wconf 86' lang='lat' dir='ltr'><strong>subrui</strong></span> <span class='ocrx_word' id='word_1_116' title='bbox 479 2050 601 2096; x_wconf 88' lang='lat' dir='ltr'><strong>neeesse</strong></span> <span class='ocrx_word' id='word_1_117' title='bbox 615 2040 672 2109; x_wconf 89' lang='lat' dir='ltr'><strong>est,</strong></span> <span class='ocrx_word' id='word_1_118' title='bbox 683 2033 854 2112; x_wconf 88' lang='lat' dir='ltr'><strong>cujusmodi</strong></span> <span class='ocrx_word' id='word_1_119' title='bbox 869 2042 940 2097; x_wconf 91' lang='lat' dir='ltr'><strong>sunt</strong></span> <span class='ocrx_word' id='word_1_120' title='bbox 953 2034 1007 2097; x_wconf 84' lang='lat' dir='ltr'><strong>Ilei</strong></span> <span class='ocrx_word' id='word_1_121' title='bbox 1021 2036 1188 2110; x_wconf 82' lang='lat' dir='ltr'><strong>existentia,</strong></span> <span class='ocrx_word' id='word_1_122' title='bbox 1203 2040 1327 2102; x_wconf 89' lang='lat' dir='ltr'><strong>immor·</strong></span> 
     </span>
     <span class='ocr_line' id='line_1_15' title="bbox 245 2133 1324 2213; baseline 0.007 -18"><span class='ocrx_word' id='word_1_123' title='bbox 245 2137 340 2197; x_wconf 86' lang='lat' dir='ltr'><strong>talitas</strong></span> <span class='ocrx_word' id='word_1_124' title='bbox 360 2136 486 2213; x_wconf 80' lang='lat' dir='ltr'><strong>anima,</strong></span> <span class='ocrx_word' id='word_1_125' title='bbox 506 2134 561 2195; x_wconf 90' lang='lat' dir='ltr'><strong>Dei</strong></span> <span class='ocrx_word' id='word_1_126' title='bbox 581 2133 777 2212; x_wconf 81' lang='lat' dir='ltr'><strong>providentia,</strong></span> <span class='ocrx_word' id='word_1_127' title='bbox 799 2135 921 2195; x_wconf 86' lang='lat' dir='ltr'><strong>moralis</strong></span> <span class='ocrx_word' id='word_1_128' title='bbox 941 2137 1094 2197; x_wconf 89' lang='lat' dir='ltr'><strong>actionum</strong></span> <span class='ocrx_word' id='word_1_129' title='bbox 1118 2137 1324 2202; x_wconf 86' lang='lat' dir='ltr'><strong>humanarum</strong></span> 
     </span>
     <span class='ocr_line' id='line_1_16' title="bbox 248 2234 1328 2315; baseline 0.006 -20"><span class='ocrx_word' id='word_1_130' title='bbox 248 2236 412 2312; x_wconf 76' lang='lat' dir='ltr'><strong>diversitas,</strong></span> <span class='ocrx_word' id='word_1_131' title='bbox 433 2241 490 2296; x_wconf 85' lang='lat' dir='ltr'><strong>ete.</strong></span> <span class='ocrx_word' id='word_1_132' title='bbox 510 2234 604 2312; x_wconf 75' lang='lat' dir='ltr'><strong>Atqui</strong></span> <span class='ocrx_word' id='word_1_133' title='bbox 625 2234 744 2295; x_wconf 90' lang='lat' dir='ltr'><strong>socialis</strong></span> <span class='ocrx_word' id='word_1_134' title='bbox 763 2235 927 2296; x_wconf 70' lang='lat' dir='ltr'><strong>securitas</strong></span> <span class='ocrx_word' id='word_1_135' title='bbox 943 2242 1037 2315; x_wconf 90' lang='lat' dir='ltr'><strong>potest</strong></span> <span class='ocrx_word' id='word_1_136' title='bbox 1058 2252 1092 2297; x_wconf 90' lang='lat' dir='ltr'><strong>ac</strong></span> <span class='ocrx_word' id='word_1_137' title='bbox 1116 2237 1204 2300; x_wconf 88' lang='lat' dir='ltr'><strong>debet</strong></span> <span class='ocrx_word' id='word_1_138' title='bbox 1224 2242 1328 2303; x_wconf 88' lang='lat' dir='ltr'><strong>otnnia</strong></span> 
     </span>
     <span class='ocr_line' id='line_1_17' title="bbox 253 2334 1326 2415; baseline 0.007 -22"><span class='ocrx_word' id='word_1_139' title='bbox 253 2352 315 2413; x_wconf 81' lang='lat' dir='ltr'><strong>qua</strong></span> <span class='ocrx_word' id='word_1_140' title='bbox 326 2335 361 2395; x_wconf 88' lang='lat' dir='ltr'><strong>ad</strong></span> <span class='ocrx_word' id='word_1_141' title='bbox 375 2334 529 2395; x_wconf 88' lang='lat' dir='ltr'><strong>societatis</strong></span> <span class='ocrx_word' id='word_1_142' title='bbox 540 2334 795 2395; x_wconf 82' lang='lat' dir='ltr'><strong>conservationem</strong></span> <span class='ocrx_word' id='word_1_143' title='bbox 810 2349 844 2396; x_wconf 89' lang='lat' dir='ltr'><strong>ac</strong></span> <span class='ocrx_word' id='word_1_144' title='bbox 857 2334 1048 2395; x_wconf 76' lang='lat' dir='ltr'><strong>securitatem</strong></span> <span class='ocrx_word' id='word_1_145' title='bbox 1062 2338 1228 2399; x_wconf 85' lang='lat' dir='ltr'><strong>necessaria</strong></span> <span class='ocrx_word' id='word_1_146' title='bbox 1242 2344 1326 2415; x_wconf 92' lang='lat' dir='ltr'><strong>sunt,</strong></span> 
     </span>
     <span class='ocr_line' id='line_1_18' title="bbox 257 2431 1328 2512; baseline 0.006 -17"><span class='ocrx_word' id='word_1_147' title='bbox 257 2433 401 2495; x_wconf 78' lang='lat' dir='ltr'><strong>effiradter</strong></span> <span class='ocrx_word' id='word_1_148' title='bbox 422 2436 513 2494; x_wconf 90' lang='lat' dir='ltr'><strong>tueri.</strong></span> <span class='ocrx_word' id='word_1_149' title='bbox 528 2436 605 2509; x_wconf 85' lang='lat' dir='ltr'><strong>Ergo</strong></span> <span class='ocrx_word' id='word_1_150' title='bbox 618 2438 714 2512; x_wconf 92' lang='lat' dir='ltr'><strong>potest</strong></span> <span class='ocrx_word' id='word_1_151' title='bbox 726 2448 761 2493; x_wconf 90' lang='lat' dir='ltr'><strong>ae</strong></span> <span class='ocrx_word' id='word_1_152' title='bbox 774 2431 861 2494; x_wconf 87' lang='lat' dir='ltr'><strong>debet</strong></span> <span class='ocrx_word' id='word_1_153' title='bbox 874 2449 924 2493; x_wconf 87' lang='lat' dir='ltr'><strong>eas</strong></span> <span class='ocrx_word' id='word_1_154' title='bbox 942 2434 1080 2495; x_wconf 88' lang='lat' dir='ltr'><strong>veritates</strong></span> <span class='ocrx_word' id='word_1_155' title='bbox 1102 2434 1214 2497; x_wconf 85' lang='lat' dir='ltr'><strong>efficaci</strong></span> <span class='ocrx_word' id='word_1_156' title='bbox 1233 2438 1328 2501; x_wconf 86' lang='lat' dir='ltr'><strong>tutele</strong></span> 
     </span>
     <span class='ocr_line' id='line_1_19' title="bbox 251 2532 1328 2618; baseline 0.005 -23"><span class='ocrx_word' id='word_1_157' title='bbox 251 2542 412 2611; x_wconf 81' lang='lat' dir='ltr'><strong>contegere.</strong></span> <span class='ocrx_word' id='word_1_158' title='bbox 434 2536 501 2595; x_wconf 76' lang='lat' dir='ltr'><strong>lton</strong></span> <span class='ocrx_word' id='word_1_159' title='bbox 520 2538 617 2612; x_wconf 89' lang='lat' dir='ltr'><strong>potest</strong></span> <span class='ocrx_word' id='word_1_160' title='bbox 630 2532 844 2596; x_wconf 81' lang='lat' dir='ltr'><strong>autemcivilis</strong></span> <span class='ocrx_word' id='word_1_161' title='bbox 858 2532 1016 2597; x_wconf 88' lang='lat' dir='ltr'><strong>auotoritas</strong></span> <span class='ocrx_word' id='word_1_162' title='bbox 1029 2550 1078 2595; x_wconf 89' lang='lat' dir='ltr'><strong>eas</strong></span> <span class='ocrx_word' id='word_1_163' title='bbox 1092 2536 1229 2597; x_wconf 82' lang='lat' dir='ltr'><strong>veritates</strong></span> <span class='ocrx_word' id='word_1_164' title='bbox 1243 2539 1328 2618; x_wconf 91' lang='lat' dir='ltr'><strong>posi-</strong></span> 
     </span>
     <span class='ocr_line' id='line_1_20' title="bbox 248 2631 1327 2721; baseline 0.006 -26"><span class='ocrx_word' id='word_1_165' title='bbox 248 2638 302 2695; x_wconf 83' lang='lat' dir='ltr'><strong>tire</strong></span> <span class='ocrx_word' id='word_1_166' title='bbox 322 2636 401 2694; x_wconf 88' lang='lat' dir='ltr'><strong>tucri</strong></span> <span class='ocrx_word' id='word_1_167' title='bbox 420 2631 515 2711; x_wconf 82' lang='lat'><strong>(875).</strong></span> <span class='ocrx_word' id='word_1_168' title='bbox 537 2635 616 2709; x_wconf 85' lang='lat' dir='ltr'><strong>Ergo</strong></span> <span class='ocrx_word' id='word_1_169' title='bbox 630 2634 737 2695; x_wconf 89' lang='lat' dir='ltr'><strong>saltem</strong></span> <span class='ocrx_word' id='word_1_170' title='bbox 755 2633 892 2711; x_wconf 82' lang='lat' dir='ltr'><strong>negative</strong></span> <span class='ocrx_word' id='word_1_171' title='bbox 911 2650 1016 2695; x_wconf 88' lang='lat' dir='ltr'><strong>earum</strong></span> <span class='ocrx_word' id='word_1_172' title='bbox 1035 2634 1159 2697; x_wconf 85' lang='lat' dir='ltr'><strong>tutelam</strong></span> <span class='ocrx_word' id='word_1_173' title='bbox 1175 2638 1327 2721; x_wconf 85' lang='lat' dir='ltr'><strong>suscipere</strong></span> 
     </span>
     <span class='ocr_line' id='line_1_21' title="bbox 245 2735 1127 2796; baseline 0.001 -1"><span class='ocrx_word' id='word_1_174' title='bbox 245 2735 342 2796; x_wconf 85' lang='lat' dir='ltr'><strong>debet.</strong></span> <span class='ocrx_word' id='word_1_175' title='bbox 1125 2764 1127 2769; x_wconf 34' lang='lat' dir='ltr'>v</span> 
     </span>
    </p>

    <p class='ocr_par' dir='ltr' id='par_1_6' title="bbox 242 2832 1332 4317">
     <span class='ocr_line' id='line_1_22' title="bbox 284 2832 1328 2920; baseline 0.006 -24"><span class='ocrx_word' id='word_1_176' title='bbox 284 2836 555 2902; x_wconf 68' lang='lat' dir='ltr'><strong>suaderem-</strong></span> <span class='ocrx_word' id='word_1_177' title='bbox 565 2832 690 2899; x_wconf 88' lang='lat' dir='ltr'><strong>Secialis</strong></span> <span class='ocrx_word' id='word_1_178' title='bbox 703 2851 774 2912; x_wconf 88' lang='lat' dir='ltr'><strong>ergo</strong></span> <span class='ocrx_word' id='word_1_179' title='bbox 788 2834 895 2913; x_wconf 90' lang='lat' dir='ltr'><strong>religio</strong></span> <span class='ocrx_word' id='word_1_180' title='bbox 908 2834 938 2897; x_wconf 93' lang='lat' dir='ltr'><strong>in</strong></span> <span class='ocrx_word' id='word_1_181' title='bbox 953 2841 1032 2898; x_wconf 88' lang='lat' dir='ltr'><strong>stetu</strong></span> <span class='ocrx_word' id='word_1_182' title='bbox 1047 2835 1176 2898; x_wconf 89' lang='lat' dir='ltr'><strong>naturali</strong></span> <span class='ocrx_word' id='word_1_183' title='bbox 1187 2844 1264 2900; x_wconf 89' lang='lat' dir='ltr'><strong>essct</strong></span> <span class='ocrx_word' id='word_1_184' title='bbox 1275 2856 1328 2920; x_wconf 89' lang='lat' dir='ltr'><strong>per</strong></span> 
     </span>
     <span class='ocr_line' id='line_1_23' title="bbox 243 2934 1329 3018; baseline 0 -18"><span class='ocrx_word' id='word_1_185' title='bbox 243 2957 275 3000; x_wconf 86' lang='lat' dir='ltr'><strong>se</strong></span> <span class='ocrx_word' id='word_1_186' title='bbox 288 2938 400 3014; x_wconf 89' lang='lat' dir='ltr'><strong>religio</strong></span> <span class='ocrx_word' id='word_1_187' title='bbox 411 2953 495 2997; x_wconf 91' lang='lat' dir='ltr'><strong>mere</strong></span> <span class='ocrx_word' id='word_1_188' title='bbox 507 2934 652 3015; x_wconf 73' lang='lat' dir='ltr'><strong>negativo,</strong></span> <span class='ocrx_word' id='word_1_189' title='bbox 666 2935 743 2997; x_wconf 90' lang='lat' dir='ltr'><strong>idest</strong></span> <span class='ocrx_word' id='word_1_190' title='bbox 754 2934 962 3018; x_wconf 64' lang='lat' dir='ltr'><strong>prodibtorio.</strong></span> <span class='ocrx_word' id='word_1_191' title='bbox 974 2935 1058 3010; x_wconf 86' lang='lat' dir='ltr'><strong>Quod</strong></span> <span class='ocrx_word' id='word_1_192' title='bbox 1074 2937 1099 2996; x_wconf 92' lang='lat' dir='ltr'><strong>si</strong></span> <span class='ocrx_word' id='word_1_193' title='bbox 1113 2937 1182 3013; x_wconf 88' lang='lat' dir='ltr'><strong>quis</strong></span> <span class='ocrx_word' id='word_1_194' title='bbox 1193 2938 1224 2998; x_wconf 92' lang='lat' dir='ltr'><strong>in</strong></span> <span class='ocrx_word' id='word_1_195' title='bbox 1238 2941 1329 3000; x_wconf 87' lang='lat' dir='ltr'><strong>socic-</strong></span> 
     </span>
     <span class='ocr_line' id='line_1_24' title="bbox 243 3034 1329 3117; baseline 0.001 -18"><span class='ocrx_word' id='word_1_196' title='bbox 243 3045 304 3099; x_wconf 91' lang='lat' dir='ltr'><strong>tate</strong></span> <span class='ocrx_word' id='word_1_197' title='bbox 315 3039 485 3117; x_wconf 79' lang='lat' dir='ltr'><strong>appareret,</strong></span> <span class='ocrx_word' id='word_1_198' title='bbox 498 3034 552 3111; x_wconf 89' lang='lat' dir='ltr'><strong>qui</strong></span> <span class='ocrx_word' id='word_1_199' title='bbox 566 3051 598 3095; x_wconf 92' lang='lat' dir='ltr'><strong>se</strong></span> <span class='ocrx_word' id='word_1_200' title='bbox 610 3053 628 3094; x_wconf 89' lang='lat' dir='ltr'><strong>a</strong></span> <span class='ocrx_word' id='word_1_201' title='bbox 641 3037 701 3096; x_wconf 79' lang='lat' dir='ltr'><strong>lieo</strong></span> <span class='ocrx_word' id='word_1_202' title='bbox 713 3036 843 3096; x_wconf 87' lang='lat' dir='ltr'><strong>missum</strong></span> <span class='ocrx_word' id='word_1_203' title='bbox 856 3035 894 3096; x_wconf 89' lang='lat' dir='ltr'><strong>ad</strong></span> <span class='ocrx_word' id='word_1_204' title='bbox 909 3034 1047 3095; x_wconf 87' lang='lat' dir='ltr'><strong>homines</strong></span> <span class='ocrx_word' id='word_1_205' title='bbox 1060 3034 1176 3094; x_wconf 85' lang='lat' dir='ltr'><strong>divinas</strong></span> <span class='ocrx_word' id='word_1_206' title='bbox 1190 3037 1329 3100; x_wconf 81' lang='lat' dir='ltr'><strong>veritates</strong></span> 
     </span>
     <span class='ocr_line' id='line_1_25' title="bbox 242 3133 1330 3212; baseline -0.002 -12"><span class='ocrx_word' id='word_1_207' title='bbox 242 3137 397 3200; x_wconf 88' lang='lat' dir='ltr'><strong>docendos</strong></span> <span class='ocrx_word' id='word_1_208' title='bbox 408 3133 584 3212; x_wconf 84' lang='lat' dir='ltr'><strong>affirmaret,</strong></span> <span class='ocrx_word' id='word_1_209' title='bbox 593 3133 715 3196; x_wconf 79' lang='lat' dir='ltr'><strong>evidens</strong></span> <span class='ocrx_word' id='word_1_210' title='bbox 728 3140 772 3195; x_wconf 87' lang='lat' dir='ltr'><strong>est</strong></span> <span class='ocrx_word' id='word_1_211' title='bbox 784 3134 968 3196; x_wconf 87' lang='lat' dir='ltr'><strong>auctoritatis</strong></span> <span class='ocrx_word' id='word_1_212' title='bbox 982 3133 1100 3196; x_wconf 85' lang='lat' dir='ltr'><strong>socialis</strong></span> <span class='ocrx_word' id='word_1_213' title='bbox 1113 3133 1247 3198; x_wconf 85' lang='lat' dir='ltr'><strong>cilicium</strong></span> <span class='ocrx_word' id='word_1_214' title='bbox 1259 3141 1330 3199; x_wconf 88' lang='lat' dir='ltr'><strong>tune</strong></span> 
     </span>
     <span class='ocr_line' id='line_1_26' title="bbox 242 3231 1327 3313; baseline -0.002 -15"><span class='ocrx_word' id='word_1_215' title='bbox 242 3236 446 3312; x_wconf 84' lang='lat' dir='ltr'><strong>csse,lactum</strong></span> <span class='ocrx_word' id='word_1_216' title='bbox 460 3231 609 3312; x_wconf 86' lang='lat' dir='ltr'><strong>ejusmodi</strong></span> <span class='ocrx_word' id='word_1_217' title='bbox 620 3232 915 3312; x_wconf 85' lang='lat' dir='ltr'><strong>summa.prudentia</strong></span> <span class='ocrx_word' id='word_1_218' title='bbox 925 3248 959 3293; x_wconf 90' lang='lat' dir='ltr'><strong>ao</strong></span> <span class='ocrx_word' id='word_1_219' title='bbox 971 3231 1129 3294; x_wconf 81' lang='lat' dir='ltr'><strong>sedulitate</strong></span> <span class='ocrx_word' id='word_1_220' title='bbox 1143 3234 1327 3313; x_wconf 68' lang='lat' dir='ltr'><strong>examinare,</strong></span> 
     </span>
     <span class='ocr_line' id='line_1_27' title="bbox 244 3329 1329 3416; baseline 0 -20"><span class='ocrx_word' id='word_1_221' title='bbox 244 3340 376 3416; x_wconf 83' lang='lat' dir='ltr'><strong>ejusque</strong></span> <span class='ocrx_word' id='word_1_222' title='bbox 389 3334 513 3394; x_wconf 83' lang='lat' dir='ltr'><strong>veritate</strong></span> <span class='ocrx_word' id='word_1_223' title='bbox 525 3338 687 3414; x_wconf 89' lang='lat' dir='ltr'><strong>comperta,</strong></span> <span class='ocrx_word' id='word_1_224' title='bbox 698 3332 805 3394; x_wconf 87' lang='lat' dir='ltr'><strong>debere</strong></span> <span class='ocrx_word' id='word_1_225' title='bbox 818 3329 960 3400; x_wconf 88' lang='lat' dir='ltr'><strong>eumdem</strong></span> <span class='ocrx_word' id='word_1_226' title='bbox 974 3331 1141 3412; x_wconf 88' lang='lat' dir='ltr'><strong>principem</strong></span> <span class='ocrx_word' id='word_1_227' title='bbox 1154 3349 1207 3412; x_wconf 91' lang='lat' dir='ltr'><strong>pro</strong></span> <span class='ocrx_word' id='word_1_228' title='bbox 1221 3349 1253 3394; x_wconf 88' lang='lat' dir='ltr'><strong>se</strong></span> <span class='ocrx_word' id='word_1_229' title='bbox 1265 3334 1329 3412; x_wconf 89' lang='lat' dir='ltr'><strong>ipso</strong></span> 
     </span>
     <span class='ocr_line' id='line_1_28' title="bbox 245 3433 1329 3512; baseline -0.004 -12"><span class='ocrx_word' id='word_1_230' title='bbox 245 3439 320 3500; x_wconf 87' lang='lat' dir='ltr'><strong>huic</strong></span> <span class='ocrx_word' id='word_1_231' title='bbox 332 3435 453 3498; x_wconf 84' lang='lat' dir='ltr'><strong>veritati</strong></span> <span class='ocrx_word' id='word_1_232' title='bbox 466 3451 499 3494; x_wconf 93' lang='lat' dir='ltr'><strong>se</strong></span> <span class='ocrx_word' id='word_1_233' title='bbox 510 3433 648 3495; x_wconf 87' lang='lat' dir='ltr'><strong>subdere.</strong></span> <span class='ocrx_word' id='word_1_234' title='bbox 666 3436 703 3495; x_wconf 77' lang='lat' dir='ltr'><strong>at</strong></span> <span class='ocrx_word' id='word_1_235' title='bbox 715 3433 819 3494; x_wconf 87' lang='lat' dir='ltr'><strong>eadem</strong></span> <span class='ocrx_word' id='word_1_236' title='bbox 834 3449 971 3512; x_wconf 89' lang='lat' dir='ltr'><strong>persona,</strong></span> <span class='ocrx_word' id='word_1_237' title='bbox 984 3438 1019 3494; x_wconf 92' lang='lat' dir='ltr'><strong>ut</strong></span> <span class='ocrx_word' id='word_1_238' title='bbox 1031 3433 1153 3512; x_wconf 92' lang='lat' dir='ltr'><strong>publica</strong></span> <span class='ocrx_word' id='word_1_239' title='bbox 1167 3436 1329 3497; x_wconf 88' lang='lat' dir='ltr'><strong>auctoritas</strong></span> 
     </span>
     <span class='ocr_line' id='line_1_29' title="bbox 245 3532 1329 3613; baseline -0.005 -13"><span class='ocrx_word' id='word_1_240' title='bbox 245 3547 304 3613; x_wconf 90' lang='lat' dir='ltr'><strong>est,</strong></span> <span class='ocrx_word' id='word_1_241' title='bbox 323 3536 452 3598; x_wconf 90' lang='lat' dir='ltr'><strong>nullum</strong></span> <span class='ocrx_word' id='word_1_242' title='bbox 466 3535 520 3610; x_wconf 81' lang='lat' dir='ltr'><strong>J&#39;us</strong></span> <span class='ocrx_word' id='word_1_243' title='bbox 537 3551 591 3612; x_wconf 89' lang='lat' dir='ltr'><strong>per</strong></span> <span class='ocrx_word' id='word_1_244' title='bbox 604 3551 636 3594; x_wconf 95' lang='lat' dir='ltr'><strong>se</strong></span> <span class='ocrx_word' id='word_1_245' title='bbox 648 3534 771 3597; x_wconf 92' lang='lat' dir='ltr'><strong>baberet</strong></span> <span class='ocrx_word' id='word_1_246' title='bbox 784 3549 847 3594; x_wconf 78' lang='lat' dir='ltr'><strong>suas</strong></span> <span class='ocrx_word' id='word_1_247' title='bbox 860 3532 930 3594; x_wconf 91' lang='lat' dir='ltr'><strong>lidei</strong></span> <span class='ocrx_word' id='word_1_248' title='bbox 945 3533 1058 3594; x_wconf 83' lang='lat' dir='ltr'><strong>eaeteris</strong></span> <span class='ocrx_word' id='word_1_249' title='bbox 1073 3532 1251 3595; x_wconf 86' lang='lat' dir='ltr'><strong>bominibus</strong></span> <span class='ocrx_word' id='word_1_250' title='bbox 1269 3534 1329 3596; x_wconf 90' lang='lat' dir='ltr'><strong>im·</strong></span> 
     </span>
     <span class='ocr_line' id='line_1_30' title="bbox 246 3632 1331 3719; baseline -0.003 -20"><span class='ocrx_word' id='word_1_251' title='bbox 246 3637 408 3719; x_wconf 81' lang='lat' dir='ltr'><strong>ponendae,</strong></span> <span class='ocrx_word' id='word_1_252' title='bbox 420 3634 473 3696; x_wconf 89' lang='lat' dir='ltr'><strong>sed</strong></span> <span class='ocrx_word' id='word_1_253' title='bbox 491 3635 590 3696; x_wconf 90' lang='lat' dir='ltr'><strong>solum</strong></span> <span class='ocrx_word' id='word_1_254' title='bbox 603 3641 704 3713; x_wconf 90' lang='lat' dir='ltr'><strong>posset</strong></span> <span class='ocrx_word' id='word_1_255' title='bbox 719 3632 827 3694; x_wconf 90' lang='lat' dir='ltr'><strong>mediis</strong></span> <span class='ocrx_word' id='word_1_256' title='bbox 839 3632 876 3694; x_wconf 88' lang='lat' dir='ltr'><strong>ad</strong></span> <span class='ocrx_word' id='word_1_257' title='bbox 888 3634 965 3694; x_wconf 82' lang='lat' dir='ltr'><strong>alios</strong></span> <span class='ocrx_word' id='word_1_258' title='bbox 978 3632 1202 3714; x_wconf 86' lang='lat' dir='ltr'><strong>persuadendos</strong></span> <span class='ocrx_word' id='word_1_259' title='bbox 1215 3634 1331 3696; x_wconf 86' lang='lat' dir='ltr'><strong>idoneis</strong></span> 
     </span>
     <span class='ocr_line' id='line_1_31' title="bbox 247 3733 1332 3814; baseline -0.005 -13"><span class='ocrx_word' id='word_1_260' title='bbox 247 3742 276 3801; x_wconf 89' lang='lat' dir='ltr'><strong>ei</strong></span> <span class='ocrx_word' id='word_1_261' title='bbox 294 3739 441 3800; x_wconf 81' lang='lat' dir='ltr'><strong>doctrina</strong></span> <span class='ocrx_word' id='word_1_262' title='bbox 459 3735 657 3814; x_wconf 73' lang='lat' dir='ltr'><strong>propaganda</strong></span> <span class='ocrx_word' id='word_1_263' title='bbox 670 3735 780 3796; x_wconf 83' lang='lat' dir='ltr'><strong>lavere.</strong></span> <span class='ocrx_word' id='word_1_264' title='bbox 802 3734 901 3806; x_wconf 84' lang='lat' dir='ltr'><strong>Quare</strong></span> <span class='ocrx_word' id='word_1_265' title='bbox 920 3733 1061 3810; x_wconf 80' lang='lat' dir='ltr'><strong>obligatio</strong></span> <span class='ocrx_word' id='word_1_266' title='bbox 1082 3733 1221 3795; x_wconf 86' lang='lat' dir='ltr'><strong>credendi</strong></span> <span class='ocrx_word' id='word_1_267' title='bbox 1243 3735 1271 3796; x_wconf 89' lang='lat' dir='ltr'><strong>ei</strong></span> <span class='ocrx_word' id='word_1_268' title='bbox 1289 3733 1332 3796; x_wconf 90' lang='lat' dir='ltr'><strong>le-</strong></span> 
     </span>
     <span class='ocr_line' id='line_1_32' title="bbox 248 3831 1332 3914; baseline -0.006 -15"><span class='ocrx_word' id='word_1_269' title='bbox 248 3845 316 3914; x_wconf 89' lang='lat' dir='ltr'><strong>gato</strong></span> <span class='ocrx_word' id='word_1_270' title='bbox 325 3835 476 3898; x_wconf 82' lang='lat' dir='ltr'><strong>divinitus</strong></span> <span class='ocrx_word' id='word_1_271' title='bbox 490 3836 584 3894; x_wconf 89' lang='lat' dir='ltr'><strong>misso</strong></span> <span class='ocrx_word' id='word_1_272' title='bbox 595 3839 672 3894; x_wconf 88' lang='lat' dir='ltr'><strong>esset</strong></span> <span class='ocrx_word' id='word_1_273' title='bbox 690 3832 800 3910; x_wconf 87' lang='lat' dir='ltr'><strong>cuique</strong></span> <span class='ocrx_word' id='word_1_274' title='bbox 819 3831 975 3892; x_wconf 88' lang='lat' dir='ltr'><strong>individuo</strong></span> <span class='ocrx_word' id='word_1_275' title='bbox 991 3831 1174 3912; x_wconf 82' lang='lat' dir='ltr'><strong>personalis3</strong></span> <span class='ocrx_word' id='word_1_276' title='bbox 1188 3849 1206 3894; x_wconf 89' lang='lat' dir='ltr'><strong>a</strong></span> <span class='ocrx_word' id='word_1_277' title='bbox 1222 3833 1276 3894; x_wconf 82' lang='lat' dir='ltr'><strong>oet</strong></span> <span class='ocrx_word' id='word_1_278' title='bbox 1287 3834 1332 3912; x_wconf 89' lang='lat' dir='ltr'><strong>ip·</strong></span> 
     </span>
     <span class='ocr_line' id='line_1_33' title="bbox 248 3931 1331 4016; baseline -0.005 -17"><span class='ocrx_word' id='word_1_279' title='bbox 248 3941 323 4013; x_wconf 88' lang='lat' dir='ltr'><strong>sius,</strong></span> <span class='ocrx_word' id='word_1_280' title='bbox 347 3955 405 4016; x_wconf 90' lang='lat' dir='ltr'><strong>per</strong></span> <span class='ocrx_word' id='word_1_281' title='bbox 423 3939 495 3998; x_wconf 81' lang='lat' dir='ltr'><strong>e‘um</strong></span> <span class='ocrx_word' id='word_1_282' title='bbox 510 3936 648 4011; x_wconf 88' lang='lat' dir='ltr'><strong>legatum</strong></span> <span class='ocrx_word' id='word_1_283' title='bbox 662 3935 824 4012; x_wconf 82' lang='lat' dir='ltr'><strong>loquentis,</strong></span> <span class='ocrx_word' id='word_1_284' title='bbox 842 3933 1016 3994; x_wconf 90' lang='lat' dir='ltr'><strong>auctoritate</strong></span> <span class='ocrx_word' id='word_1_285' title='bbox 1035 3933 1179 4008; x_wconf 72' lang='lat' dir='ltr'><strong>oriretur,</strong></span> <span class='ocrx_word' id='word_1_286' title='bbox 1187 3939 1277 4011; x_wconf 88' lang='lat' dir='ltr'><strong>atque</strong></span> <span class='ocrx_word' id='word_1_287' title='bbox 1293 3931 1331 3994; x_wconf 93' lang='lat' dir='ltr'><strong>ab</strong></span> 
     </span>
     <span class='ocr_line' id='line_1_34' title="bbox 249 4030 1331 4111; baseline -0.006 -10"><span class='ocrx_word' id='word_1_288' title='bbox 249 4040 381 4100; x_wconf 78' lang='lat' dir='ltr'><strong>externis</strong></span> <span class='ocrx_word' id='word_1_289' title='bbox 398 4036 519 4098; x_wconf 87' lang='lat' dir='ltr'><strong>indiciis</strong></span> <span class='ocrx_word' id='word_1_290' title='bbox 533 4041 563 4096; x_wconf 93' lang='grc' dir='ltr'><strong>ει</strong></span> <span class='ocrx_word' id='word_1_291' title='bbox 578 4034 776 4111; x_wconf 81' lang='lat' dir='ltr'><strong>argumentis,</strong></span> <span class='ocrx_word' id='word_1_292' title='bbox 791 4034 904 4111; x_wconf 85' lang='lat' dir='ltr'><strong>quibus</strong></span> <span class='ocrx_word' id='word_1_293' title='bbox 921 4049 1009 4094; x_wconf 84' lang='lat' dir='ltr'><strong>suam</strong></span> <span class='ocrx_word' id='word_1_294' title='bbox 1024 4030 1239 4096; x_wconf 86' lang='lat' dir='ltr'><strong>revelationem</strong></span> <span class='ocrx_word' id='word_1_295' title='bbox 1252 4035 1331 4094; x_wconf 85' lang='lat' dir='ltr'><strong>Deus</strong></span> 
     </span>
     <span class='ocr_line' id='line_1_35' title="bbox 249 4133 1332 4219; baseline -0.006 -18"><span class='ocrx_word' id='word_1_296' title='bbox 249 4139 468 4219; x_wconf 79' lang='lat' dir='ltr'><strong>consprobaret,</strong></span> <span class='ocrx_word' id='word_1_297' title='bbox 479 4135 654 4196; x_wconf 88' lang='lat' dir='ltr'><strong>nullatenus</strong></span> <span class='ocrx_word' id='word_1_298' title='bbox 672 4141 773 4199; x_wconf 87' lang='lat' dir='ltr'><strong>autem</strong></span> <span class='ocrx_word' id='word_1_299' title='bbox 793 4151 811 4194; x_wconf 90' lang='lat' dir='ltr'><strong>a</strong></span> <span class='ocrx_word' id='word_1_300' title='bbox 829 4134 911 4196; x_wconf 88' lang='lat' dir='ltr'><strong>civili</strong></span> <span class='ocrx_word' id='word_1_301' title='bbox 930 4137 1117 4208; x_wconf 88' lang='lat' dir='ltr'><strong>auctoritate,</strong></span> <span class='ocrx_word' id='word_1_302' title='bbox 1130 4134 1218 4210; x_wconf 78' lang='lat' dir='ltr'><strong>cujus</strong></span> <span class='ocrx_word' id='word_1_303' title='bbox 1236 4133 1269 4192; x_wconf 90' lang='lat' dir='ltr'><strong>in</strong></span> <span class='ocrx_word' id='word_1_304' title='bbox 1286 4149 1332 4194; x_wconf 87' lang='lat' dir='ltr'><strong>re-</strong></span> 
     </span>
     <span class='ocr_line' id='line_1_36' title="bbox 250 4232 986 4317; baseline -0.011 -17"><span class='ocrx_word' id='word_1_305' title='bbox 250 4241 356 4317; x_wconf 82' lang='lat' dir='ltr'><strong>ligiosa</strong></span> <span class='ocrx_word' id='word_1_306' title='bbox 376 4256 411 4298; x_wconf 91' lang='lat' dir='ltr'><strong>re</strong></span> <span class='ocrx_word' id='word_1_307' title='bbox 426 4236 544 4314; x_wconf 88' lang='lat' dir='ltr'><strong>judicia</strong></span> <span class='ocrx_word' id='word_1_308' title='bbox 563 4235 691 4295; x_wconf 90' lang='lat' dir='ltr'><strong>minime</strong></span> <span class='ocrx_word' id='word_1_309' title='bbox 710 4232 884 4295; x_wconf 79' lang='lat' dir='ltr'><strong>infallibilia</strong></span> <span class='ocrx_word' id='word_1_310' title='bbox 905 4239 986 4293; x_wconf 84' lang='lat' dir='ltr'><strong>sunt.</strong></span> 
     </span>
    </p>

    <p class='ocr_par' dir='ltr' id='par_1_7' title="bbox 252 4331 1335 4821">
     <span class='ocr_line' id='line_1_37' title="bbox 290 4331 1335 4411; baseline -0.009 -7"><span class='ocrx_word' id='word_1_311' title='bbox 290 4343 365 4404; x_wconf 85' lang='lat'><strong>883.</strong></span> <span class='ocrx_word' id='word_1_312' title='bbox 381 4342 452 4400; x_wconf 83' lang='lat' dir='ltr'><strong>Pos.</strong></span> <span class='ocrx_word' id='word_1_313' title='bbox 467 4333 550 4398; x_wconf 74' lang='lat'>428².</span> <span class='ocrx_word' id='word_1_314' title='bbox 564 4338 628 4397; x_wconf 79' lang='lat' dir='ltr'><strong>bsx</strong></span> <span class='ocrx_word' id='word_1_315' title='bbox 639 4336 682 4396; x_wconf 76' lang='lat'><strong>3⁴.</strong></span> <span class='ocrx_word' id='word_1_316' title='bbox 696 4366 734 4379; x_wconf 95' lang='lat'><em>-</em></span> <span class='ocrx_word' id='word_1_317' title='bbox 747 4333 851 4396; x_wconf 80' lang='lat' dir='ltr'><strong>Civilis</strong></span> <span class='ocrx_word' id='word_1_318' title='bbox 862 4333 1043 4408; x_wconf 67' lang='lat' dir='ltr'><strong>securitas,</strong></span> <span class='ocrx_word' id='word_1_319' title='bbox 1060 4333 1092 4393; x_wconf 90' lang='lat' dir='ltr'><strong>iu</strong></span> <span class='ocrx_word' id='word_1_320' title='bbox 1108 4331 1245 4394; x_wconf 87' lang='lat' dir='ltr'><strong>socictate</strong></span> <span class='ocrx_word' id='word_1_321' title='bbox 1261 4349 1335 4411; x_wconf 88' lang='lat' dir='ltr'><strong>que·</strong></span> 
     </span>
     <span class='ocr_line' id='line_1_38' title="bbox 252 4433 1334 4522; baseline -0.006 -20"><span class='ocrx_word' id='word_1_322' title='bbox 252 4446 332 4522; x_wconf 86' lang='lat' dir='ltr'><strong>piam</strong></span> <span class='ocrx_word' id='word_1_323' title='bbox 346 4442 439 4518; x_wconf 82' lang='lat' dir='ltr'><strong>eujus</strong></span> <span class='ocrx_word' id='word_1_324' title='bbox 449 4437 586 4498; x_wconf 90' lang='lat' dir='ltr'><strong>membra</strong></span> <span class='ocrx_word' id='word_1_325' title='bbox 598 4436 700 4497; x_wconf 90' lang='lat' dir='ltr'><strong>omnia</strong></span> <span class='ocrx_word' id='word_1_326' title='bbox 712 4434 890 4511; x_wconf 89' lang='lat' dir='ltr'><strong>religionem</strong></span> <span class='ocrx_word' id='word_1_327' title='bbox 902 4433 1047 4496; x_wconf 87' lang='lat' dir='ltr'><strong>divinitus</strong></span> <span class='ocrx_word' id='word_1_328' title='bbox 1060 4433 1220 4494; x_wconf 87' lang='lat' dir='ltr'><strong>revelatam</strong></span> <span class='ocrx_word' id='word_1_329' title='bbox 1234 4449 1334 4496; x_wconf 83' lang='lat' dir='ltr'><strong>susce·</strong></span> 
     </span>
     <span class='ocr_line' id='line_1_39' title="bbox 253 4534 1332 4622; baseline -0.006 -19"><span class='ocrx_word' id='word_1_330' title='bbox 253 4545 363 4622; x_wconf 82' lang='lat' dir='ltr'><strong>periet,</strong></span> <span class='ocrx_word' id='word_1_331' title='bbox 378 4544 499 4602; x_wconf 89' lang='lat' dir='ltr'><strong>tenetur</strong></span> <span class='ocrx_word' id='word_1_332' title='bbox 511 4537 629 4609; x_wconf 79' lang='lat' dir='ltr'><strong>divinas</strong></span> <span class='ocrx_word' id='word_1_333' title='bbox 643 4537 725 4613; x_wconf 88' lang='lat' dir='ltr'><strong>leges</strong></span> <span class='ocrx_word' id='word_1_334' title='bbox 740 4536 783 4596; x_wconf 90' lang='lat' dir='ltr'><strong>sio</strong></span> <span class='ocrx_word' id='word_1_335' title='bbox 796 4534 940 4597; x_wconf 79' lang='lat' dir='ltr'><strong>revelatas</strong></span> <span class='ocrx_word' id='word_1_336' title='bbox 953 4534 1089 4598; x_wconf 82' lang='lat' dir='ltr'><strong>venerari</strong></span> <span class='ocrx_word' id='word_1_337' title='bbox 1103 4540 1132 4595; x_wconf 89' lang='lat' dir='ltr'><strong>et</strong></span> <span class='ocrx_word' id='word_1_338' title='bbox 1149 4535 1273 4612; x_wconf 85' lang='lat' dir='ltr'><strong>exsequi</strong></span> <span class='ocrx_word' id='word_1_339' title='bbox 1287 4550 1332 4596; x_wconf 91' lang='lat' dir='ltr'><strong>so-</strong></span> 
     </span>
     <span class='ocr_line' id='line_1_40' title="bbox 253 4632 1335 4719; baseline -0.008 -14"><span class='ocrx_word' id='word_1_340' title='bbox 253 4647 382 4719; x_wconf 82' lang='lat' dir='ltr'><strong>cialiter,</strong></span> <span class='ocrx_word' id='word_1_341' title='bbox 390 4648 423 4706; x_wconf 90' lang='grc' dir='ltr'><strong>ει</strong></span> <span class='ocrx_word' id='word_1_342' title='bbox 432 4641 535 4702; x_wconf 87' lang='lat' dir='ltr'><strong>omnia</strong></span> <span class='ocrx_word' id='word_1_343' title='bbox 545 4654 699 4702; x_wconf 81' lang='lat' dir='ltr'><strong>removere</strong></span> <span class='ocrx_word' id='word_1_344' title='bbox 711 4653 780 4717; x_wconf 81' lang='lat' dir='ltr'><strong>qua</strong></span> <span class='ocrx_word' id='word_1_345' title='bbox 793 4637 890 4700; x_wconf 87' lang='lat' dir='ltr'><strong>socios</strong></span> <span class='ocrx_word' id='word_1_346' title='bbox 902 4637 935 4700; x_wconf 91' lang='lat' dir='ltr'><strong>in</strong></span> <span class='ocrx_word' id='word_1_347' title='bbox 947 4652 983 4699; x_wconf 89' lang='lat' dir='ltr'><strong>ea</strong></span> <span class='ocrx_word' id='word_1_348' title='bbox 995 4635 1140 4714; x_wconf 87' lang='lat' dir='ltr'><strong>religione</strong></span> <span class='ocrx_word' id='word_1_349' title='bbox 1151 4632 1335 4697; x_wconf 82' lang='lat' dir='ltr'><strong>observande</strong></span> 
     </span>
     <span class='ocr_line' id='line_1_41' title="bbox 253 4740 1184 4821; baseline -0.006 -17"><span class='ocrx_word' id='word_1_350' title='bbox 253 4746 384 4808; x_wconf 77' lang='lat' dir='ltr'><strong>exterius</strong></span> <span class='ocrx_word' id='word_1_351' title='bbox 401 4740 550 4821; x_wconf 86' lang='lat' dir='ltr'><strong>impedire</strong></span> <span class='ocrx_word' id='word_1_352' title='bbox 563 4747 699 4820; x_wconf 86' lang='lat' dir='ltr'><strong>possunt.</strong></span> <span class='ocrx_word' id='word_1_353' title='bbox 1178 4757 1184 4766; x_wconf 92' lang='lat'><em>·</em></span> 
     </span>
    </p>
   </div>
   <div class='ocr_carea' id='block_1_3' title="bbox 0 0 1808 5675">
    <p class='ocr_par' dir='ltr' id='par_1_8' title="bbox 0 0 1808 5675">
     <span class='ocr_line' id='line_1_42' title="bbox 0 0 1808 5675; baseline 0 0"><span class='ocrx_word' id='word_1_354' title='bbox 0 0 1808 5675; x_wconf 95' lang='lat' dir='ltr'><strong> </strong></span> 
     </span>
    </p>
   </div>
  </div>
 </body>
</html>
