3559 5675
441 718 478 776 til
848 730 927 776 tonis
948 730 1108 777 erroneus

383 878 387 885 -
438 839 543 900 alieme
558 844 664 918 potest,
676 853 736 897 nou
750 837 849 897 solium
857 837 1015 899 veritatem
1031 838 1230 899 necessarium
1246 836 1289 897 ilii
1301 836 1515 913 suotranmdo,

438 938 489 999 sed
500 937 590 998 etiarn
599 937 861 1015 errorempoeitive
870 937 1076 1016 perniciosum
1088 934 1279 997 insinuando.
1288 939 1319 996 2⁰
1327 936 1412 997 Retio
1420 953 1512 1017 quem

435 1039 567 1117 quisque
579 1036 670 1099 hebet
684 1037 783 1098 verbis
797 1038 874 1098 meis
895 1037 1023 1113 fidendi,
1036 1054 1072 1099 eo
1086 1040 1325 1116 majoremque
1340 1038 1437 1115 magis
1449 1039 1514 1121 ipsc

436 1139 551 1201 nonum
563 1136 722 1198 vericitatis
734 1136 780 1197 ilii
793 1136 871 1198 celle
884 1142 1000 1213 teneor,
1018 1144 1071 1199 eut
1082 1138 1231 1199 naturalis
1244 1135 1332 1197 titulo
1347 1136 1511 1216 cheriutis

435 1257 463 1301 o.
480 1257 526 1319 9.,
545 1238 694 1307 amicitia,
710 1238 850 1316 civitatis,
866 1240 1055 1317 cognationis
1075 1243 1106 1301 et
1125 1236 1320 1317 hujusmodi3
1332 1238 1427 1309 autri
1438 1239 1515 1301 obli·

434 1336 601 1417 gationum,
613 1355 690 1417 quas
704 1339 770 1417 ipse
782 1337 864 1399 ultro
877 1340 1011 1419 suscepi,
1026 1358 1056 1400 c.
1068 1357 1114 1418 9.,
1128 1336 1330 1419 promittendo
1344 1336 1391 1398 vel
1403 1354 1514 1401 consu·

434 1436 544 1508 leudo;
566 1442 620 1497 aut
639 1438 678 1499 ob
699 1453 797 1499 sacres
810 1436 956 1515 loquendi
971 1438 1084 1500 termes
1099 1454 1117 1499 a
1130 1455 1180 1499 me
1194 1436 1335 1516 adjectas,
1348 1441 1515 1517 prasertim

431 1540 604 1616 juramento
617 1536 752 1599 adhibito
760 1560 771 1615 ;
784 1545 837 1600 aut
848 1537 984 1617 denique
994 1540 1033 1601 cb
1055 1538 1326 1619 impossibilitatem
1340 1539 1373 1599 in
1384 1556 1446 1617 qua
1460 1542 1514 1605 ille

433 1646 568 1701 versatur
580 1640 643 1700 veri
656 1638 782 1702 aliunde
796 1640 1009 1717 cognoscendi.

472 1740 604 1807 Οοιοιι.
619 1740 649 1801 3.
661 1770 702 1785 -
713 1740 907 1815 Quaecoroll.
921 1740 1100 1820 precedenti
1114 1740 1241 1803 breviter
1257 1740 1423 1818 attigimus,
1440 1748 1512 1803 sunt

432 1842 587 1923 precipuae
598 1839 756 1915 causamn
766 1856 844 1918 quas
862 1856 946 1903 sacre
959 1840 1150 1921 peculiariter
1165 1847 1209 1903 est
1223 1841 1331 1903 venitm
1344 1842 1375 1903 in
1390 1860 1512 1903 conuen-

433 1938 570 2017 timidus,
581 1939 727 2001 nimirum
739 1940 772 2001 in
781 1940 820 2001 iis
831 1940 986 2002 actibusin
996 1940 1108 2018 quibus
1119 1940 1203 2003 elteri
1214 1947 1331 2003 nostras
1341 1958 1410 2019 erga
1421 1942 1512 2004 illum

432 2041 613 2104 intentiones
629 2038 849 2103 manifestando
862 2040 1005 2101 volumus
1024 2056 1162 2119 expresse
1178 2040 1320 2103 eumdem
1339 2040 1374 2103 ed
1396 2040 1511 2119 aliquid

430 2140 582 2220 agendum
594 2139 643 2201 rel
655 2140 857 2203 omittendum
870 2140 1037 2221 impellere.
1051 2139 1182 2215 Etenim,
1197 2142 1260 2203 sive
1272 2141 1326 2205 ille
1339 2160 1375 2203 cx
1386 2142 1511 2203 adverso

430 2243 651 2305 nobismutuae
663 2241 847 2303 intentiones
856 2240 1005 2303 beneficae
1015 2242 1140 2321 aperiet,
1153 2242 1216 2303 eive
1226 2242 1401 2322 simpliciter
1412 2247 1509 2303 osten-

431 2342 525 2404 datae
537 2342 729 2421 promissioni
739 2348 847 2405 nostrae
857 2340 959 2409 fidere.
971 2340 1268 2415 seuuerdnm‚utdici
1280 2341 1366 2419 solet,
1379 2348 1512 2423 accepto·

430 2458 599 2521 re,sempet
612 2447 751 2503 tenemur
764 2448 794 2503 et
813 2443 966 2503 veritatem
980 2447 1157 2521 presentem
1174 2440 1218 2503 illi
1234 2442 1350 2503 sincere
1362 2441 1510 2519 detegere,

430 2546 462 2601 et
473 2541 613 2621 deinceps
623 2556 712 2618 agere
718 2544 804 2618 juxte
815 2542 1014 2603 intentionem
1028 2546 1099 2602 tunc
1109 2558 1127 2602 a
1139 2540 1225 2602 nobis
1240 2540 1431 2617 declaratam,
1449 2542 1513 2603 sel-

431 2646 492 2702 tem
504 2632 627 2718 quando
640 2640 704 2701 hac
715 2640 876 2703 declaratio
888 2657 951 2702 uon
966 2641 1065 2703 solum
1072 2640 1221 2702 luitnotus
1229 2641 1382 2703 humanus
1392 2648 1423 2704 et
1433 2642 1512 2705 circe

430 2740 589 2801 materiam
607 2739 775 2815 honestam,
794 2740 845 2801 sed
865 2740 957 2801 etiem
976 2740 1014 2801 ab
1034 2740 1117 2801 omni
1138 2740 1280 2803 violentia
1299 2742 1459 2803 immunis.
1479 2744 1511 2803 Si

431 2842 514 2902 euim
526 2840 669 2903 violentia
679 2860 733 2923 per
748 2848 864 2904 melum
876 2842 1030 2904 inmissum
1047 2843 1269 2919 intervenisset,
1283 2845 1409 2922 questio
1427 2844 1513 2908 tieret

430 2941 737 3023 complicatiorquam
751 2951 787 3004 ut
797 2945 889 3023 possit
904 2961 957 3023 per
971 2942 1052 3006 solas
1063 2943 1119 3008 has
1134 2943 1293 3024 primasde
1305 2945 1413 3008 ciliciis
1423 2950 1453 3008 et
1462 2947 1512 3024 ju·

431 3044 517 3106 ribus
535 3045 814 3108 mnventionelibus
829 3045 967 3107 notiones
980 3042 1102 3107 resolvi.

472 3145 541 3206 751.
558 3148 628 3210 Pes.
645 3147 728 3207 356¹.
744 3146 1005 3224 -AEquinocetic
1026 3143 1210 3206 additarum
1228 3145 1441 3226 decipiendum
1456 3147 1511 3210 ed-

431 3246 540 3322 hihita,
552 3245 744 3324 mcdopcrrc
754 3247 889 3324 ipsenon
905 3245 1080 3308 adversetur
1092 3246 1265 3322 cogitationi
1276 3249 1343 3325 ejtra
1354 3248 1409 3326 qui
1424 3247 1510 3310 iitern

429 3347 566 3422 adhibet,
579 3363 634 3425 per
648 3363 680 3408 ee
690 3345 852 3424 aliqnando
864 3344 943 3408 licite
959 3351 1015 3407 est.
1073 3380 1084 3401 ,

471 3453 565 3510 Pnor.
579 3479 621 3494 -
633 3448 763 3510 licitum
774 3450 825 3518 ‚est
841 3445 922 3508 velle
944 3447 1071 3508 alteriue
1089 3448 1313 3530 deceptionem,
1332 3449 1455 3528 quando
1475 3467 1510 3514 en

431 3547 694 3611 nobisneceasaria
704 3553 759 3622 est,
779 3546 869 3608 modo
880 3563 920 3607 ne
935 3546 993 3626 ipsi
1008 3563 1064 3608 nos
1076 3547 1166 3609 iilum
1180 3547 1375 3630 decipiemus.
1390 3551 1467 3612 Nam
1483 3551 1509 3612 ei

431 3648 469 3709 ed
491 3647 607 3709 bonnm
627 3645 750 3724 aliquod
773 3646 877 3722 megni
895 3647 1044 3708 momenti
1064 3647 1326 3727 consequendum,
1350 3647 1399 3710 rei
1419 3665 1510 3732 greve

431 3749 549 3810 melum
562 3747 733 3822 vitandum,
751 3761 873 3807 neccsse
885 3744 963 3805 mihi
983 3751 1028 3807 eet
1041 3746 1158 3826 aliquid
1173 3746 1289 3808 efficere
1306 3764 1368 3827 quo
1381 3747 1456 3810 alter
1469 3749 1509 3812 ob

431 3865 519 3910 ruem
533 3845 765 3926 impmdeutiem
779 3844 812 3906 iu
821 3860 953 3906 errorem
968 3843 1141 3922 inducetur,
1154 3845 1233 3906 nihil
1245 3862 1332 3924 egam
1346 3847 1509 3926 voracitati,

429 3947 510 4008 nihii
522 3946 659 4011 charitati
670 3946 851 4008 contrarium
861 3959 872 4022 ;
882 3945 932 4006 his
944 3945 1026 4006 enirn
1036 3945 1156 4008 dnobus
1168 3945 1268 4008 coium
1279 3947 1385 4009 ciliciis
1398 3951 1510 4030 opponi

430 4056 530 4130 posset
549 4047 698 4127 quidquid
721 4048 794 4109 mali
815 4047 938 4109 moretis
965 4047 1127 4125 fingeretur
1145 4050 1176 4110 in
1201 4048 1255 4109 teli
1274 4050 1511 4126 equicocetione

431 4151 546 4214 adesse.

470 4252 563 4330 ntem
580 4251 650 4313 talis
668 4251 862 4329 equivocatio
876 4250 920 4312 sic
944 4250 1101 4312 adhibite:
1121 4250 1150 4312 l·
1167 4251 1249 4312 Nihil
1262 4251 1413 4314 voracitati
1432 4271 1510 4316 con-

430 4350 713 4417 trariummntinet.
729 4352 805 4412 Nam
817 4351 894 4411 actio
905 4349 959 4410 illa
970 4350 1133 4427 equivoco,
1154 4349 1236 4411 unde
1250 4350 1325 4412 alter
1336 4353 1446 4414 erroris
1457 4369 1510 4416 oc·

430 4453 580 4514 maionem
594 4451 709 4530 accipit,
731 4451 764 4511 in
777 4450 869 4512 talem
883 4465 1015 4511 errorem
1027 4465 1080 4530 per
1097 4467 1128 4512 se
1143 4449 1207 4529 ipsa
1228 4451 1355 4514 minime
1374 4453 1507 4532 inducit;

432 4553 504 4632 quia
524 4567 580 4613 nec
596 4557 703 4612 natura
720 4567 788 4625 sua,
805 4566 905 4627 neque
920 4567 956 4610 ex
971 4549 1126 4612 communi
1144 4567 1203 4610 usu
1222 4551 1369 4628 significet
1389 4556 1511 4632 precise

433 4653 507 4714 iliud
539 4649 622 4730 quod
654 4651 729 4712 alter
754 4649 962 4728 imprudenter
986 4655 1071 4729 putat
1095 4667 1103 4712 r
1128 4649 1184 4712 hoc
1203 4652 1338 4734 enimin
1362 4653 1510 4734 positione

431 4769 570 4834 expresse
582 4751 782 4832 postulemus.
