3559 5675
457 732 517 797 tlt
869 752 947 799 rums
966 750 1126 799 seruatus

455 858 572 924 tuerat;
590 854 736 933 plurimas
751 856 954 917 animantibus
973 854 1129 917 laeultatcs
1151 852 1328 914 utilissimas
1349 850 1515 930 deditque

457 951 512 1014 illa
525 960 560 1015 ut
570 954 689 1017 bomini
703 958 860 1032 servirent,
875 956 1025 1036 sapienter
1041 970 1074 1016 ac
1092 952 1256 1015 liberaliter
1275 951 1396 1015 crearit.
1583 1024 1584 1035 ξ

495 1053 608 1115 Eadem
622 1056 735 1117 ratione
749 1056 925 1117 hominibus
939 1056 1146 1117 necessitatem
1162 1068 1195 1113 aa
1213 1052 1395 1113 desiderium
1408 1050 1516 1111 unitatis

455 1151 603 1230 religiosae
620 1154 740 1227 indidit,
755 1156 829 1233 quie
854 1154 993 1215 homines
1012 1154 1046 1214 ad
1063 1152 1240 1228 religionem
1261 1150 1516 1231 supernaturalem,
1583 1148 1584 1159 ¹

456 1269 525 1328 qnae
538 1254 679 1315 omnibus
699 1256 870 1315 contmunis
883 1260 974 1331 esset,
988 1254 1113 1315 ereher‘e
1128 1253 1333 1313 constituerat.
1583 1238 1584 1275 l

497 1353 627 1414 (ἶοιιειι.
652 1358 682 1413 2.
702 1386 745 1430 .···
764 1356 839 1428 Quas
859 1354 968 1415 coroll⁰
989 1351 1165 1433 praeeedenti
1190 1352 1320 1413 breviter
1344 1350 1515 1423 notavimus,

457 1470 600 1529 magnam
619 1453 718 1516 locem
741 1454 869 1516 aderunt
889 1454 1022 1531 generali
1044 1452 1161 1514 cuidam
1186 1451 1380 1526 theoremati,
1401 1450 1473 1528 quoi
1487 1450 1518 1509 li·

457 1552 513 1613 bro
526 1555 548 1623 l,
563 1570 596 1613 n.
614 1555 664 1627 Ὦ,
678 1557 847 1634 posuimus,
863 1554 915 1614 ubi
934 1554 1065 1615 diximus
1085 1553 1256 1613 naturalem
1271 1552 1477 1631 perlectionem
1495 1550 1519 1609 in

457 1651 565 1726 quovis
584 1658 651 1713 ente
671 1670 758 1731 posse
777 1652 810 1712 in
828 1651 942 1730 duplici
962 1655 1041 1712 statu
1058 1651 1175 1711 diverso
1194 1648 1388 1724 considerari,
1405 1648 1436 1708 in
1455 1650 1518 1707 statu

458 1748 590 1810 absoluto
604 1757 695 1829 atque
707 1754 738 1813 in
751 1758 832 1813 statu
846 1749 971 1812 relativo
985 1752 1021 1812 ad
1038 1751 1195 1812 ulteriores
1210 1736 1454 1811 Creatoris'bnes‘.
1467 1748 1518 1807 lam

459 1855 556 1911 status
568 1853 718 1928 cujusque
732 1852 810 1911 entis
822 1850 991 1925 absolutus,
1003 1866 1177 1929 quanquam
1193 1866 1267 1929 opus
1288 1848 1425 1909 exhibeat
1438 1846 1520 1907 divina

459 1948 607 2027 sapientia
625 1950 763 2028 dignum,
782 1968 901 2030 semper
923 1958 1022 2011 nmen
1040 1948 1188 2011 nonnulla
1208 1947 1294 2009 cllert
1316 1947 1464 2008 intellectu
1477 1944 1521 2005 dil·

461 2046 562 2121 lrcilia,
576 2064 707 2123 quorum
729 2047 876 2109 rationem
898 2049 930 2108 in
949 2064 1024 2126 puro
1042 2047 1172 2107 naturali
1187 2046 1291 2107 ordina
1309 2046 1435 2105 minime
1448 2058 1520 2120 repe·

460 2148 567 2209 rimus.
584 2150 687 2225 ltaque
705 2148 755 2209 his
769 2150 896 2210 excitata
912 2148 1150 2209 dubitationibus
1169 2147 1302 2208 bumana
1320 2162 1408 2206 mens
1429 2142 1463 2203 ad
1479 2142 1520 2201 nl·

462 2249 555 2309 terius
580 2248 683 2309 divina
703 2248 829 2310 masilia
851 2248 1064 2329 perscrutanda
1087 2246 1235 2323 assurgitr
1261 2252 1353 2322 atque
1378 2246 1409 2306 in
1433 2258 1521 2305 eorum

460 2348 631 2423 cognitione
642 2354 732 2426 atque
745 2349 919 2409 executione
932 2348 1105 2409 felicitatem
1119 2346 1156 2407 ad
1171 2362 1264 2427 quam
1283 2352 1347 2406 erat
1366 2364 1384 2407 a
1404 2346 1521 2406 ereatura

462 2443 617 2522 destinata,
632 2452 812 2528 assequitur.

863 2668 1068 2730 tnttcbtns
1089 2668 1138 2730 tlt.

504 2841 550 2906 De
563 2844 674 2926 lapibus
686 2847 724 2909 ob
738 2847 825 2910 ciuili
837 2847 1013 2910 curtorr'tole
1029 2843 1179 2909 semendis
1193 2846 1225 2908 r'n
1238 2847 1380 2927 religioso
1395 2846 1494 2908 unr'totr
1585 2849 1586 2858 ’

901 2949 1104 3028 procuranda.

508 3155 577 3214 879.
600 3155 670 3215 Ροε.
690 3152 773 3214 426⁸.
789 3155 854 3216 Lnx
875 3157 919 3215 1¹.
939 3187 976 3200 -
996 3151 1100 3214 Cirilis
1119 3151 1278 3213 auctmitas
1295 3151 1417 3212 nullum
1439 3161 1525 3228 perse

463 3257 516 3332 jns
530 3253 619 3314 babet
631 3255 708 3314 ritus
720 3255 889 3332 cujuspiam
905 3253 1035 3330 religiosi
1053 3253 1242 3314 determinati
1257 3269 1275 3312 a
1291 3253 1381 3312 sociis
1395 3243 1524 3326 exigendi.

507 3357 601 3415 Paos.
620 3385 662 3396 -
679 3353 767 3413 Ritus
783 3353 912 3430 quilibet
932 3354 1090 3430 religiosus
1104 3352 1319 3413 determinatus
1335 3349 1470 3428 supponit
1482 3343 1524 3404 ds-

467 3448 657 3510 terminatam
678 3449 769 3510 tidem
791 3450 972 3527 religiosam,
997 3457 1032 3512 ut
1048 3449 1181 3510 vidimus
1198 3464 1252 3508 nn.
1279 3449 1350 3526 875,
1373 3447 1440 3507 tls.
1465 3445 1526 3517 crgo

468 3546 521 3607 illa
543 3547 607 3608 sola
630 3549 790 3608 auotoritas
811 3548 901 3610 babet
917 3551 969 3626 J'us
990 3547 1178 3610 determinati
1194 3549 1268 3607 ritus
1281 3545 1412 3622 religiosi
1427 3543 1526 3617 crigen-

468 3647 514 3723 di,
533 3663 602 3725 qua
621 3647 711 3710 habet
727 3649 779 3728 jus
799 3649 869 3710 fidei
888 3649 1035 3727 religiosa
1052 3646 1296 3710 determinanda.
1318 3644 1402 3707 Nulli
1416 3653 1527 3716 namque

469 3749 634 3808 auctoritati
655 3747 724 3810 licat
741 3751 834 3810 ritum
856 3755 1012 3811 externum
1031 3750 1069 3811 ab
1089 3750 1206 3810 interna
1224 3745 1282 3807 lide
1300 3743 1524 3806 dissentientem,

470 3847 548 3910 idest
567 3849 756 3912 mendacium
777 3851 965 3930 religiosum,
986 3851 1124 3927 erigere3
1140 3847 1220 3926 qnod
1241 3844 1364 3906 evidens
1385 3847 1438 3904 est.
1454 3837 1526 3914 arqui

470 3949 573 4010 sociali
585 3951 748 4013 arrotoritati
763 3951 886 4012 nultum
894 3953 948 4029 jus
960 3957 1005 4012 ast
1017 3952 1101 4012 certa
1113 3949 1182 4009 fidei
1195 3947 1341 4024 religiosa
1355 3962 1373 4005 a
1387 3941 1469 4005 sociis
1480 3933 1528 3997 sri-

472 4049 588 4127 gendro,
602 4057 636 4111 ut
649 4058 719 4113 anta
735 4053 891 4134 probatum
905 4057 950 4112 est
965 4051 1058 4132 (875).
1073 4053 1163 4126 Ergo,
1176 4053 1232 4109 etc.

511 4155 581 4214 880.
595 4155 726 4214 (banus.
739 4185 781 4200 ·-
791 4154 915 4216 socialis
929 4151 1034 4228 religio
1048 4151 1079 4210 in
1093 4150 1196 4210 ordine
1210 4145 1340 4208 naturali
1353 4159 1414 4205 non
1428 4143 1467 4202 est
1478 4137 1522 4213 igi·

471 4257 521 4311 tur
535 4251 796 4333 religio-position,
816 4269 885 4330 quas
903 4253 1014 4314 scilicet
1032 4251 1108 4311 ritus
1129 4266 1182 4310 sen
1202 4248 1313 4309 lormas
1326 4243 1431 4304 habeat
1445 4239 1528 4300 usur·

472 4351 612 4412 rainatas.
626 4355 730 4414 linitas
741 4355 823 4415 enim
838 4356 915 4414 ritus
935 4353 1065 4430 religiosi
1087 4365 1148 4411 non
1163 4353 1258 4429 potest
1271 4343 1422 4426 provenire
1436 4337 1486 4400 nisi
1499 4333 1527 4394 ab

473 4453 648 4514 anctoritate
666 4471 734 4532 quas
752 4455 861 4516 babeat
878 4457 932 4532 jus
955 4469 1058 4516 omnes
1080 4452 1174 4511 socios
1193 4445 1344 4524 obligandi
1359 4443 1395 4503 ad
1412 4435 1527 4502 eamdem

472 4559 626 4614 externam
648 4555 844 4633 religionem3
866 4573 928 4635 quo
943 4559 1013 4633 jure
1033 4552 1129 4615 uirilis
1149 4547 1414 4612 securitasearct.
1427 4541 1527 4602 creatu

472 4659 585 4732 autem,
599 4667 616 4715 a
632 4673 694 4734 quo
707 4673 769 4718 unc
780 4657 833 4734 jus
847 4655 923 4716 illnd
943 4654 1083 4716 homines
1100 4651 1263 4731 accipiunt,
1287 4647 1319 4708 in
1337 4643 1436 4707 ordine
1453 4639 1526 4699 natu·
