<?xml version="1.0" encoding="UTF-8"?>
<!DOCTYPE html PUBLIC "-//W3C//DTD XHTML 1.0 Transitional//EN"
    "http://www.w3.org/TR/xhtml1/DTD/xhtml1-transitional.dtd">
<html xmlns="http://www.w3.org/1999/xhtml" xml:lang="en" lang="en">
 <head>
  <title>
</title>
<meta http-equiv="Content-Type" content="text/html;charset=utf-8" />
  <meta name='ocr-system' content='tesseract 3.04.00' />
  <meta name='ocr-capabilities' content='ocr_page ocr_carea ocr_par ocr_line ocrx_word'/>
</head>
<body>
  <div class='ocr_page' id='page_1' title='image "./jurisnaturalisu00bensgoog_0440.png"; bbox 0 0 3559 5675; ppageno 0'>
   <div class='ocr_carea' id='block_1_1' title="bbox 465 702 1523 1695">
    <p class='ocr_par' dir='ltr' id='par_1_1' title="bbox 465 702 1130 763">
     <span class='ocr_line' id='line_1_1' title="bbox 465 702 1130 763; baseline -0.009 0"><span class='ocrx_word' id='word_1_1' title='bbox 465 702 524 763; x_wconf 82' lang='lat' dir='ltr'>tao</span> <span class='ocrx_word' id='word_1_2' title='bbox 870 712 949 759; x_wconf 83' lang='lat' dir='ltr'>runis</span> <span class='ocrx_word' id='word_1_3' title='bbox 970 712 1130 759; x_wconf 78' lang='lat' dir='ltr'>nsrnnins</span> 
     </span>
    </p>

    <p class='ocr_par' dir='ltr' id='par_1_2' title="bbox 465 816 1523 1695">
     <span class='ocr_line' id='line_1_2' title="bbox 466 816 1516 899; baseline -0.007 -16"><span class='ocrx_word' id='word_1_4' title='bbox 466 820 643 883; x_wconf 87' lang='lat' dir='ltr'>velomnino</span> <span class='ocrx_word' id='word_1_5' title='bbox 662 822 774 899; x_wconf 87' lang='lat' dir='ltr'>requiri</span> <span class='ocrx_word' id='word_1_6' title='bbox 791 820 985 880; x_wconf 78' lang='lat' dir='ltr'>existimaret.</span> <span class='ocrx_word' id='word_1_7' title='bbox 1002 820 1090 897; x_wconf 66' lang='lat' dir='ltr'>nulio</span> <span class='ocrx_word' id='word_1_8' title='bbox 1106 835 1176 878; x_wconf 84' lang='lat' dir='ltr'>nere</span> <span class='ocrx_word' id='word_1_9' title='bbox 1190 816 1338 893; x_wconf 68' lang='lat' dir='ltr'>omnim,</span> <span class='ocrx_word' id='word_1_10' title='bbox 1350 816 1516 895; x_wconf 70' lang='lat' dir='ltr'>quailslun</span> 
     </span>
     <span class='ocr_line' id='line_1_3' title="bbox 465 916 1518 1003; baseline -0.007 -20"><span class='ocrx_word' id='word_1_11' title='bbox 465 918 607 1003; x_wconf 78' lang='lat' dir='ltr'>opinandi</span> <span class='ocrx_word' id='word_1_12' title='bbox 627 919 796 985; x_wconf 76' lang='lat' dir='ltr'>libertatem</span> <span class='ocrx_word' id='word_1_13' title='bbox 808 917 925 982; x_wconf 82' lang='lat' dir='ltr'>sineere</span> <span class='ocrx_word' id='word_1_14' title='bbox 939 923 1055 995; x_wconf 84' lang='lat' dir='ltr'>tuetur,</span> <span class='ocrx_word' id='word_1_15' title='bbox 1069 918 1193 980; x_wconf 81' lang='lat' dir='ltr'>nullum</span> <span class='ocrx_word' id='word_1_16' title='bbox 1210 916 1321 997; x_wconf 69' lang='lat' dir='ltr'>aequdi</span> <span class='ocrx_word' id='word_1_17' title='bbox 1338 917 1470 993; x_wconf 70' lang='lat' dir='ltr'>uuum</span> <span class='ocrx_word' id='word_1_18' title='bbox 1480 934 1518 995; x_wconf 75' lang='lat' dir='ltr'>po</span> 
     </span>
     <span class='ocr_line' id='line_1_4' title="bbox 467 1016 1520 1101; baseline -0.004 -20"><span class='ocrx_word' id='word_1_19' title='bbox 467 1020 539 1101; x_wconf 89' lang='lat' dir='ltr'>pulo</span> <span class='ocrx_word' id='word_1_20' title='bbox 554 1024 606 1101; x_wconf 90' lang='lat' dir='ltr'>jus</span> <span class='ocrx_word' id='word_1_21' title='bbox 625 1019 806 1083; x_wconf 73' lang='lat' dir='ltr'>auctoritatis</span> <span class='ocrx_word' id='word_1_22' title='bbox 818 1020 851 1079; x_wconf 92' lang='lat' dir='ltr'>in</span> <span class='ocrx_word' id='word_1_23' title='bbox 867 1018 993 1097; x_wconf 80' lang='lat' dir='ltr'>populos</span> <span class='ocrx_word' id='word_1_24' title='bbox 1009 1017 1144 1095; x_wconf 70' lang='lat' dir='ltr'>aquales</span> <span class='ocrx_word' id='word_1_25' title='bbox 1160 1016 1456 1089; x_wconf 78' lang='lat' dir='ltr'>tr·ibuit:anotoritrti</span> <span class='ocrx_word' id='word_1_26' title='bbox 1467 1033 1520 1077; x_wconf 84' lang='lat' dir='ltr'>iero</span> 
     </span>
     <span class='ocr_line' id='line_1_5' title="bbox 466 1116 1519 1197; baseline -0.007 -16"><span class='ocrx_word' id='word_1_27' title='bbox 466 1119 673 1197; x_wconf 70' lang='lat' dir='ltr'>ethnos-ebion,</span> <span class='ocrx_word' id='word_1_28' title='bbox 699 1120 730 1179; x_wconf 91' lang='lat' dir='ltr'>in</span> <span class='ocrx_word' id='word_1_29' title='bbox 750 1126 829 1182; x_wconf 80' lang='lat' dir='ltr'>statu</span> <span class='ocrx_word' id='word_1_30' title='bbox 850 1126 979 1194; x_wconf 80' lang='lat' dir='ltr'>natnrae,</span> <span class='ocrx_word' id='word_1_31' title='bbox 995 1119 1170 1195; x_wconf 66' lang='lat' dir='ltr'>negativum</span> <span class='ocrx_word' id='word_1_32' title='bbox 1183 1116 1375 1187; x_wconf 72' lang='lat' dir='ltr'>solummodo</span> <span class='ocrx_word' id='word_1_33' title='bbox 1385 1119 1434 1193; x_wconf 75' lang='lat' dir='ltr'>ius</span> <span class='ocrx_word' id='word_1_34' title='bbox 1445 1132 1519 1175; x_wconf 77' lang='lat' dir='ltr'>soer-</span> 
     </span>
     <span class='ocr_line' id='line_1_6' title="bbox 467 1215 1521 1295; baseline -0.005 -17"><span class='ocrx_word' id='word_1_35' title='bbox 467 1219 536 1279; x_wconf 90' lang='lat' dir='ltr'>talis</span> <span class='ocrx_word' id='word_1_36' title='bbox 556 1234 618 1277; x_wconf 82' lang='lat' dir='ltr'>suae</span> <span class='ocrx_word' id='word_1_37' title='bbox 641 1224 743 1277; x_wconf 81' lang='lat' dir='ltr'>oontni</span> <span class='ocrx_word' id='word_1_38' title='bbox 766 1218 933 1295; x_wconf 75' lang='lat' dir='ltr'>pristinum</span> <span class='ocrx_word' id='word_1_39' title='bbox 965 1219 1126 1276; x_wconf 73' lang='lat' dir='ltr'>veritatum</span> <span class='ocrx_word' id='word_1_40' title='bbox 1150 1219 1337 1276; x_wconf 71' lang='lat' dir='ltr'>eversionem</span> <span class='ocrx_word' id='word_1_41' title='bbox 1360 1215 1521 1293; x_wconf 71' lang='lat' dir='ltr'>protegenda</span> 
     </span>
     <span class='ocr_line' id='line_1_7' title="bbox 468 1314 1521 1397; baseline -0.008 -18"><span class='ocrx_word' id='word_1_42' title='bbox 468 1318 574 1383; x_wconf 83' lang='lat' dir='ltr'>asserit</span> <span class='ocrx_word' id='word_1_43' title='bbox 588 1337 596 1377; x_wconf 78' lang='grc' dir='ltr'>ι</span> <span class='ocrx_word' id='word_1_44' title='bbox 615 1322 705 1395; x_wconf 78' lang='lat' dir='ltr'>alque</span> <span class='ocrx_word' id='word_1_45' title='bbox 719 1316 775 1381; x_wconf 87' lang='lat' dir='ltr'>bne</span> <span class='ocrx_word' id='word_1_46' title='bbox 789 1318 890 1397; x_wconf 85' lang='lat' dir='ltr'>ipsum</span> <span class='ocrx_word' id='word_1_47' title='bbox 900 1318 956 1395; x_wconf 82' lang='lat' dir='ltr'>jns</span> <span class='ocrx_word' id='word_1_48' title='bbox 969 1332 1031 1380; x_wconf 90' lang='lat' dir='ltr'>non</span> <span class='ocrx_word' id='word_1_49' title='bbox 1052 1334 1071 1388; x_wconf 80' lang='lat' dir='ltr'>a</span> <span class='ocrx_word' id='word_1_50' title='bbox 1086 1316 1151 1379; x_wconf 85' lang='lat' dir='ltr'>sole</span> <span class='ocrx_word' id='word_1_51' title='bbox 1163 1316 1326 1380; x_wconf 71' lang='lat' dir='ltr'>venatum</span> <span class='ocrx_word' id='word_1_52' title='bbox 1344 1314 1460 1375; x_wconf 79' lang='lat' dir='ltr'>illarum</span> <span class='ocrx_word' id='word_1_53' title='bbox 1472 1315 1521 1373; x_wconf 76' lang='lat' dir='ltr'>eri-</span> 
     </span>
     <span class='ocr_line' id='line_1_8' title="bbox 466 1412 1522 1493; baseline -0.005 -14"><span class='ocrx_word' id='word_1_54' title='bbox 466 1416 579 1490; x_wconf 75' lang='lat' dir='ltr'>danus,</span> <span class='ocrx_word' id='word_1_55' title='bbox 603 1416 655 1477; x_wconf 90' lang='lat' dir='ltr'>sed</span> <span class='ocrx_word' id='word_1_56' title='bbox 669 1432 687 1477; x_wconf 89' lang='lat' dir='ltr'>a</span> <span class='ocrx_word' id='word_1_57' title='bbox 701 1415 804 1477; x_wconf 74' lang='lat' dir='ltr'>seddi</span> <span class='ocrx_word' id='word_1_58' title='bbox 818 1416 993 1479; x_wconf 80' lang='lat' dir='ltr'>necessitate</span> <span class='ocrx_word' id='word_1_59' title='bbox 1016 1414 1151 1493; x_wconf 79' lang='lat' dir='ltr'>deducit3</span> <span class='ocrx_word' id='word_1_60' title='bbox 1177 1415 1332 1484; x_wconf 80' lang='lat' dir='ltr'>evidentia</span> <span class='ocrx_word' id='word_1_61' title='bbox 1350 1428 1473 1493; x_wconf 76' lang='lat' dir='ltr'>numque</span> <span class='ocrx_word' id='word_1_62' title='bbox 1484 1412 1522 1474; x_wconf 80' lang='lat' dir='ltr'>illa</span> 
     </span>
     <span class='ocr_line' id='line_1_9' title="bbox 467 1514 1523 1597; baseline -0.006 -20"><span class='ocrx_word' id='word_1_63' title='bbox 467 1523 565 1597; x_wconf 87' lang='lat' dir='ltr'>posset</span> <span class='ocrx_word' id='word_1_64' title='bbox 578 1516 679 1580; x_wconf 80' lang='lat' dir='ltr'>solunt</span> <span class='ocrx_word' id='word_1_65' title='bbox 698 1516 863 1595; x_wconf 75' lang='lat' dir='ltr'>subjectiva</span> <span class='ocrx_word' id='word_1_66' title='bbox 883 1532 964 1592; x_wconf 81' lang='lat' dir='ltr'>esse,</span> <span class='ocrx_word' id='word_1_67' title='bbox 986 1522 1116 1580; x_wconf 80' lang='lat' dir='ltr'>exterere</span> <span class='ocrx_word' id='word_1_68' title='bbox 1136 1516 1253 1587; x_wconf 77' lang='lat' dir='ltr'>veritati</span> <span class='ocrx_word' id='word_1_69' title='bbox 1275 1514 1405 1576; x_wconf 86' lang='lat' dir='ltr'>minime</span> <span class='ocrx_word' id='word_1_70' title='bbox 1423 1528 1523 1572; x_wconf 82' lang='lat' dir='ltr'>mosen</span> 
     </span>
     <span class='ocr_line' id='line_1_10' title="bbox 467 1611 1523 1695; baseline -0.004 -18"><span class='ocrx_word' id='word_1_71' title='bbox 467 1622 564 1687; x_wconf 68' lang='lat' dir='ltr'>tanea</span> <span class='ocrx_word' id='word_1_72' title='bbox 580 1632 614 1675; x_wconf 85' lang='lat' dir='ltr'>ne</span> <span class='ocrx_word' id='word_1_73' title='bbox 628 1620 785 1693; x_wconf 74' lang='lat' dir='ltr'>propterea</span> <span class='ocrx_word' id='word_1_74' title='bbox 799 1613 922 1680; x_wconf 89' lang='lat' dir='ltr'>nullum</span> <span class='ocrx_word' id='word_1_75' title='bbox 936 1615 1021 1676; x_wconf 85' lang='lat' dir='ltr'>illins</span> <span class='ocrx_word' id='word_1_76' title='bbox 1033 1613 1217 1695; x_wconf 71' lang='lat' dir='ltr'>imperanda</span> <span class='ocrx_word' id='word_1_77' title='bbox 1225 1616 1280 1692; x_wconf 83' lang='lat' dir='ltr'>jus</span> <span class='ocrx_word' id='word_1_78' title='bbox 1294 1618 1386 1678; x_wconf 85' lang='lat' dir='ltr'>esset.</span> <span class='ocrx_word' id='word_1_79' title='bbox 1400 1611 1523 1673; x_wconf 77' lang='lat' dir='ltr'>ceonn</span> 
     </span>
    </p>
   </div>
   <div class='ocr_carea' id='block_1_2' title="bbox 463 1703 1579 1793">
    <p class='ocr_par' dir='ltr' id='par_1_3' title="bbox 463 1703 1579 1793">
     <span class='ocr_line' id='line_1_11' title="bbox 463 1703 1579 1793; baseline 0.002 -20"><span class='ocrx_word' id='word_1_80' title='bbox 463 1730 516 1789; x_wconf 77' lang='lat' dir='ltr'>Jns</span> <span class='ocrx_word' id='word_1_81' title='bbox 530 1712 757 1791; x_wconf 77' lang='lat' dir='ltr'>christianismi,</span> <span class='ocrx_word' id='word_1_82' title='bbox 771 1714 863 1777; x_wconf 85' lang='lat' dir='ltr'>armis</span> <span class='ocrx_word' id='word_1_83' title='bbox 885 1713 989 1786; x_wconf 83' lang='lat' dir='ltr'>etiarn,</span> <span class='ocrx_word' id='word_1_84' title='bbox 1012 1715 1091 1793; x_wconf 57' lang='lat' dir='ltr'>atiud</span> <span class='ocrx_word' id='word_1_85' title='bbox 1106 1722 1223 1777; x_wconf 71' lang='lat' dir='ltr'>exteras</span> <span class='ocrx_word' id='word_1_86' title='bbox 1242 1719 1348 1791; x_wconf 70' lang='lat' dir='ltr'>suites</span> <span class='ocrx_word' id='word_1_87' title='bbox 1363 1709 1523 1791; x_wconf 63' lang='lat' dir='ltr'>prosecuti,</span> <span class='ocrx_word' id='word_1_88' title='bbox 1578 1703 1579 1706; x_wconf 50' lang='lat'>&#39;</span> 
     </span>
    </p>
   </div>
   <div class='ocr_carea' id='block_1_3' title="bbox 464 1808 1525 2683">
    <p class='ocr_par' dir='ltr' id='par_1_4' title="bbox 464 1808 1525 2683">
     <span class='ocr_line' id='line_1_12' title="bbox 464 1808 1525 1891; baseline -0.008 -18"><span class='ocrx_word' id='word_1_89' title='bbox 464 1829 482 1873; x_wconf 83' lang='lat' dir='ltr'>a</span> <span class='ocrx_word' id='word_1_90' title='bbox 496 1810 696 1889; x_wconf 71' lang='lat' dir='ltr'>peculiaribus</span> <span class='ocrx_word' id='word_1_91' title='bbox 715 1810 812 1888; x_wconf 81' lang='lat' dir='ltr'>lautis,</span> <span class='ocrx_word' id='word_1_92' title='bbox 827 1812 942 1891; x_wconf 89' lang='lat' dir='ltr'>quibus</span> <span class='ocrx_word' id='word_1_93' title='bbox 961 1813 1087 1873; x_wconf 83' lang='lat' dir='ltr'>societas</span> <span class='ocrx_word' id='word_1_94' title='bbox 1100 1810 1263 1875; x_wconf 67' lang='lat' dir='ltr'>utrumne</span> <span class='ocrx_word' id='word_1_95' title='bbox 1276 1811 1431 1885; x_wconf 82' lang='lat' dir='ltr'>inuititur,</span> <span class='ocrx_word' id='word_1_96' title='bbox 1441 1808 1525 1883; x_wconf 74' lang='lat' dir='ltr'>noque</span> 
     </span>
     <span class='ocr_line' id='line_1_13' title="bbox 465 1910 1484 1995; baseline -0.002 -24"><span class='ocrx_word' id='word_1_97' title='bbox 465 1910 663 1991; x_wconf 85' lang='lat' dir='ltr'>repetendum</span> <span class='ocrx_word' id='word_1_98' title='bbox 674 1916 737 1974; x_wconf 82' lang='lat' dir='ltr'>est:</span> <span class='ocrx_word' id='word_1_99' title='bbox 754 1928 815 1995; x_wconf 85' lang='lat' dir='ltr'>qna</span> <span class='ocrx_word' id='word_1_100' title='bbox 828 1912 908 1975; x_wconf 87' lang='lat' dir='ltr'>dere</span> <span class='ocrx_word' id='word_1_101' title='bbox 922 1914 1061 1991; x_wconf 85' lang='lat' dir='ltr'>sequenti</span> <span class='ocrx_word' id='word_1_102' title='bbox 1074 1913 1152 1975; x_wconf 87' lang='lat' dir='ltr'>libro</span> <span class='ocrx_word' id='word_1_103' title='bbox 1167 1928 1237 1975; x_wconf 79' lang='lat' dir='ltr'>mox</span> <span class='ocrx_word' id='word_1_104' title='bbox 1250 1911 1364 1975; x_wconf 66' lang='lat' dir='ltr'>aeluri</span> <span class='ocrx_word' id='word_1_105' title='bbox 1377 1925 1484 1975; x_wconf 74' lang='lat' dir='ltr'>murus</span> 
     </span>
     <span class='ocr_line' id='line_1_14' title="bbox 506 2006 1525 2093; baseline 0 -20"><span class='ocrx_word' id='word_1_106' title='bbox 506 2013 635 2075; x_wconf 65' lang='lat' dir='ltr'>manen.</span> <span class='ocrx_word' id='word_1_107' title='bbox 658 2012 688 2073; x_wconf 86' lang='lat'>2.</span> <span class='ocrx_word' id='word_1_108' title='bbox 708 2042 749 2057; x_wconf 88' lang='lat'>--</span> <span class='ocrx_word' id='word_1_109' title='bbox 763 2013 932 2081; x_wconf 71' lang='lat' dir='ltr'>Auctoritas</span> <span class='ocrx_word' id='word_1_110' title='bbox 955 2011 1148 2077; x_wconf 77' lang='lat' dir='ltr'>enen-euna</span> <span class='ocrx_word' id='word_1_111' title='bbox 1173 2010 1220 2079; x_wconf 90' lang='lat' dir='ltr'>uil</span> <span class='ocrx_word' id='word_1_112' title='bbox 1244 2009 1336 2073; x_wconf 87' lang='lat' dir='ltr'>debet</span> <span class='ocrx_word' id='word_1_113' title='bbox 1358 2007 1468 2093; x_wconf 76' lang='lat' dir='ltr'>populis</span> <span class='ocrx_word' id='word_1_114' title='bbox 1485 2006 1525 2065; x_wconf 82' lang='lat' dir='ltr'>ldi</span> 
     </span>
     <span class='ocr_line' id='line_1_15' title="bbox 465 2105 1525 2185; baseline -0.005 -16"><span class='ocrx_word' id='word_1_115' title='bbox 465 2108 648 2169; x_wconf 80' lang='lat' dir='ltr'>etlrnarebise</span> <span class='ocrx_word' id='word_1_116' title='bbox 674 2110 844 2185; x_wconf 85' lang='lat' dir='ltr'>extraneis;</span> <span class='ocrx_word' id='word_1_117' title='bbox 874 2110 1047 2170; x_wconf 80' lang='lat' dir='ltr'>nationibus</span> <span class='ocrx_word' id='word_1_118' title='bbox 1075 2117 1193 2169; x_wconf 85' lang='lat' dir='ltr'>tantum</span> <span class='ocrx_word' id='word_1_119' title='bbox 1221 2107 1281 2168; x_wconf 88' lang='lat' dir='ltr'>sibi</span> <span class='ocrx_word' id='word_1_120' title='bbox 1310 2108 1414 2169; x_wconf 81' lang='lat' dir='ltr'>sociali</span> <span class='ocrx_word' id='word_1_121' title='bbox 1436 2105 1525 2167; x_wconf 72' lang='lat' dir='ltr'>freter</span> 
     </span>
     <span class='ocr_line' id='line_1_16' title="bbox 464 2202 1523 2285; baseline -0.001 -20"><span class='ocrx_word' id='word_1_122' title='bbox 464 2204 621 2285; x_wconf 85' lang='lat' dir='ltr'>snbjeelis,</span> <span class='ocrx_word' id='word_1_123' title='bbox 644 2212 733 2285; x_wconf 86' lang='lat' dir='ltr'>etque</span> <span class='ocrx_word' id='word_1_124' title='bbox 748 2206 917 2273; x_wconf 85' lang='lat' dir='ltr'>individuis</span> <span class='ocrx_word' id='word_1_125' title='bbox 939 2206 977 2269; x_wconf 85' lang='lat' dir='ltr'>ad</span> <span class='ocrx_word' id='word_1_126' title='bbox 995 2206 1075 2271; x_wconf 80' lang='lat' dir='ltr'>bario</span> <span class='ocrx_word' id='word_1_127' title='bbox 1094 2205 1304 2272; x_wconf 77' lang='lat' dir='ltr'>eunarebiam</span> <span class='ocrx_word' id='word_1_128' title='bbox 1316 2202 1523 2285; x_wconf 81' lang='lat' dir='ltr'>pertinentibus,</span> 
     </span>
     <span class='ocr_line' id='line_1_17' title="bbox 464 2304 1523 2383; baseline 0 -20"><span class='ocrx_word' id='word_1_129' title='bbox 464 2305 618 2383; x_wconf 82' lang='lat' dir='ltr'>regiminis</span> <span class='ocrx_word' id='word_1_130' title='bbox 638 2306 686 2365; x_wconf 89' lang='lat' dir='ltr'>sui</span> <span class='ocrx_word' id='word_1_131' title='bbox 701 2322 791 2367; x_wconf 88' lang='lat' dir='ltr'>enras</span> <span class='ocrx_word' id='word_1_132' title='bbox 804 2304 906 2369; x_wconf 87' lang='lat' dir='ltr'>debet.</span> <span class='ocrx_word' id='word_1_133' title='bbox 931 2308 1008 2383; x_wconf 73' lang='lat' dir='ltr'>Ergo</span> <span class='ocrx_word' id='word_1_134' title='bbox 1021 2314 1128 2371; x_wconf 77' lang='lat' dir='ltr'>extera</span> <span class='ocrx_word' id='word_1_135' title='bbox 1140 2307 1276 2370; x_wconf 78' lang='lat' dir='ltr'>nabonos</span> <span class='ocrx_word' id='word_1_136' title='bbox 1290 2305 1372 2367; x_wconf 89' lang='lat' dir='ltr'>nibil</span> <span class='ocrx_word' id='word_1_137' title='bbox 1382 2304 1419 2367; x_wconf 86' lang='lat' dir='ltr'>ab</span> <span class='ocrx_word' id='word_1_138' title='bbox 1431 2320 1463 2363; x_wconf 83' lang='lat' dir='ltr'>es</span> <span class='ocrx_word' id='word_1_139' title='bbox 1473 2317 1523 2381; x_wconf 78' lang='lat' dir='ltr'>pos·</span> 
     </span>
     <span class='ocr_line' id='line_1_18' title="bbox 465 2399 1523 2485; baseline -0.006 -20"><span class='ocrx_word' id='word_1_140' title='bbox 465 2412 537 2465; x_wconf 88' lang='lat' dir='ltr'>snnl</span> <span class='ocrx_word' id='word_1_141' title='bbox 548 2402 649 2467; x_wconf 83' lang='lat' dir='ltr'>stricto</span> <span class='ocrx_word' id='word_1_142' title='bbox 665 2406 735 2483; x_wconf 88' lang='lat' dir='ltr'>jure</span> <span class='ocrx_word' id='word_1_143' title='bbox 749 2406 867 2481; x_wconf 74' lang='lat' dir='ltr'>erigere</span> <span class='ocrx_word' id='word_1_144' title='bbox 875 2423 886 2485; x_wconf 75' lang='lat'>3</span> <span class='ocrx_word' id='word_1_145' title='bbox 905 2421 1005 2482; x_wconf 86' lang='lat' dir='ltr'>neque</span> <span class='ocrx_word' id='word_1_146' title='bbox 1015 2403 1191 2466; x_wconf 82' lang='lat' dir='ltr'>etbnarebia</span> <span class='ocrx_word' id='word_1_147' title='bbox 1201 2404 1355 2483; x_wconf 74' lang='lat' dir='ltr'>quaepiam</span> <span class='ocrx_word' id='word_1_148' title='bbox 1371 2405 1465 2467; x_wconf 88' lang='lat' dir='ltr'>strieto</span> <span class='ocrx_word' id='word_1_149' title='bbox 1476 2399 1523 2459; x_wconf 88' lang='lat' dir='ltr'>nllo</span> 
     </span>
     <span class='ocr_line' id='line_1_19' title="bbox 465 2502 1524 2586; baseline -0.001 -22"><span class='ocrx_word' id='word_1_150' title='bbox 465 2510 583 2564; x_wconf 76' lang='lat' dir='ltr'>mnetnr</span> <span class='ocrx_word' id='word_1_151' title='bbox 605 2504 702 2565; x_wconf 80' lang='lat' dir='ltr'>oluere</span> <span class='ocrx_word' id='word_1_152' title='bbox 716 2521 802 2564; x_wconf 83' lang='lat' dir='ltr'>veras</span> <span class='ocrx_word' id='word_1_153' title='bbox 816 2504 884 2565; x_wconf 83' lang='lat' dir='ltr'>illas</span> <span class='ocrx_word' id='word_1_154' title='bbox 907 2503 1056 2567; x_wconf 79' lang='lat' dir='ltr'>doctrinas</span> <span class='ocrx_word' id='word_1_155' title='bbox 1070 2511 1162 2581; x_wconf 85' lang='lat' dir='ltr'>atque</span> <span class='ocrx_word' id='word_1_156' title='bbox 1178 2502 1381 2581; x_wconf 84' lang='lat' dir='ltr'>honestatem,</span> <span class='ocrx_word' id='word_1_157' title='bbox 1395 2502 1524 2586; x_wconf 72' lang='lat' dir='ltr'>enesim</span> 
     </span>
     <span class='ocr_line' id='line_1_20' title="bbox 465 2601 1523 2683; baseline -0.006 -20"><span class='ocrx_word' id='word_1_158' title='bbox 465 2603 616 2681; x_wconf 83' lang='lat' dir='ltr'>possidere</span> <span class='ocrx_word' id='word_1_159' title='bbox 634 2603 796 2679; x_wconf 79' lang='lat' dir='ltr'>existimet,</span> <span class='ocrx_word' id='word_1_160' title='bbox 819 2606 852 2667; x_wconf 93' lang='lat' dir='ltr'>in</span> <span class='ocrx_word' id='word_1_161' title='bbox 866 2610 1006 2667; x_wconf 76' lang='lat' dir='ltr'>externas</span> <span class='ocrx_word' id='word_1_162' title='bbox 1026 2604 1163 2679; x_wconf 74' lang='lat' dir='ltr'>regiones</span> <span class='ocrx_word' id='word_1_163' title='bbox 1185 2603 1384 2683; x_wconf 77' lang='lat' dir='ltr'>importandi.</span> <span class='ocrx_word' id='word_1_164' title='bbox 1404 2605 1440 2665; x_wconf 85' lang='lat' dir='ltr'>tn</span> <span class='ocrx_word' id='word_1_165' title='bbox 1455 2601 1523 2675; x_wconf 85' lang='lat' dir='ltr'>siqno</span> 
     </span>
    </p>
   </div>
   <div class='ocr_carea' id='block_1_4' title="bbox 464 2698 1579 2786">
    <p class='ocr_par' dir='ltr' id='par_1_5' title="bbox 464 2698 1579 2786">
     <span class='ocr_line' id='line_1_21' title="bbox 464 2698 1579 2786; baseline 0 -26"><span class='ocrx_word' id='word_1_166' title='bbox 464 2702 552 2773; x_wconf 82' lang='lat' dir='ltr'>lento,</span> <span class='ocrx_word' id='word_1_167' title='bbox 576 2702 662 2763; x_wconf 91' lang='lat' dir='ltr'>novis</span> <span class='ocrx_word' id='word_1_168' title='bbox 683 2702 880 2763; x_wconf 85' lang='lat' dir='ltr'>relationibus</span> <span class='ocrx_word' id='word_1_169' title='bbox 894 2702 1036 2775; x_wconf 86' lang='lat' dir='ltr'>induetis,</span> <span class='ocrx_word' id='word_1_170' title='bbox 1054 2703 1178 2766; x_wconf 82' lang='lat' dir='ltr'>initium</span> <span class='ocrx_word' id='word_1_171' title='bbox 1191 2704 1348 2781; x_wconf 85' lang='lat' dir='ltr'>quoddam</span> <span class='ocrx_word' id='word_1_172' title='bbox 1365 2698 1523 2786; x_wconf 80' lang='lat' dir='ltr'>tenpomie</span> <span class='ocrx_word' id='word_1_173' title='bbox 1578 2733 1579 2746; x_wconf 43' lang='grc' dir='ltr'><strong>ι</strong></span> 
     </span>
    </p>
   </div>
   <div class='ocr_carea' id='block_1_5' title="bbox 462 2800 1523 3076">
    <p class='ocr_par' dir='ltr' id='par_1_6' title="bbox 462 2800 1523 3076">
     <span class='ocr_line' id='line_1_22' title="bbox 462 2800 1523 2882; baseline -0.006 -22"><span class='ocrx_word' id='word_1_174' title='bbox 462 2800 668 2862; x_wconf 80' lang='lat' dir='ltr'>associationis</span> <span class='ocrx_word' id='word_1_175' title='bbox 693 2816 764 2862; x_wconf 86' lang='lat' dir='ltr'>enm</span> <span class='ocrx_word' id='word_1_176' title='bbox 794 2806 895 2862; x_wconf 83' lang='lat' dir='ltr'>extero</span> <span class='ocrx_word' id='word_1_177' title='bbox 920 2800 1023 2882; x_wconf 85' lang='lat' dir='ltr'>aliquo</span> <span class='ocrx_word' id='word_1_178' title='bbox 1047 2800 1159 2881; x_wconf 59' lang='lat' dir='ltr'>intento</span> <span class='ocrx_word' id='word_1_179' title='bbox 1185 2809 1308 2882; x_wconf 78' lang='lat' dir='ltr'>pertuso</span> <span class='ocrx_word' id='word_1_180' title='bbox 1334 2802 1445 2876; x_wconf 75' lang='lat' dir='ltr'>luent,</span> <span class='ocrx_word' id='word_1_181' title='bbox 1469 2805 1523 2858; x_wconf 84' lang='lat' dir='ltr'>lune</span> 
     </span>
     <span class='ocr_line' id='line_1_23' title="bbox 462 2900 1523 2979; baseline -0.003 -18"><span class='ocrx_word' id='word_1_182' title='bbox 462 2900 648 2979; x_wconf 83' lang='lat' dir='ltr'>elbnarebia,</span> <span class='ocrx_word' id='word_1_183' title='bbox 664 2917 726 2962; x_wconf 92' lang='lat' dir='ltr'>nou</span> <span class='ocrx_word' id='word_1_184' title='bbox 737 2901 860 2979; x_wconf 88' lang='lat' dir='ltr'>quidem</span> <span class='ocrx_word' id='word_1_185' title='bbox 870 2900 1063 2962; x_wconf 82' lang='lat' dir='ltr'>ethnarebieo</span> <span class='ocrx_word' id='word_1_186' title='bbox 1074 2902 1185 2979; x_wconf 82' lang='lat' dir='ltr'>oluere,</span> <span class='ocrx_word' id='word_1_187' title='bbox 1195 2904 1246 2964; x_wconf 87' lang='lat' dir='ltr'>sed</span> <span class='ocrx_word' id='word_1_188' title='bbox 1260 2902 1364 2968; x_wconf 86' lang='lat' dir='ltr'>solnm</span> <span class='ocrx_word' id='word_1_189' title='bbox 1373 2901 1523 2967; x_wconf 76' lang='lat' dir='ltr'>etonem·</span> 
     </span>
     <span class='ocr_line' id='line_1_24' title="bbox 463 2999 1520 3076; baseline 0 -18"><span class='ocrx_word' id='word_1_190' title='bbox 463 3001 584 3060; x_wconf 84' lang='lat' dir='ltr'>versetis</span> <span class='ocrx_word' id='word_1_191' title='bbox 593 3001 739 3062; x_wconf 77' lang='lat' dir='ltr'>societatis</span> <span class='ocrx_word' id='word_1_192' title='bbox 750 2999 989 3060; x_wconf 80' lang='lat' dir='ltr'>internetionslis</span> <span class='ocrx_word' id='word_1_193' title='bbox 1003 3000 1186 3076; x_wconf 70' lang='lat' dir='ltr'>obligabitur</span> <span class='ocrx_word' id='word_1_194' title='bbox 1197 3000 1233 3060; x_wconf 86' lang='lat' dir='ltr'>ad</span> <span class='ocrx_word' id='word_1_195' title='bbox 1245 3001 1436 3065; x_wconf 81' lang='lat' dir='ltr'>honestatem</span> <span class='ocrx_word' id='word_1_196' title='bbox 1445 3012 1520 3060; x_wconf 78' lang='lat' dir='ltr'>musi·</span> 
     </span>
    </p>
   </div>
   <div class='ocr_carea' id='block_1_6' title="bbox 449 3099 1579 3778">
    <p class='ocr_par' dir='ltr' id='par_1_7' title="bbox 449 3099 1579 3778">
     <span class='ocr_line' id='line_1_25' title="bbox 461 3099 1359 3180; baseline 0.001 -22"><span class='ocrx_word' id='word_1_197' title='bbox 461 3100 510 3160; x_wconf 86' lang='lat' dir='ltr'>liis</span> <span class='ocrx_word' id='word_1_198' title='bbox 522 3109 550 3162; x_wconf 90' lang='lat' dir='ltr'>et</span> <span class='ocrx_word' id='word_1_199' title='bbox 561 3101 752 3162; x_wconf 81' lang='lat' dir='ltr'>suasionibus</span> <span class='ocrx_word' id='word_1_200' title='bbox 766 3099 845 3178; x_wconf 78' lang='lat' dir='ltr'>apud</span> <span class='ocrx_word' id='word_1_201' title='bbox 860 3115 932 3158; x_wconf 88' lang='lat' dir='ltr'>eum</span> <span class='ocrx_word' id='word_1_202' title='bbox 946 3099 1094 3180; x_wconf 67' lang='lat' dir='ltr'>populum</span> <span class='ocrx_word' id='word_1_203' title='bbox 1112 3099 1359 3180; x_wconf 82' lang='lat' dir='ltr'>promoreudam.</span> 
     </span>
     <span class='ocr_line' id='line_1_26' title="bbox 449 3187 1579 3278; baseline -0.009 -18"><span class='ocrx_word' id='word_1_204' title='bbox 449 3187 453 3196; x_wconf 70' lang='grc'><strong>’</strong></span> <span class='ocrx_word' id='word_1_205' title='bbox 502 3199 540 3260; x_wconf 81' lang='lat' dir='ltr'>lt</span> <span class='ocrx_word' id='word_1_206' title='bbox 554 3215 631 3270; x_wconf 85' lang='lat' dir='ltr'>¹iero,</span> <span class='ocrx_word' id='word_1_207' title='bbox 655 3199 679 3256; x_wconf 89' lang='lat' dir='ltr'>si</span> <span class='ocrx_word' id='word_1_208' title='bbox 696 3199 743 3256; x_wconf 83' lang='lat' dir='ltr'>bre</span> <span class='ocrx_word' id='word_1_209' title='bbox 762 3200 919 3258; x_wconf 77' lang='lat' dir='ltr'>suasiones</span> <span class='ocrx_word' id='word_1_210' title='bbox 939 3197 971 3257; x_wconf 88' lang='lat' dir='ltr'>in</span> <span class='ocrx_word' id='word_1_211' title='bbox 989 3198 1110 3257; x_wconf 86' lang='lat' dir='ltr'>irritum</span> <span class='ocrx_word' id='word_1_212' title='bbox 1131 3215 1254 3278; x_wconf 85' lang='lat' dir='ltr'>prorsus</span> <span class='ocrx_word' id='word_1_213' title='bbox 1265 3200 1389 3277; x_wconf 81' lang='lat' dir='ltr'>sedant,</span> <span class='ocrx_word' id='word_1_214' title='bbox 1401 3196 1522 3277; x_wconf 76' lang='lat' dir='ltr'>queritur</span> <span class='ocrx_word' id='word_1_215' title='bbox 1578 3250 1579 3261; x_wconf 60' lang='grc'>,</span> 
     </span>
     <span class='ocr_line' id='line_1_27' title="bbox 461 3280 1579 3376; baseline -0.004 -20"><span class='ocrx_word' id='word_1_216' title='bbox 461 3312 499 3357; x_wconf 88' lang='lat' dir='ltr'>an</span> <span class='ocrx_word' id='word_1_217' title='bbox 514 3297 628 3356; x_wconf 88' lang='lat' dir='ltr'>bellurn</span> <span class='ocrx_word' id='word_1_218' title='bbox 647 3295 790 3356; x_wconf 83' lang='lat' dir='ltr'>adversus</span> <span class='ocrx_word' id='word_1_219' title='bbox 805 3312 876 3366; x_wconf 86' lang='lat' dir='ltr'>enm</span> <span class='ocrx_word' id='word_1_220' title='bbox 892 3298 1039 3376; x_wconf 79' lang='lat' dir='ltr'>populum</span> <span class='ocrx_word' id='word_1_221' title='bbox 1064 3313 1183 3358; x_wconf 73' lang='lat' dir='ltr'>inolere</span> <span class='ocrx_word' id='word_1_222' title='bbox 1200 3297 1297 3359; x_wconf 81' lang='lat' dir='ltr'>lineat.</span> <span class='ocrx_word' id='word_1_223' title='bbox 1315 3301 1374 3361; x_wconf 80' lang='lat' dir='ltr'>Cui</span> <span class='ocrx_word' id='word_1_224' title='bbox 1388 3292 1520 3374; x_wconf 71' lang='lat' dir='ltr'>questioni</span> <span class='ocrx_word' id='word_1_225' title='bbox 1578 3280 1579 3323; x_wconf 67' lang='lat'>³</span> 
     </span>
     <span class='ocr_line' id='line_1_28' title="bbox 461 3395 1579 3478; baseline -0.005 -22"><span class='ocrx_word' id='word_1_226' title='bbox 461 3399 598 3475; x_wconf 82' lang='lat' dir='ltr'>bipertita</span> <span class='ocrx_word' id='word_1_227' title='bbox 613 3395 767 3474; x_wconf 82' lang='lat' dir='ltr'>responsio</span> <span class='ocrx_word' id='word_1_228' title='bbox 777 3395 949 3456; x_wconf 80' lang='lat' dir='ltr'>haeedendn</span> <span class='ocrx_word' id='word_1_229' title='bbox 959 3402 1025 3455; x_wconf 88' lang='lat' dir='ltr'>est:</span> <span class='ocrx_word' id='word_1_230' title='bbox 1046 3398 1073 3455; x_wconf 91' lang='lat' dir='ltr'>si</span> <span class='ocrx_word' id='word_1_231' title='bbox 1084 3397 1189 3478; x_wconf 82' lang='lat' dir='ltr'>populi</span> <span class='ocrx_word' id='word_1_232' title='bbox 1203 3397 1289 3459; x_wconf 84' lang='lat' dir='ltr'>illins</span> <span class='ocrx_word' id='word_1_233' title='bbox 1300 3397 1472 3461; x_wconf 83' lang='lat' dir='ltr'>reluctantis</span> <span class='ocrx_word' id='word_1_234' title='bbox 1480 3399 1521 3452; x_wconf 74' lang='lat' dir='ltr'>nti</span> <span class='ocrx_word' id='word_1_235' title='bbox 1578 3432 1579 3459; x_wconf 31' lang='lat' dir='ltr'>i</span> 
     </span>
     <span class='ocr_line' id='line_1_29' title="bbox 461 3497 1579 3574; baseline -0.002 -19"><span class='ocrx_word' id='word_1_236' title='bbox 461 3497 560 3556; x_wconf 81' lang='lat' dir='ltr'>litatus</span> <span class='ocrx_word' id='word_1_237' title='bbox 571 3500 600 3556; x_wconf 89' lang='lat' dir='ltr'>et</span> <span class='ocrx_word' id='word_1_238' title='bbox 611 3497 731 3572; x_wconf 74' lang='lat' dir='ltr'>negotia</span> <span class='ocrx_word' id='word_1_239' title='bbox 742 3512 813 3555; x_wconf 86' lang='lat' dir='ltr'>enni</span> <span class='ocrx_word' id='word_1_240' title='bbox 830 3498 959 3572; x_wconf 82' lang='lat' dir='ltr'>negotiis</span> <span class='ocrx_word' id='word_1_241' title='bbox 973 3504 1064 3574; x_wconf 82' lang='lat' dir='ltr'>etque</span> <span class='ocrx_word' id='word_1_242' title='bbox 1077 3497 1257 3558; x_wconf 80' lang='lat' dir='ltr'>utilitatibus</span> <span class='ocrx_word' id='word_1_243' title='bbox 1270 3501 1428 3564; x_wconf 85' lang='lat' dir='ltr'>nationum</span> <span class='ocrx_word' id='word_1_244' title='bbox 1441 3509 1523 3556; x_wconf 72' lang='lat' dir='ltr'>reum</span> <span class='ocrx_word' id='word_1_245' title='bbox 1578 3504 1579 3513; x_wconf 58' lang='lat'>¹</span> 
     </span>
     <span class='ocr_line' id='line_1_30' title="bbox 460 3596 1523 3674; baseline -0.004 -18"><span class='ocrx_word' id='word_1_246' title='bbox 460 3597 607 3656; x_wconf 80' lang='lat' dir='ltr'>ristulum</span> <span class='ocrx_word' id='word_1_247' title='bbox 617 3596 731 3674; x_wconf 82' lang='lat' dir='ltr'>itejanr</span> <span class='ocrx_word' id='word_1_248' title='bbox 743 3597 804 3656; x_wconf 85' lang='lat' dir='ltr'>sint</span> <span class='ocrx_word' id='word_1_249' title='bbox 819 3597 980 3674; x_wconf 83' lang='lat' dir='ltr'>eorijuurta</span> <span class='ocrx_word' id='word_1_250' title='bbox 993 3603 1024 3656; x_wconf 89' lang='lat' dir='ltr'>et</span> <span class='ocrx_word' id='word_1_251' title='bbox 1033 3596 1184 3672; x_wconf 71' lang='lat' dir='ltr'>belligare,</span> <span class='ocrx_word' id='word_1_252' title='bbox 1200 3605 1235 3658; x_wconf 92' lang='lat' dir='ltr'>ut</span> <span class='ocrx_word' id='word_1_253' title='bbox 1250 3597 1288 3659; x_wconf 84' lang='lat' dir='ltr'>ab</span> <span class='ocrx_word' id='word_1_254' title='bbox 1301 3597 1353 3660; x_wconf 91' lang='lat' dir='ltr'>bis</span> <span class='ocrx_word' id='word_1_255' title='bbox 1363 3600 1523 3660; x_wconf 83' lang='lat' dir='ltr'>omninose·</span> 
     </span>
     <span class='ocr_line' id='line_1_31' title="bbox 461 3695 1520 3778; baseline -0.001 -25"><span class='ocrx_word' id='word_1_256' title='bbox 461 3695 559 3775; x_wconf 77' lang='lat' dir='ltr'>parari</span> <span class='ocrx_word' id='word_1_257' title='bbox 573 3696 638 3756; x_wconf 89' lang='lat' dir='ltr'>sine</span> <span class='ocrx_word' id='word_1_258' title='bbox 648 3697 731 3772; x_wconf 78' lang='lat' dir='ltr'>graii</span> <span class='ocrx_word' id='word_1_259' title='bbox 745 3714 779 3758; x_wconf 84' lang='lat' dir='ltr'>ae</span> <span class='ocrx_word' id='word_1_260' title='bbox 788 3703 896 3756; x_wconf 90' lang='lat' dir='ltr'>mutuo</span> <span class='ocrx_word' id='word_1_261' title='bbox 907 3695 1086 3756; x_wconf 87' lang='lat' dir='ltr'>detrimento</span> <span class='ocrx_word' id='word_1_262' title='bbox 1097 3709 1250 3774; x_wconf 84' lang='lat' dir='ltr'>nequeant</span> <span class='ocrx_word' id='word_1_263' title='bbox 1255 3742 1264 3778; x_wconf 85' lang='lat'>,</span> <span class='ocrx_word' id='word_1_264' title='bbox 1278 3700 1403 3767; x_wconf 86' lang='lat' dir='ltr'>evidens</span> <span class='ocrx_word' id='word_1_265' title='bbox 1414 3705 1456 3761; x_wconf 86' lang='lat' dir='ltr'>est</span> <span class='ocrx_word' id='word_1_266' title='bbox 1466 3707 1520 3754; x_wconf 85' lang='lat' dir='ltr'>enu</span> 
     </span>
    </p>
   </div>
   <div class='ocr_carea' id='block_1_7' title="bbox 453 3796 1519 4783">
    <p class='ocr_par' dir='ltr' id='par_1_8' title="bbox 453 3796 1519 4783">
     <span class='ocr_line' id='line_1_32' title="bbox 461 3796 1519 3882; baseline 0 -26"><span class='ocrx_word' id='word_1_267' title='bbox 461 3796 606 3876; x_wconf 82' lang='lat' dir='ltr'>populum</span> <span class='ocrx_word' id='word_1_268' title='bbox 620 3813 690 3858; x_wconf 90' lang='lat' dir='ltr'>enm</span> <span class='ocrx_word' id='word_1_269' title='bbox 699 3797 811 3860; x_wconf 81' lang='lat' dir='ltr'>eaetnris</span> <span class='ocrx_word' id='word_1_270' title='bbox 825 3797 911 3858; x_wconf 87' lang='lat' dir='ltr'>illins</span> <span class='ocrx_word' id='word_1_271' title='bbox 921 3796 1106 3857; x_wconf 76' lang='lat' dir='ltr'>etbnarebien</span> <span class='ocrx_word' id='word_1_272' title='bbox 1122 3799 1268 3860; x_wconf 86' lang='lat' dir='ltr'>membris</span> <span class='ocrx_word' id='word_1_273' title='bbox 1278 3802 1347 3882; x_wconf 78' lang='lat' dir='ltr'>jam</span> <span class='ocrx_word' id='word_1_274' title='bbox 1362 3816 1426 3862; x_wconf 81' lang='lat' dir='ltr'>esse</span> <span class='ocrx_word' id='word_1_275' title='bbox 1437 3809 1519 3859; x_wconf 68' lang='lat' dir='ltr'>niue</span> 
     </span>
     <span class='ocr_line' id='line_1_33' title="bbox 459 3895 1518 3984; baseline 0 -28"><span class='ocrx_word' id='word_1_276' title='bbox 459 3897 614 3968; x_wconf 79' lang='lat' dir='ltr'>sociatum,</span> <span class='ocrx_word' id='word_1_277' title='bbox 631 3895 764 3976; x_wconf 87' lang='lat' dir='ltr'>adeoque</span> <span class='ocrx_word' id='word_1_278' title='bbox 783 3911 868 3976; x_wconf 81' lang='lat' dir='ltr'>aeqne</span> <span class='ocrx_word' id='word_1_279' title='bbox 882 3912 952 3958; x_wconf 87' lang='lat' dir='ltr'>oum</span> <span class='ocrx_word' id='word_1_280' title='bbox 971 3896 1025 3958; x_wconf 88' lang='lat' dir='ltr'>illo</span> <span class='ocrx_word' id='word_1_281' title='bbox 1045 3903 1157 3958; x_wconf 85' lang='lat' dir='ltr'>eleum</span> <span class='ocrx_word' id='word_1_282' title='bbox 1179 3898 1249 3958; x_wconf 88' lang='lat' dir='ltr'>aliis</span> <span class='ocrx_word' id='word_1_283' title='bbox 1266 3901 1386 3984; x_wconf 76' lang='lat' dir='ltr'>populis</span> <span class='ocrx_word' id='word_1_284' title='bbox 1398 3898 1433 3960; x_wconf 86' lang='lat' dir='ltr'>ed</span> <span class='ocrx_word' id='word_1_285' title='bbox 1448 3895 1518 3956; x_wconf 77' lang='lat' dir='ltr'>nien</span> 
     </span>
     <span class='ocr_line' id='line_1_34' title="bbox 457 3995 1518 4081; baseline 0.002 -25"><span class='ocrx_word' id='word_1_286' title='bbox 457 3995 666 4080; x_wconf 56' lang='lat' dir='ltr'>ethnae-obiam</span> <span class='ocrx_word' id='word_1_287' title='bbox 680 3997 898 4078; x_wconf 86' lang='lat' dir='ltr'>pertinentibus</span> <span class='ocrx_word' id='word_1_288' title='bbox 911 3997 1064 4074; x_wconf 73' lang='lat' dir='ltr'>agendum</span> <span class='ocrx_word' id='word_1_289' title='bbox 1077 4013 1153 4058; x_wconf 86' lang='lat' dir='ltr'>esse.</span> <span class='ocrx_word' id='word_1_290' title='bbox 1167 3999 1218 4074; x_wconf 79' lang='lat' dir='ltr'>At,</span> <span class='ocrx_word' id='word_1_291' title='bbox 1238 3999 1265 4059; x_wconf 86' lang='lat' dir='ltr'>si</span> <span class='ocrx_word' id='word_1_292' title='bbox 1286 4001 1356 4077; x_wconf 87' lang='lat' dir='ltr'>ejus</span> <span class='ocrx_word' id='word_1_293' title='bbox 1375 3995 1472 4081; x_wconf 82' lang='lat' dir='ltr'>populi</span> <span class='ocrx_word' id='word_1_294' title='bbox 1483 4009 1518 4050; x_wconf 75' lang='lat' dir='ltr'>ro·</span> 
     </span>
     <span class='ocr_line' id='line_1_35' title="bbox 457 4092 1518 4183; baseline -0.003 -23"><span class='ocrx_word' id='word_1_295' title='bbox 457 4099 556 4160; x_wconf 88' lang='lat' dir='ltr'>adbne</span> <span class='ocrx_word' id='word_1_296' title='bbox 573 4099 716 4176; x_wconf 80' lang='lat' dir='ltr'>sejunetae</span> <span class='ocrx_word' id='word_1_297' title='bbox 735 4105 826 4178; x_wconf 81' lang='lat' dir='ltr'>etque</span> <span class='ocrx_word' id='word_1_298' title='bbox 846 4096 1084 4178; x_wconf 76' lang='lat' dir='ltr'>independenter</span> <span class='ocrx_word' id='word_1_299' title='bbox 1105 4099 1177 4177; x_wconf 78' lang='lat' dir='ltr'>sint,</span> <span class='ocrx_word' id='word_1_300' title='bbox 1191 4105 1263 4159; x_wconf 89' lang='lat' dir='ltr'>tune</span> <span class='ocrx_word' id='word_1_301' title='bbox 1275 4101 1405 4183; x_wconf 78' lang='lat' dir='ltr'>populus</span> <span class='ocrx_word' id='word_1_302' title='bbox 1423 4099 1477 4176; x_wconf 81' lang='lat' dir='ltr'>ipse</span> <span class='ocrx_word' id='word_1_303' title='bbox 1489 4092 1518 4150; x_wconf 79' lang='lat' dir='ltr'>til</span> 
     </span>
     <span class='ocr_line' id='line_1_36' title="bbox 458 4195 1516 4280; baseline -0.004 -20"><span class='ocrx_word' id='word_1_304' title='bbox 458 4199 511 4260; x_wconf 89' lang='lat' dir='ltr'>itin</span> <span class='ocrx_word' id='word_1_305' title='bbox 525 4195 701 4260; x_wconf 84' lang='lat' dir='ltr'>ethnarehie</span> <span class='ocrx_word' id='word_1_306' title='bbox 723 4213 845 4278; x_wconf 85' lang='lat' dir='ltr'>prorsus</span> <span class='ocrx_word' id='word_1_307' title='bbox 867 4204 913 4258; x_wconf 88' lang='lat' dir='ltr'>est</span> <span class='ocrx_word' id='word_1_308' title='bbox 932 4195 1139 4276; x_wconf 84' lang='lat' dir='ltr'>independens</span> <span class='ocrx_word' id='word_1_309' title='bbox 1145 4212 1157 4274; x_wconf 67' lang='grc' dir='ltr'><strong><em>ς</em></strong></span> <span class='ocrx_word' id='word_1_310' title='bbox 1172 4205 1263 4280; x_wconf 78' lang='lat' dir='ltr'>etque</span> <span class='ocrx_word' id='word_1_311' title='bbox 1287 4199 1401 4262; x_wconf 88' lang='lat' dir='ltr'>ideireo</span> <span class='ocrx_word' id='word_1_312' title='bbox 1417 4195 1516 4257; x_wconf 78' lang='lat' dir='ltr'>edne·</span> 
     </span>
     <span class='ocr_line' id='line_1_37' title="bbox 457 4295 1515 4376; baseline -0.004 -18"><span class='ocrx_word' id='word_1_313' title='bbox 457 4298 526 4358; x_wconf 84' lang='lat' dir='ltr'>chia</span> <span class='ocrx_word' id='word_1_314' title='bbox 549 4313 620 4358; x_wconf 88' lang='lat' dir='ltr'>euru</span> <span class='ocrx_word' id='word_1_315' title='bbox 640 4312 675 4358; x_wconf 90' lang='lat' dir='ltr'>eo</span> <span class='ocrx_word' id='word_1_316' title='bbox 695 4297 807 4374; x_wconf 82' lang='lat' dir='ltr'>populo</span> <span class='ocrx_word' id='word_1_317' title='bbox 832 4313 922 4376; x_wconf 79' lang='lat' dir='ltr'>agere</span> <span class='ocrx_word' id='word_1_318' title='bbox 945 4295 1045 4370; x_wconf 86' lang='lat' dir='ltr'>debet,</span> <span class='ocrx_word' id='word_1_319' title='bbox 1064 4298 1143 4357; x_wconf 88' lang='lat' dir='ltr'>sient</span> <span class='ocrx_word' id='word_1_320' title='bbox 1155 4299 1233 4360; x_wconf 91' lang='lat' dir='ltr'>inter</span> <span class='ocrx_word' id='word_1_321' title='bbox 1254 4300 1392 4366; x_wconf 82' lang='lat' dir='ltr'>uaboues</span> <span class='ocrx_word' id='word_1_322' title='bbox 1408 4298 1476 4358; x_wconf 85' lang='lat' dir='ltr'>iuter</span> <span class='ocrx_word' id='word_1_323' title='bbox 1492 4303 1515 4349; x_wconf 78' lang='lat' dir='ltr'>st</span> 
     </span>
     <span class='ocr_line' id='line_1_38' title="bbox 458 4395 1514 4480; baseline -0.003 -23"><span class='ocrx_word' id='word_1_324' title='bbox 458 4413 604 4476; x_wconf 84' lang='lat' dir='ltr'>roerproee</span> <span class='ocrx_word' id='word_1_325' title='bbox 623 4395 862 4478; x_wconf 77' lang='lat' dir='ltr'>independenter</span> <span class='ocrx_word' id='word_1_326' title='bbox 887 4395 1041 4474; x_wconf 75' lang='lat' dir='ltr'>agendum</span> <span class='ocrx_word' id='word_1_327' title='bbox 1057 4413 1122 4458; x_wconf 89' lang='lat' dir='ltr'>esse</span> <span class='ocrx_word' id='word_1_328' title='bbox 1138 4399 1204 4476; x_wconf 82' lang='lat' dir='ltr'>J&#39;am</span> <span class='ocrx_word' id='word_1_329' title='bbox 1219 4402 1359 4480; x_wconf 83' lang='lat' dir='ltr'>superins</span> <span class='ocrx_word' id='word_1_330' title='bbox 1370 4397 1514 4460; x_wconf 81' lang='lat' dir='ltr'>domimus</span> 
     </span>
     <span class='ocr_line' id='line_1_39' title="bbox 458 4494 1513 4576; baseline -0.003 -18"><span class='ocrx_word' id='word_1_331' title='bbox 458 4500 541 4558; x_wconf 84' lang='lat' dir='ltr'>Tune</span> <span class='ocrx_word' id='word_1_332' title='bbox 554 4497 635 4560; x_wconf 89' lang='lat' dir='ltr'>enim</span> <span class='ocrx_word' id='word_1_333' title='bbox 650 4495 837 4576; x_wconf 82' lang='lat' dir='ltr'>edinarnbia,</span> <span class='ocrx_word' id='word_1_334' title='bbox 850 4509 988 4576; x_wconf 72' lang='lat' dir='ltr'>respectu</span> <span class='ocrx_word' id='word_1_335' title='bbox 1004 4497 1136 4561; x_wconf 86' lang='lat' dir='ltr'>nationis</span> <span class='ocrx_word' id='word_1_336' title='bbox 1149 4500 1240 4569; x_wconf 85' lang='lat' dir='ltr'>unius</span> <span class='ocrx_word' id='word_1_337' title='bbox 1254 4507 1373 4576; x_wconf 75' lang='lat' dir='ltr'>extero,</span> <span class='ocrx_word' id='word_1_338' title='bbox 1387 4499 1418 4560; x_wconf 88' lang='lat' dir='ltr'>in</span> <span class='ocrx_word' id='word_1_339' title='bbox 1427 4494 1513 4558; x_wconf 80' lang='lat' dir='ltr'>indm</span> 
     </span>
     <span class='ocr_line' id='line_1_40' title="bbox 456 4595 1510 4683; baseline -0.001 -26"><span class='ocrx_word' id='word_1_340' title='bbox 456 4595 685 4658; x_wconf 75' lang='lat' dir='ltr'>circumstantiis</span> <span class='ocrx_word' id='word_1_341' title='bbox 697 4604 828 4660; x_wconf 85' lang='lat' dir='ltr'>versatur</span> <span class='ocrx_word' id='word_1_342' title='bbox 842 4612 877 4658; x_wconf 82' lang='lat' dir='ltr'>ae</span> <span class='ocrx_word' id='word_1_343' title='bbox 887 4598 967 4660; x_wconf 88' lang='lat' dir='ltr'>natio</span> <span class='ocrx_word' id='word_1_344' title='bbox 979 4597 1122 4681; x_wconf 75' lang='lat' dir='ltr'>quelibet</span> <span class='ocrx_word' id='word_1_345' title='bbox 1132 4607 1336 4683; x_wconf 81' lang='lat' dir='ltr'>unerespeetn</span> <span class='ocrx_word' id='word_1_346' title='bbox 1349 4596 1510 4662; x_wconf 75' lang='lat' dir='ltr'>lentiliacu-</span> 
     </span>
     <span class='ocr_line' id='line_1_41' title="bbox 453 4696 1507 4783; baseline 0.001 -27"><span class='ocrx_word' id='word_1_347' title='bbox 453 4696 856 4777; x_wconf 72' lang='lat' dir='ltr'>Jnspiemiudependentisil</span> <span class='ocrx_word' id='word_1_348' title='bbox 866 4699 1053 4779; x_wconf 53' lang='lat' dir='ltr'>libonio).</span> <span class='ocrx_word' id='word_1_349' title='bbox 1064 4702 1164 4772; x_wconf 80' lang='lat' dir='ltr'>Quare</span> <span class='ocrx_word' id='word_1_350' title='bbox 1174 4716 1243 4762; x_wconf 81' lang='lat' dir='ltr'>enni</span> <span class='ocrx_word' id='word_1_351' title='bbox 1253 4701 1507 4783; x_wconf 76' lang='lat' dir='ltr'>illeunqnanenu</span> 
     </span>
    </p>
   </div>
   <div class='ocr_carea' id='block_1_8' title="bbox 0 0 1784 5675">
    <p class='ocr_par' dir='ltr' id='par_1_9' title="bbox 0 0 1784 5675">
     <span class='ocr_line' id='line_1_42' title="bbox 0 0 1784 5675; baseline 0 0"><span class='ocrx_word' id='word_1_352' title='bbox 0 0 1784 5675; x_wconf 95' lang='lat' dir='ltr'> </span> 
     </span>
    </p>
   </div>
  </div>
 </body>
</html>
