3559 5675
468 753 528 820 dli
878 767 958 818 roera
978 767 1139 820 aurasius

467 877 609 960 sullicitis
623 876 729 957 (1297,
746 877 808 956 it),
827 879 1020 940 manifestum
1035 879 1126 940 estin
1140 878 1193 940 illo
1208 878 1271 940 solo
1285 878 1378 939 inesse
1389 873 1509 957 potestatis

468 979 669 1042 deliberativa
681 980 887 1042 ecclesiastica
902 979 1134 1058 plenitudinem.

510 1083 547 1142 ΙΙ.
569 1084 617 1156 Αι,
637 1081 783 1158 quoniam
806 1082 966 1142 auctoritas
991 1079 1192 1142 ecclesiastica
1203 1083 1272 1160 jure
1295 1079 1392 1140 divino
1413 1078 1440 1138 in
1458 1077 1511 1154 Epi·

469 1197 573 1261 scopos
593 1187 784 1260 propagatur,
808 1181 899 1241 etiam
922 1185 1050 1259 potestas
1070 1179 1265 1242 deliberativa
1285 1179 1369 1240 debet
1393 1176 1445 1237 illis
1461 1179 1512 1252 jure

469 1279 571 1341 divino
584 1285 762 1358 competere,
774 1295 844 1340 cum
856 1277 1010 1340 essentiali
1025 1284 1125 1339 umen
1138 1275 1225 1339 illius
1237 1277 1275 1339 ad
1291 1293 1454 1356 supremum
1463 1277 1514 1336 Pro

469 1379 579 1442 tarchae
588 1378 738 1457 iudicium
760 1378 955 1456 subiectione.
973 1377 1050 1439 Sunt
1064 1379 1157 1454 igitur
1171 1379 1307 1459 Episcopi
1321 1393 1420 1438 omnes
1432 1383 1457 1438 et
1467 1377 1515 1434 sin-

468 1481 534 1558 guli
550 1484 620 1559 jure
633 1479 736 1540 divino
757 1481 790 1540 in
808 1479 942 1540 Ecclesia
960 1483 1060 1558 patres
1078 1485 1107 1538 et
1125 1477 1260 1540 doctores
1280 1459 1514 1539 tidei'christiaue.

469 1582 568 1655 Quare
591 1580 793 1640 certissimum
811 1579 859 1640 illi
881 1596 919 1642 er
943 1579 1047 1640 divina
1070 1579 1259 1640 ordinatione
1280 1581 1333 1656 jus
1354 1577 1453 1638 habeut
1469 1589 1515 1635 uu

467 1679 674 1744 examinanda
696 1680 730 1740 in
750 1680 815 1741 suis
837 1678 969 1740 subditis
988 1678 1160 1741 christiane
1179 1679 1332 1754 doctrine,
1354 1677 1517 1757 ejusdemque

470 1781 633 1854 tradendam
651 1786 717 1842 tum
728 1778 886 1859 judicandi
899 1797 969 1841 cum
984 1785 1130 1860 potestate
1150 1781 1183 1841 in
1197 1795 1381 1858 quacunque
1393 1776 1453 1838 lidei
1465 1791 1517 1836 con·

469 1883 626 1959 uoremia5
649 1887 716 1942 tum
730 1881 822 1941 etiam
840 1897 919 1942 verae
937 1879 1079 1942 doctrinae
1100 1881 1227 1942 Summo
1246 1879 1383 1941 Pontifici
1403 1876 1518 1939 eruditio

469 1980 681 2062 proponenda,
696 1981 842 2059 illiusque
853 1981 1153 2057 commonelaeiendi,
1168 1981 1194 2042 si
1212 1979 1286 2058 quid
1300 1979 1431 2041 viduetur
1442 1979 1518 2039 minus

468 2089 547 2144 recto
569 2087 711 2142 statuere.
727 2084 865 2142 Attamen
889 2088 919 2142 et
940 2082 1149 2158 magisterium
1170 2079 1245 2142 illud
1270 2080 1473 2160 Episcopomm
1488 2085 1518 2136 est

469 2198 587 2260 semper
597 2183 668 2260 jure
688 2180 792 2242 divino
807 2180 972 2242 obnoxium
987 2180 1159 2242 correctioni
1179 2197 1197 2240 a
1210 2181 1348 2242 Romano
1362 2174 1518 2247 Pontifices

470 2297 546 2360 opus
558 2283 608 2354 sit,
619 2279 775 2358 iacienda3
788 2286 819 2342 et
829 2297 936 2342 eorum
945 2279 1098 2357 judicium
1111 2280 1147 2341 de
1162 2279 1229 2340 tidei
1242 2277 1453 2359 questionibus
1464 2291 1519 2336 nun·

470 2397 564 2459 quam
575 2389 621 2442 est
633 2398 685 2460 per
699 2398 731 2441 se
744 2380 888 2440 ultimum
904 2387 933 2441 et
947 2379 1104 2442 inlellibile
1111 2403 1120 2456 ;
1138 2386 1167 2440 et
1182 2373 1213 2440 iu
1226 2379 1370 2441 Poetilice
1383 2391 1519 2440 commone

470 2479 617 2558 iaciendo,
636 2488 796 2560 postquam
816 2497 850 2541 ea
873 2496 942 2557 que
959 2479 996 2540 ad
1022 2497 1086 2541 rem
1110 2480 1204 2540 lacere
1226 2479 1417 2551 videbantur,
1436 2477 1473 2538 illi
1486 2491 1520 2534 n-

470 2586 607 2641 uerenter
630 2580 851 2661 proposuerint,
876 2581 944 2657 ejus
962 2579 1093 2658 danique
1112 2578 1227 2656 judicio
1249 2597 1315 2641 rern
1336 2585 1424 2642 totam
1440 2577 1520 2638 delen

471 2679 654 2759 permittere.

512 2783 579 2857 Qua
599 2782 716 2843 ratione
729 2790 831 2843 autern
847 2781 887 2843 sit
907 2779 945 2843 ab
963 2780 1117 2861 Episcopis
1138 2781 1346 2859 magisterium
1367 2777 1438 2841 illud
1457 2791 1520 2837 esu·

471 2882 612 2955 cendum,
622 2899 684 2961 quo
695 2888 781 2963 paeto
795 2884 884 2943 etiam
897 2900 939 2943 eae
954 2882 1133 2943 monitiones
1146 2882 1325 2943 inferiorum
1340 2880 1486 2961 presulum
1496 2874 1519 2935 ad

473 2982 646 3045 Pontificem
667 2982 835 3044 deferende
853 2982 925 3057 sint,
945 2982 1032 3043 certis
1052 2990 1096 3043 est
1119 2982 1277 3043 delinitum
1297 2982 1427 3060 legibus,
1445 2992 1520 3055 quea

472 3082 633 3143 carrouiatis
655 3083 854 3161 explicantur.

515 3182 604 3244 1329.
624 3186 692 3245 l‘os.
707 3186 791 3245 657¹.
808 3216 847 3229 -
861 3183 950 3244 Solus
965 3184 1118 3245 Eumaeus
1130 3185 1264 3246 l‘outiler
1277 3183 1367 3245 habet
1380 3186 1520 3263 potestaten

474 3284 672 3361 legislativum
688 3286 720 3343 in
736 3284 899 3345 Ecclesiam
917 3285 1107 3362 universam,
1122 3285 1234 3361 singuli
1250 3302 1321 3346 vero
1334 3282 1459 3365 Episcopi
1471 3282 1522 3339 sunl

474 3382 570 3459 hujus
586 3384 737 3461 potestatis
751 3383 926 3460 legislative
949 3382 1106 3462 participes
1120 3400 1173 3463 pro
1194 3401 1250 3444 sua
1270 3384 1400 3463 quisque
1418 3376 1521 3449 diecesi,

475 3485 518 3542 ita
541 3486 641 3543 tamen
662 3490 695 3542 ut
715 3483 780 3545 haec
794 3501 900 3544 eorum
920 3484 1044 3545 incultas
1057 3486 1172 3563 optineo
1185 3488 1255 3564 jure
1274 3486 1370 3563 possit
1387 3500 1403 3545 a
1419 3484 1522 3543 Romano

477 3580 629 3658 pontifice,
642 3589 730 3659 prout
743 3584 836 3644 satius
851 3583 904 3645 ille
917 3585 1047 3656 diruerit,
1061 3582 1197 3645 limitari.

518 3682 641 3743 Errmc.
664 3687 692 3742 1·
705 3698 791 3745 reus.
804 3716 846 3729 -
868 3684 1045 3762 legislatira
1060 3690 1188 3763 potestas
1205 3692 1249 3746 est
1268 3686 1405 3746 omnium
1422 3678 1521 3741 manne

475 3782 661 3843 auctoritatis
675 3782 791 3845 socialis
806 3788 927 3865 propria
932 3799 943 3864 3
960 3802 994 3847 ae
1005 3784 1128 3865 proinde
1140 3785 1243 3847 eodem
1259 3786 1349 3847 modu
1358 3780 1519 3861 legislativum

478 3888 654 3961 potestatem
673 3884 826 3963 possident
841 3888 995 3947 Romanus
1006 3884 1140 3947 Pontileu
1154 3892 1183 3946 et
1197 3884 1309 3963 singuli
1331 3881 1466 3965 Episcopi,
1479 3888 1520 3953 qut

476 3987 579 4043 tenera
599 3986 670 4062 jure
692 3984 795 4047 divino
813 3986 1042 4048 ecelesiasticam
1066 3988 1280 4047 auctoritatem.
1310 3986 1408 4064 Atqu,
1432 3988 1461 4041 ut
1475 3981 1519 4055 jan

477 4081 610 4143 vidimus
623 4082 726 4160 (isos,
748 4086 837 4157 1297,
862 4082 962 4165 1304),
973 4088 1004 4147 in
1020 4090 1155 4149 Romano
1176 4083 1318 4148 Poetiiice
1333 4087 1408 4147 inest
1419 4078 1520 4162 plenael

477 4183 618 4245 absoluta
635 4186 794 4246 auctoritas
814 4186 846 4246 iu
866 4188 1031 4249 Ecclesiam
1054 4190 1225 4249 universam
1235 4204 1245 4264 3
1261 4188 1294 4247 in
1314 4182 1455 4265 Episcopis
1470 4188 1518 4239 reto

477 4283 556 4343 inest
572 4281 608 4343 ad
627 4286 776 4365 propriam
794 4290 943 4366 cujusque
962 4289 1115 4349 dioecesim
1135 4287 1342 4365 determinata,
1360 4292 1388 4347 et
1405 4286 1518 4360 suprtfflt

477 4377 629 4443 Pontificis
642 4388 809 4447 auctoritati
823 4388 954 4449 subdita.
971 4390 1049 4465 Ergo
1059 4390 1151 4451 etiam
1164 4394 1292 4468 potestas
1304 4383 1467 4464 legislatira,
1477 4380 1515 4436 etc·
1537 4424 1539 4426 .

519 4482 638 4545 Exeuc.
666 4488 697 4545 2·
716 4502 802 4548 ries.
826 4521 863 4532 -
888 4488 1031 4549 Absolute
1054 4487 1216 4566 loquendo,
1238 4503 1355 4567 semper
1375 4484 1458 4563 potest
1473 4486 1516 4533 no·

478 4582 590 4642 narcha
604 4590 763 4661 potcstatm
777 4604 883 4647 omues
896 4590 1126 4664 magistratuum
1140 4588 1195 4649 sibi
1208 4586 1393 4647 scrbditorum
1403 4572 1516 4642 limitibus
1528 4650 1530 4658 y

477 4682 573 4759 magis
587 4684 634 4743 vel
649 4686 752 4746 minus
767 4688 869 4763 aretis,
881 4695 1034 4767 uteunque
1049 4689 1105 4749 sibi
1124 4689 1284 4766 ridebitur,
1299 4676 1513 4749 circumsedere·

473 4780 534 4841 lloc
548 4789 650 4843 autem
665 4800 819 4847 summunt
840 4790 892 4862 ,ius
906 4806 924 4849 a
939 4788 1102 4851 monarcha
1116 4806 1151 4851 eo
1170 4790 1266 4866 nangis
1286 4794 1330 4849 est
1342 4774 1512 4847 exercendum·
