3559 5675
528 760 637 811 suurn
661 782 699 794 -
721 762 807 809 crete
828 762 1017 810 cousensus.
1248 742 1303 809 etl
1418 750 1419 753 ’

250 866 511 931 mememorato:
534 881 562 929 nl
577 888 732 947 nurtqostn
749 879 846 929 trncn
861 888 985 949 posenni
998 872 1077 929 certo
1086 880 1172 927 nosse
1183 882 1221 927 an
1234 870 1309 927 Seri·

247 976 339 1049 pluras
358 971 500 1031 melitanis
515 971 633 1031 audiani
655 972 806 1031 (Ilnistnm
825 970 977 1029 docentem
988 985 998 1047 ;
1017 968 1087 1045 quin
1105 983 1223 1045 semper
1242 984 1304 1047 pos·

247 1072 416 1133 snmauilire
426 1071 588 1150 diabolum,
600 1072 774 1132 existimans
788 1070 866 1129 hona
880 1069 962 1131 ddea
974 1085 1021 1127 me
1031 1064 1186 1129 Christum
1195 1062 1305 1140 audiri.

279 1174 325 1233 xl.
334 1173 490 1251 Scriptura
498 1177 570 1233 sunt
580 1189 659 1253 saepe
667 1171 810 1241 obscurae,
823 1186 857 1231 ac
865 1186 974 1246 magna
985 1168 1138 1229 continent
1149 1166 1306 1245 mysteria:

245 1278 307 1335 suut
321 1279 416 1335 umen
434 1272 493 1333 illae
518 1272 701 1349 clarissimae,
725 1270 863 1347 nihilque
889 1266 1075 1355 reconditum
1094 1272 1123 1326 et
1136 1266 1307 1327 abstrusum

244 1373 406 1451 motinent3
422 1389 491 1438 nam
506 1372 634 1451 quilibet
649 1372 758 1449 tidelis,
771 1372 835 1432 siue
859 1368 920 1437 ulla
934 1376 1054 1429 externa
1067 1366 1226 1427 bominum
1239 1384 1306 1447 ope,

243 1472 300 1531 sine
310 1471 370 1532 ullo
385 1472 513 1551 Spiritus
523 1462 630 1533 Sancti
637 1468 740 1534 afflatu
750 1470 880 1545 interno,
891 1474 987 1547 potest
997 1483 1031 1528 ae
1045 1466 1132 1527 debet
1145 1465 1211 1527 illas
1220 1466 1308 1547 plane

243 1570 408 1649 inlelligere.

275 1672 333 1733 llll.
343 1674 430 1735 Sacra
442 1670 540 1733 Biblia
552 1670 785 1751 privatojudioio
797 1668 1023 1748 interpretantes
1037 1668 1069 1729 in
1078 1666 1307 1728 absurdissimus
1409 1698 1419 1709 ··

241 1787 364 1850 quosque
374 1775 490 1834 errores
503 1779 532 1833 et
541 1772 614 1833 vitia
624 1772 772 1834 teterrima
786 1770 967 1833 incidimus:
983 1771 1015 1830 in
1029 1769 1259 1847 formalismuin‚
1275 1769 1307 1829 in

243 1873 504 1947 mysticismnm,in
517 1871 677 1951 Scripturas
695 1879 912 1951 contemptum,
927 1872 959 1933 in
976 1869 1153 1944 socordiam,
1164 1868 1196 1929 in
1214 1868 1308 1930 lutili-

242 1978 317 2053 tater,
327 1974 359 2033 in
369 1973 585 2049 dissensiones,
597 1974 630 2034 in
640 1973 733 2036 animi
743 1972 953 2051 abjectionem,
967 1974 998 2033 in
1011 1970 1264 2049 incredulitatem,
1275 1971 1308 2031 in

241 2071 479 2153 desperationem,
497 2075 527 2134 in
539 2076 789 2135 rernmomninm
803 2074 1024 2147 contusionem,
1042 2074 1073 2134 in
1089 2072 1306 2149 socialismnm,

242 2173 268 2231 in
280 2174 547 2248 communiamum‚
562 2179 591 2233 et
604 2169 662 2232 alia
675 2170 831 2233 horribilia
844 2175 1005 2243 innumera
1013 2194 1023 2248 3
1049 2178 1182 2233 attamen
1196 2172 1245 2233 his
1259 2190 1308 2233 er-

241 2272 393 2335 rorihnsao
419 2269 499 2335 vitiis
517 2272 659 2334 omnibus
681 2272 857 2349 hocnuum,
877 2271 967 2349 idque
988 2262 1115 2345 certum,
1140 2272 1308 2333 remedium

241 2378 288 2448 eet,
302 2378 333 2434 ut
351 2390 439 2435 sacra
453 2371 550 2435 Biblia
566 2372 682 2451 privato
692 2372 807 2450 judicio
825 2372 934 2432 iterum
953 2377 1043 2449 atque
1057 2388 1092 2431 eo
1108 2370 1203 2447 magis
1217 2370 1309 2431 iuter-

240 2480 390 2549 pretemur.
745 2538 750 2547 ,

275 2572 314 2631 En
326 2572 499 2635 hereticam
511 2571 671 2633 stultitiam
683 2587 718 2633 ae
728 2571 905 2633 casitatem!

274 2672 325 2734 Sed
342 2673 408 2735 haee
435 2671 601 2747 haetenus,
624 2672 798 2753 speciminis
822 2672 980 2749 eujusdam
1005 2673 1112 2749 gralia,
1138 2672 1307 2735 christiane

239 2771 375 2848 juventuti
391 2787 457 2833 non
471 2772 597 2833 inutilis.
609 2772 645 2831 Et
660 2772 831 2852 Gasparinaa
843 2771 980 2850 quidem,
991 2764 1111 2833 ¹lemine
1122 2772 1307 2852 clarissimae,

241 2869 365 2932 libellum
384 2858 570 2958 selegimus,
593 2889 629 2932 er
652 2888 714 2951 quo
736 2873 876 2932 nonnihil
899 2873 1062 2934 christiana
1082 2875 1182 2934 critice
1210 2873 1309 2934 disen-

242 2967 363 3034 tieudum
379 2989 623 3052 excerperemus,
634 2973 673 3034 ob
690 2973 875 3052 singularem
886 2972 981 3052 hujus
993 2975 1156 3052 scriptoris,
1171 2973 1309 3052 quamvis

240 3072 430 3152 protestantis,
445 3072 646 3134 urbanitatem
671 3089 705 3132 ao
728 3074 954 3152 temperantiam
974 3074 1085 3152 optime
1098 3089 1168 3134 eum
1192 3077 1310 3152 generis

240 3173 380 3251 animique
414 3172 569 3234 nobilitate
596 3173 796 3254 tnpmclara
820 3174 935 3233 lemine
959 3179 1169 3250 congruentes.
1208 3176 1310 3254 Neque

240 3270 323 3346 enim,
343 3274 421 3334 dum
442 3273 667 3352 protestantieas
689 3274 819 3334 insanias
832 3273 866 3334 in
890 3277 959 3352 ejus
974 3271 1075 3335 libello
1088 3275 1251 3354 carpimus,
1274 3277 1311 3336 de

241 3371 334 3430 multis
353 3389 387 3434 ac
418 3373 536 3452 magnis
548 3373 686 3449 ejusdem
703 3373 824 3435 feminae
837 3373 979 3435 laudibus
1000 3373 1165 3452 quidquam
1178 3375 1312 3462 detrahi·

240 3482 310 3530 nus.
330 3474 476 3532 blicamur
487 3488 558 3534 saue
571 3474 639 3550 styli
651 3475 763 3552 pariter
775 3475 935 3556 puritatem
949 3481 979 3538 et
994 3477 1068 3554 vim,
1086 3476 1268 3553 elegantiam
1281 3483 1312 3538 st

240 3573 337 3648 robur,
358 3590 395 3634 er
419 3575 518 3650 iisque
537 3575 654 3636 virilem
667 3575 762 3635 animi
781 3576 988 3640 tortitudinem
1002 3584 1032 3639 et
1052 3579 1251 3640 constantiam
1278 3577 1310 3642 in

239 3680 346 3732 aucune
361 3689 462 3748 vigere
472 3675 681 3750 intelligimus.
697 3677 876 3736 osculamur
886 3677 942 3736 illa
954 3693 1022 3754 quae
1031 3676 1069 3738 de
1083 3678 1311 3755 protestantium

239 3772 309 3829 vinis
330 3788 483 3833 nerrssrme
497 3790 533 3834 ao
550 3774 753 3854 pulcherrime
769 3776 899 3837 disserit.
915 3777 1058 3837 arrident
1070 3793 1164 3854 qnam
1180 3779 1311 3838 marimo

238 3881 299 3940 qua
319 3875 465 3932 adversus
490 3891 611 3951 pravam
641 3883 672 3934 et
702 3882 874 3936 enervatam
902 3893 1067 3956 puerorum
1091 3877 1310 3939 institutionem

239 3971 374 4032 noralem
393 3975 512 4052 egregie
533 3976 677 4056 disputat.
694 3978 798 4056 ltaque
815 3978 1081 4055 persuasissimum
1096 3979 1127 4037 id
1141 3978 1243 4038 animo
1258 3978 1312 4036 ha·

239 4072 349 4146 bemns,
360 4076 386 4132 si
408 4083 449 4133 tot
459 4082 614 4153 unusque
630 4079 754 4138 virtutes
763 4078 875 4156 quibus
889 4095 907 4140 a
921 4085 1028 4140 natura
1045 4079 1103 4138 luit
1119 4077 1259 4158 praeclara
1276 4095 1312 4140 ea

238 4171 344 4238 lamina
359 4177 530 4255 largissime
547 4178 736 4259 locupletata,
753 4195 813 4241 non
826 4180 967 4242 betorica
987 4181 1118 4260 pravitas
1138 4195 1311 4258 corrumpe·

239 4279 289 4348 ret,
300 4281 350 4336 sed
367 4280 475 4338 veritas
488 4277 633 4340 catholiea
650 4282 811 4342 sustineret
825 4297 860 4344 ae
872 4279 1057 4356 fecundaret,
1071 4281 1159 4342 lacile
1173 4281 1258 4342 illam
1267 4281 1311 4350 ‚ad

238 4387 388 4439 summurn
401 4381 556 4457 dignitatis
569 4390 599 4443 et
611 4385 715 4460 glorias
736 4385 875 4446 vmdcem
887 4383 982 4446 luisse
996 4400 1240 4461 conscensuram,
1251 4401 1312 4466 quo

237 4481 475 4550 prestantissima
488 4482 602 4558 quatis
622 4492 757 4546 matrona
766 4485 927 4546 christiana
943 4501 1081 4564 unquam
1091 4487 1268 4566 pervenerit.

276 4580 360 4639 tels.
386 4583 453 4644 l’os.
476 4583 548 4642 ote·
561 4613 601 4626 -
620 4585 884 4646 Protestantiemus
906 4601 1028 4652 omnem
1052 4587 1311 4648 christianismum
1363 4649 1367 4656 ,

237 4687 337 4773 suopte
349 4689 455 4742 natura
468 4684 626 4748 labetactal
638 4700 672 4746 as
687 4685 827 4748 {unditus
838 4689 931 4748 everti
937 4697 956 4748 t.
1042 4758 1059 4766 ,Α

273 4781 366 4844 Paos.
379 4814 418 4831 -·
434 4785 465 4846 t·
480 4788 758 4850 Protestantisruurn
772 4796 879 4868 suapte
890 4797 1001 4852 natura
1011 4789 1049 4852 ad
1069 4791 1312 4852 rationationem
