3559 5675
452 727 491 787 80
859 738 939 785 tultis
959 738 1117 785 sarnatus

452 844 601 925 impulsus
613 846 706 906 menti
726 845 887 923 animoque
909 843 1072 923 educandis
1089 844 1211 924 prabet.
1227 844 1264 905 tt
1281 844 1368 925 pueri
1382 844 1529 907 educandi

451 964 627 1025 progressus
639 946 677 1007 ab
691 946 817 1007 internis
828 946 1018 1025 potissimum
1031 944 1186 1025 principiis
1198 944 1341 1025 pendent.
1356 946 1431 1019 Quae
1445 946 1530 1025 prin·

425 1050 430 1056 ”
451 1048 528 1126 oipia
556 1048 613 1126 ipsi
646 1045 799 1107 educando
817 1047 945 1119 interna,
970 1047 1024 1107 ubi
1054 1048 1200 1109 actionem
1234 1064 1323 1109 suem
1351 1046 1531 1124 aliquandiu

450 1148 631 1225 exemerint,
654 1146 870 1208 adolescentem
894 1163 950 1208 suo
974 1148 1136 1209 institutori
1160 1164 1277 1226 parem,
1300 1146 1349 1209 vel
1368 1146 1423 1209 illo
1441 1146 1531 1209 otiam

450 1248 636 1328 superiorem
653 1264 730 1326 sape
742 1246 886 1322 efficiunt,
902 1254 955 1308 aut
969 1246 1072 1307 saltem
1097 1244 1298 1315 sufficientem
1318 1246 1478 1307 scientiam
1504 1252 1531 1307 et

449 1350 592 1411 virtutem
608 1340 719 1426 quibus
729 1366 762 1408 se
778 1349 840 1426 ipse
854 1364 956 1425 regere
971 1350 1035 1426 jam
1051 1348 1153 1427 possit,
1172 1346 1269 1409 eidem
1285 1346 1430 1409 tribuunt.
1446 1348 1531 1409 Tunc

449 1448 620 1511 veronulla
633 1449 689 1509 erit
702 1448 842 1525 obligatio
860 1465 897 1508 ex
913 1448 970 1509 boc
989 1449 1083 1527 eapite
1099 1447 1274 1527 parentibus
1291 1446 1465 1523 obediendi,
1479 1446 1528 1509 sed

450 1550 549 1629 potius
562 1548 676 1610 eisdem
688 1549 825 1609 resistere
838 1548 1019 1626 quandoque
1033 1548 1145 1609 licebit

489 1646 525 1709 40
542 1649 651 1725 Filius,
663 1656 813 1728 quatenus
826 1650 946 1727 praecise
964 1649 1071 1710 inesse
1089 1654 1249 1728 paternum
1270 1646 1416 1726 succedit,
1427 1654 1464 1709 ut
1484 1647 1529 1709 di·

447 1751 518 1812 rina
529 1750 656 1811 consilia
667 1755 697 1810 et
710 1748 875 1810 admiretur
886 1754 916 1810 et
927 1754 1118 1829 exsequatur,
1131 1748 1223 1811 nulla
1234 1744 1436 1825 adstringitur
1454 1746 1528 1810 obli·

446 1851 566 1928 gatione
579 1849 736 1911 obediendi
749 1848 936 1930 parentibus.
950 1852 1026 1911 Nam
1039 1868 1110 1925 esse,
1125 1848 1206 1928 quod
1221 1848 1303 1911 lilius
1318 1866 1337 1909 a
1351 1849 1526 1929 parentibus

446 1951 569 2030 aceepit,
594 1955 640 2011 est
666 1966 732 2012 esse
755 1967 931 2031 corporeum
959 1968 1013 2012 seu
1041 1950 1212 2022 materiale,
1237 1950 1318 2029 quod
1348 1950 1524 2012 aeternaliter

445 2050 565 2112 debeta
583 2052 698 2113 ratione
717 2050 806 2128 dirigi
824 2058 855 2113 et
873 2052 1043 2130 gubernari.
1058 2052 1149 2129 Atqui
1170 2070 1204 2112 ra
1214 2051 1255 2112 tio
1274 2049 1311 2112 ad
1332 2041 1453 2113 divinas
1474 2052 1523 2111 in-

446 2152 590 2213 tentiones
607 2150 817 2230 intelligendas
834 2160 864 2213 et
880 2171 933 2232 per
945 2152 1129 2215 voluntatem
1147 2151 1356 2231 exsequendas
1374 2150 1522 2213 destinata

445 2257 498 2311 est.
511 2253 587 2330 Ergo
599 2250 648 2314 his
660 2254 760 2315 solum
773 2254 989 2315 intentionibus
998 2253 1109 2315 divinis
1119 2255 1197 2315 ratio·
1208 2257 1312 2332 suapte
1324 2258 1437 2315 natura
1455 2252 1524 2313 sub·

445 2352 537 2413 ditur.
551 2354 640 2431 Ergo,
660 2355 719 2416 nisi
738 2354 813 2415 alias
831 2354 870 2415 ob
887 2370 1004 2429 causas,
1022 2372 1052 2413 u.
1073 2371 1114 2431 p,
1139 2353 1178 2415 ob
1199 2353 1462 2425 cohabitationem,
1487 2350 1522 2411 ob

444 2452 663 2530 educationem,
677 2455 782 2516 debeat
792 2454 875 2516 tilius
887 2472 906 2515 a
916 2454 1047 2533 paternis
1061 2454 1186 2515 nutibus
1197 2453 1340 2533 pendere,
1351 2460 1433 2515 certe
1447 2467 1523 2531 qua·

444 2558 532 2615 tenus
544 2560 705 2633 paternum
717 2572 782 2617 esse
795 2555 919 2633 accepit,
932 2571 993 2615 non
1009 2560 1126 2615 tenetur
1138 2555 1312 2634 parantibus
1326 2554 1462 2616 obedire.

484 2650 553 2713 834.
577 2656 646 2715 Pos.
665 2651 749 2713 tob.
765 2685 805 2699 -
826 2650 1003 2715 Auctoritati
1021 2658 1150 2733 paterna
1173 2653 1303 2715 subsunt
1326 2658 1394 2715 tum
1418 2666 1522 2714 omnes

445 2750 578 2813 tiliorum
598 2758 683 2815 actus
706 2754 821 2817 externi
842 2752 880 2813 ad
904 2752 1040 2815 ordinem
1065 2753 1210 2815 societatis
1232 2752 1402 2815 domesticae
1419 2752 1453 2813 in
1465 2768 1523 2830 qua

445 2853 562 2929 vivunt,
581 2855 777 2933 pertinentes,
790 2859 857 2914 tum
879 2869 987 2916 eorum
1011 2861 1094 2916 actus
1118 2855 1246 2930 interni,
1270 2858 1422 2933 quantum
1444 2861 1522 2918 recta

444 2952 620 3016 eorumdem
633 2953 770 3016 educatio
784 2951 929 3035 postulat.

483 3055 577 3117 Paos.
604 3057 634 3115 1·
651 3063 738 3117 rias.
753 3088 794 3100 -
813 3053 981 3115 Auctoritas
1001 3057 1125 3132 paterna
1139 3051 1252 3133 duplici
1270 3054 1386 3116 ratione
1409 3059 1524 3118 constat

443 3156 611 3234 essentiali3
633 3163 679 3218 est
697 3157 845 3217 nimirum
868 3153 1037 3217 ordinatrix
1060 3154 1209 3216 societatis
1229 3171 1294 3216 suar
1310 3154 1485 3218 domesticae
1497 3162 1524 3218 et

442 3263 488 3318 est
509 3256 643 3318 liliorum
666 3254 820 3317 educatrix
844 3270 853 3314 ι
876 3257 1016 3334 parentes
1039 3255 1120 3315 enirn
1144 3253 1249 3316 eodem
1270 3259 1342 3333 jure
1365 3263 1396 3318 et
1417 3255 1523 3318 eadem

441 3351 623 3431 obligatione
644 3362 717 3416 sunt
740 3356 773 3414 in
787 3353 925 3415 societate
940 3370 994 3416 sua
1006 3353 1171 3417 domestica
1184 3355 1337 3436 principos
1350 3373 1384 3418 ae
1393 3355 1524 3436 proinde

441 3454 597 3516 domestici
610 3454 725 3516 ordinis
737 3453 875 3516 ertatodes
893 3460 922 3516 et
935 3455 1027 3516 simul
1041 3453 1174 3516 filiorum
1189 3472 1316 3518 suorum
1334 3455 1523 3520 institutores

442 3553 525 3632 (808,
538 3553 620 3630 830).
634 3557 713 3631 Ergo
726 3558 863 3632 parentes
871 3555 925 3631 ius
938 3559 967 3614 et
986 3553 1120 3619 officium
1134 3554 1248 3616 babent
1263 3554 1405 3632 erigendi
1419 3573 1439 3616 a
1451 3557 1523 3616 tiliis

440 3653 588 3733 quidquid
602 3654 640 3715 ad
654 3670 815 3715 commune
826 3654 950 3716 lamiliae
965 3654 1080 3717 bonum
1094 3657 1271 3732 requiritur.
1286 3658 1322 3718 At
1333 3655 1391 3717 hoc
1406 3656 1523 3718 bonum

437 3754 570 3834 postulat
589 3761 625 3816 ut
644 3753 717 3816 ordo
730 3760 760 3816 et
781 3755 920 3816 honestas
937 3755 974 3816 ab
989 3755 1134 3817 omnibus
1146 3757 1236 3818 sociis
1256 3757 1289 3816 in
1307 3757 1456 3820 omnibus
1469 3775 1524 3820 ex-

437 3855 532 3917 ternis
545 3854 660 3916 actibus
673 3860 841 3916 sanentur.
857 3856 936 3931 Ergo
958 3860 1107 3938 parentes,
1123 3859 1157 3916 ut
1177 3856 1326 3917 societatis
1349 3856 1522 3919 domestica

438 3955 599 4034 principes,
621 3960 749 4034 possunt
771 3971 806 4016 ac
823 3951 934 4016 debent
946 3969 1056 4015 omnes
1070 3951 1204 4016 liliorum
1219 3960 1303 4017 actus
1324 3961 1467 4018 externos
1487 3955 1521 4019 ad

437 4053 635 4116 domesticum
647 4053 786 4115 ordinem
798 4053 980 4134 pertinentes
994 4059 1074 4114 recte
1087 4051 1256 4133 disponere,
1270 4055 1383 4118 seilicet
1394 4057 1523 4119 modum

440 4155 473 4216 in
485 4153 670 4234 quotidianis
690 4152 847 4232 operibus,
869 4155 902 4212 in
922 4152 1089 4230 laboribus,
1105 4155 1138 4213 in
1150 4154 1295 4232 impensis
1318 4154 1521 4232 servandum3

439 4261 579 4318 mutuam
601 4249 790 4317 concordiam
813 4259 844 4314 et
869 4253 1097 4314 consuetudinis
1121 4253 1338 4334 urbanitatem
1363 4262 1523 4319 externam

439 4354 677 4417 observationem
691 4370 797 4416 eorum
812 4371 880 4431 quae
895 4354 1041 4416 naturalis
1054 4353 1196 4417 honestas
1210 4360 1241 4417 et
1253 4357 1361 4434 religio
1374 4356 1521 4420 divinitus

438 4454 568 4517 revelata
590 4454 782 4534 praecipiunt3
807 4453 997 4531 diligentiam
1022 4454 1153 4533 denique
1169 4455 1201 4515 in
1223 4456 1366 4518 omnibus
1389 4457 1521 4520 vitandis

437 4570 505 4632 quaa
517 4554 565 4614 vel
578 4555 694 4633 corpori
707 4552 755 4616 rel
769 4553 876 4614 honori
890 4552 938 4614 ael
954 4553 1116 4615 moralitati
1132 4571 1241 4616 eorum
1257 4562 1414 4633 amarent,
1429 4565 1521 4636 atque

437 4653 587 4731 ejusmodi
601 4652 673 4714 alia.

477 4756 570 4814 Pron.
591 4757 623 4814 2·
639 4769 723 4816 rans.
737 4753 932 4816 -Educatio
956 4759 1001 4818 est
1020 4758 1090 4833 apta
1112 4753 1283 4819 intellectus
1302 4761 1331 4815 et
1350 4755 1516 4817 voluntatis
