3559 5675
571 712 678 761 Sillim.
703 731 732 742 -·
759 712 844 758 stetit
864 713 1015 761 surtinus·

644 934 848 997 ARTICULUS
869 936 932 997 vll.

281 1108 331 1172 De
344 1109 481 1174 aoeietate
493 1118 633 1191 marre,
648 1110 739 1194 deque
750 1107 1039 1177 itlirra'rreturclidur
1052 1112 1286 1181 limitationidar.

278 1304 355 1367 830.
378 1306 451 1365 Poe.
467 1302 553 1365 401&
564 1334 607 1350 -
619 1302 748 1367 Societas
759 1310 883 1384 paterna
897 1311 942 1367 est
955 1306 1079 1367 societas
1097 1307 1263 1386 inequalis.

278 1399 471 1461 Mannum.
484 1432 525 1445 -
535 1402 560 1460 Α
571 1398 708 1460 societate
721 1400 876 1479 conjugali
889 1402 1042 1461 enascitur
1054 1416 1107 1480 per
1118 1402 1255 1464 naturale
1267 1402 1326 1465 tac-

240 1508 308 1561 tnm
321 1502 454 1562 societas
466 1502 602 1579 paterna,
611 1516 678 1578 qum
690 1505 737 1563 est
746 1499 880 1561 tiliorum
896 1516 966 1563 cum
981 1500 1154 1580 parentibus
1167 1501 1326 1567 domcsdca

241 1600 416 1664 mociano.
662 1618 666 1625 ·

276 1702 375 1763 Paos.
392 1714 460 1764 roe.
477 1732 516 1745 -
532 1697 724 1779 Quadruplex
742 1706 787 1762 est
805 1700 940 1763 tiliorum
970 1716 1042 1764 oum
1060 1702 1238 1782 parentibus
1257 1705 1332 1768 ratio

239 1800 469 1888 conjunctionis
491 1819 499 1861 ι
520 1800 618 1881 prima
634 1806 679 1862 est
699 1802 872 1879 generatim
893 1801 998 1879 altera,
1016 1800 1215 1883 cohabitati03
1233 1807 1332 1898 tertia,

238 1902 397 1979 educati03
420 1906 539 1979 quarn,
560 1900 678 1978 generis
699 1900 894 1962 continuatio.
913 1902 1004 1979 Atqui
1022 1918 1058 1963 er
1083 1904 1233 1965 omnibus
1249 1904 1332 1966 hisce

241 2002 414 2066 monium
430 2001 487 2063 tilii
509 2002 542 2063 in
559 2000 696 2063 societate
713 2002 835 2079 paterna
854 2008 925 2062 sunt
945 2002 1133 2080 parentibus
1156 2004 1331 2067 interiores.

242 2108 316 2167 llam
330 2103 362 2166 1·
374 2117 447 2183 quea
465 2100 522 2163 tilii
539 2102 664 2174 habent,
679 2103 780 2164 anima
797 2103 860 2165 sola
876 2104 1039 2183 exceptas
1054 2120 1149 2183 paren
1158 2104 1238 2166 tibus
1262 2122 1334 2167 om.-

242 2207 293 2268 nia
303 2210 495 2284 aeceperunt.
511 2201 590 2282 Ergo
604 2202 674 2263 dliis
688 2204 836 2264 incumbit
848 2203 985 2266 debitum
999 2206 1075 2282 grati
1088 2203 1192 2266 animi
1206 2211 1236 2266 et
1248 2222 1332 2267 com·

245 2306 437 2387 pausationis,
452 2320 515 2383 quc
527 2303 703 2365 naturaliter
714 2302 794 2364 tlnnt
806 2320 824 2364 a
838 2303 1015 2382 parentibus
1030 2302 1256 2384 dependentes.

288 2404 429 2481 &Quum
441 2404 499 2466 tilii
512 2410 704 2476 enascuntur,
717 2410 842 2483 pateret
855 2404 914 2464 sub
937 2402 990 2464 illc
1011 2409 1109 2465 mater
1126 2403 1330 2467 domesticam

252 2507 450 2573 auucfimtem
459 2510 526 2588 lam
538 2504 657 2584 plenam
671 2502 833 2585 possident.
849 2506 926 2582 Ergo
939 2502 997 2565 filii
1010 2502 1063 2582 qui
1078 2506 1248 2567 successive
1263 2521 1332 2567 nas-

246 2618 362 2686 euntur,
376 2608 453 2670 hnic
463 2612 622 2686 parentum
634 2605 800 2668 auctoritati
813 2609 885 2667 sunt
897 2604 1078 2668 naturaliter
1097 2604 1222 2667 subditi.

282 2710 314 2771 3·
324 2708 399 2771 sitii
413 2711 505 2786 egent
516 2706 731 2768 sustentatione
744 2712 838 2783 atque
851 2704 1027 2769 educatione
1039 2704 1165 2787 physica
1178 2712 1208 2767 et
1222 2706 1329 2770 morali

243 2810 454 2893 aparentibus
468 2807 650 2889 accipienda.
665 2808 744 2885 Ergo
757 2812 822 2869 tum
833 2807 933 2885 quoad
948 2824 1058 2888 corpus
1072 2813 1139 2869 tum
1151 2806 1248 2887 quoad
1262 2808 1330 2870 anl-

242 2930 327 2976 mum
346 2929 366 2974 a
383 2906 562 2993 parentibus
579 2925 615 2970 er
631 2908 692 2970 elio
710 2907 804 2988 capite
819 2907 1004 2988 dependent.

278 3015 314 3076 ⁴⁰
325 3013 428 3076 Filius
440 3016 488 3073 est
500 3009 637 3089 quadam
650 3025 708 3072 ease
720 3009 837 3088 paterni
853 3008 1054 3079 continuatio.
1069 3014 1098 3068 et
1115 3009 1148 3068 in
1166 3013 1327 3086 parentum

241 3113 437 3176 mantiam
453 3107 596 3185 succedit,
611 3105 648 3170 ad
663 3111 759 3170 licum
771 3109 804 3167 in
822 3107 911 3168 terris
924 3104 1112 3168 adorandum
1136 3106 1263 3184 eJnsqne
1283 3107 1331 3166 in·

240 3215 392 3276 tentiones
414 3207 605 3289 exequendas
626 3205 721 3288 (802).
744 3207 837 3286 Atqui
856 3205 1046 3268 continuatio
1070 3203 1269 3268 essentialiter
1289 3203 1327 3267 ab

240 3313 439 3378 antecedente
459 3308 618 3392 dependet.
643 3309 733 3388 Ergo,
754 3314 812 3372 etc.

278 3415 351 3478 eet.
372 3415 447 3476 Poe.
465 3413 550 3474 ton.
565 3445 603 3459 -
618 3413 752 3474 Paterna
765 3409 913 3472 societatis
925 3407 1088 3471 auctoritas
1102 3411 1147 3467 est
1161 3421 1214 3487 per
1225 3408 1259 3467 s'e
1270 3421 1329 3486 po·

239 3519 398 3580 dssimnm
408 3513 609 3590 monarchica,
621 3511 757 3576 residens
771 3512 806 3572 in
815 3515 911 3592 patre,
926 3507 978 3573 sed
992 3507 1086 3572 variis
1099 3505 1196 3570 modis
1209 3513 1324 3586 tempe-

239 3627 303 3682 rata
313 3637 334 3682 a
343 3618 433 3682 saria
445 3615 548 3679 matris
559 3619 716 3696 potestate.

276 3727 376 3786 Pron
392 3751 433 3766 -
453 3719 583 3781 Societas
598 3722 723 3797 paterna
740 3719 785 3775 cst
804 3710 952 3774 naturalis
971 3707 1118 3788 quedam
1140 3705 1326 3769 matrimonii

239 3820 468 3901 consequentia,
482 3820 517 3879 in
529 3832 589 3896 qua
600 3814 657 3876 tilii
671 3813 834 3876 successise
854 3814 1035 3873 enascentes
1048 3805 1134 3868 nullo
1150 3804 1240 3868 modo
1257 3821 1328 3868 anc-

241 3925 394 3987 toritatem
416 3921 602 4004 participant.
625 3917 704 3993 Ergo
724 3911 793 3974 talis
814 3917 860 3974 est
884 3908 1045 3973 aucteritas
1070 3906 1102 3966 in
1120 3905 1257 3967 socieute
1275 3923 1326 3986 pa-

241 4029 338 4101 terna,
351 4019 456 4101 qualis
477 4017 570 4081 estin
591 4017 730 4080 sociatus
750 4011 916 4092 conjugali.
931 4013 969 4072 nr
987 4011 1020 4069 in
1042 4006 1099 4068 hac
1112 4007 1327 4084 socictatejam

242 4124 379 4186 vidimus
395 4121 599 4184 auuonutem
613 4134 677 4181 esse
693 4115 888 4196 potissimum
905 4107 1132 4173 monarchicam
1155 4107 1187 4167 in
1200 4107 1265 4168 rire
1280 4121 1326 4168 re-

243 4223 412 4302 sidentcm3
427 4221 479 4284 sed
498 4236 566 4283 eam
577 4218 736 4300 temperari
757 4221 822 4277 erm
841 4212 990 4276 elemento
1004 4207 1204 4270 democratico
1222 4222 1328 4285 prove·

244 4331 345 4393 niente
364 4333 510 4391 enatura
529 4319 649 4384 amicali
670 4315 808 4397 ejusdem
828 4311 988 4390 societatis,
1007 4315 1074 4371 tum
1094 4307 1242 4370 elemento
1254 4307 1327 4368 aris-

247 4433 385 4494 tocratico
403 4429 575 4506 emergente
589 4439 625 4485 ex
642 4421 724 4483 varia
740 4417 854 4480 actione
871 4415 1019 4508 tactorum
1039 4406 1238 4490 peculiarium
1258 4423 1325 4486 qne

247 4535 391 4612 majorem
405 4525 494 4592 uxori
508 4527 682 4606 potestatem
697 4519 844 4582 nibunnt.
857 4517 950 4592 Ergo,
965 4517 1022 4574 etc.
1197 4599 1203 4604 ¹

285 4633 353 4694 832.
368 4631 504 4694 macas.
522 4627 553 4687 l.
567 4655 607 4670 -
620 4619 756 4685 iliranda
771 4622 816 4678 eet
837 4613 985 4694 sapientia
1005 4627 1067 4689 qna
1085 4609 1206 4670 Creator
1224 4611 1323 4687 pater-

249 4751 316 4796 nam
328 4734 500 4797 sccietatem
515 4723 692 4790 efformavit.
703 4717 822 4782 Etenim
836 4725 1009 4793 supremam
1025 4713 1204 4789 potestatem
1217 4711 1246 4768 ct
1260 4706 1321 4766 rim
