3559 5675
534 772 702 815 sturnu-
727 774 808 817 irnsn
830 748 1002 847 sancctum.
1256 760 1314 821 tuo

263 881 384 955 continet,
405 878 449 939 vel
464 883 505 938 est
516 877 625 954 dogma
637 878 812 957 positarum,
827 880 919 959 quod,
944 880 1033 941 salvis
1045 880 1188 943 omuibus
1202 880 1317 959 princi·

264 996 310 1057 pus
320 977 477 1048 socialibus
502 994 615 1037 errores
642 977 764 1040 nullum
788 980 934 1040 societatis
958 980 1130 1047 existentiis
1146 979 1315 1061 periculum

263 1084 380 1156 apertum
393 1084 520 1139 creantes
542 1075 578 1137 iis
592 1084 738 1157 tauquam
762 1078 966 1155 fundamentis
985 1080 1174 1157 superstruit.
1191 1083 1225 1142 ln
1245 1098 1316 1143 casu

262 1179 412 1255 posteriore,
433 1178 468 1242 ad
488 1194 579 1256 quem
592 1179 690 1257 prima
704 1196 774 1259 pars
790 1180 945 1259 positionis
957 1183 1078 1267 spectat,
1095 1180 1240 1256 quoniam
1251 1179 1319 1240 nul-

261 1274 313 1337 lum
333 1279 493 1357 periculum
510 1278 556 1339 har
581 1278 721 1341 doctrmae
738 1280 860 1359 pariunt
881 1272 1029 1354 societatis
1054 1279 1235 1361 existentiaep
1261 1280 1319 1343 sub

260 1378 367 1440 liberam
387 1382 533 1458 cujusque
557 1379 782 1457 opinationem,
813 1386 950 1460 respectu
978 1378 1097 1441 socialis
1125 1379 1318 1453 auctoritatis,

259 1476 477 1555 structaque
492 1480 523 1537 in
539 1478 680 1540 omnibus
692 1479 841 1555 ejusmodi
855 1474 1003 1541 docuinis‘
1014 1478 1099 1561 nulla
1118 1478 1255 1541 humana
1268 1497 1321 1541 au·

260 1576 360 1636 ctoritas
379 1575 467 1637 habet
476 1580 530 1655 jus
547 1579 595 1638 sui
613 1578 719 1657 judicii
742 1579 790 1640 vel
811 1579 897 1641 alteri
916 1578 1025 1659 populo
1044 1578 1092 1639 nel
1106 1578 1171 1639 suis
1193 1578 1322 1643 subditis

261 1675 428 1753 imponendi,
448 1679 522 1754 quia
541 1679 573 1737 in
594 1678 631 1738 iis
652 1679 793 1742 omnibus
813 1696 882 1756 qua
905 1678 943 1739 ad
964 1678 1113 1740 societatis
1132 1679 1323 1756 gubernatio·

259 1792 316 1837 nem
327 1782 354 1837 ιι
373 1774 410 1837 ad
425 1793 514 1839 suam
526 1778 731 1841 detonsionem
741 1780 906 1841 necessario
919 1794 980 1841 non
995 1780 1134 1854 attinent,
1150 1780 1229 1857 ratio
1246 1779 1320 1839 sulr·

259 1874 372 1937 litorum
391 1892 453 1961 nou
474 1884 520 1939 cst
545 1878 667 1940 inferior
686 1880 801 1940 ratione
816 1880 970 1961 principis,
990 1880 1108 1941 stratio
1122 1878 1245 1941 alterius
1266 1890 1323 1939 na·

260 1978 334 2037 tionis
354 1982 460 2057 nequit
475 1995 539 2040 esse
557 1981 668 2059 pejoris
679 1980 859 2043 conditionis
874 1998 966 2060 quam
986 1981 1062 2043 ratio
1075 1980 1199 2051 alterius
1213 1981 1321 2056 gmtls.

261 2078 324 2152 Ergo
343 2096 436 2157 nsque
453 2067 639 2141 ulli'nationi
665 2080 767 2143 licebit
789 2080 904 2143 lrellum
931 2082 1017 2142 alteri
1032 2081 1143 2161 populo
1163 2080 1325 2142 iulerrsolt

260 2180 389 2254 ejusmodi
403 2178 557 2242 doctrinas
581 2191 716 2259 respectu
731 2178 803 2259 boni
828 2168 1041 2260 porc'socialis
1066 2182 1223 2257 innocuas,
1244 2179 1325 2261 apud

261 2276 334 2337 illum
347 2280 638 2358 percrebrescentes‚
655 2286 684 2341 et
699 2282 731 2340 in
747 2282 863 2342 vicinos
874 2280 1000 2360 populos
1012 2284 1196 2361 propagatas.
1255 2334 1259 2343 ,

291 2380 374 2441 mos.
387 2384 419 2439 ι·
432 2396 523 2443 naas.
534 2379 705 2454 -Quoties
718 2381 827 2457 dogma
840 2380 956 2441 vicinos
967 2380 1094 2459 populos
1111 2378 1250 2439 invadere
1268 2378 1326 2439 mi·

259 2477 345 2539 nitens
356 2482 392 2552 ab
407 2481 514 2557 aliqua
532 2482 655 2557 natione
665 2481 733 2556 jam
749 2485 795 2541 est
805 2478 953 2541 socialiter
967 2483 1136 2557 exceptum,
1147 2484 1176 2539 ct
1195 2474 1271 2537 illud
1284 2482 1330 2537 cst

261 2578 416 2653 negativum
427 2580 475 2639 ita
483 2656 487 2661 .
495 2585 530 2640 ut
548 2580 647 2659 prima
670 2578 792 2639 socialia
804 2577 953 2658 principia
966 2579 999 2640 in
1014 2583 1152 2658 apertum
1165 2576 1337 2639 discrimen.

261 2675 380 2754 aldueat,
409 2684 484 2739 tunc
504 2680 569 2753 jam
588 2695 623 2739 ea
650 2679 732 2738 natio
759 2678 872 2739 vicinos
883 2676 1010 2757 populos
1024 2674 1151 2757 oppredr'
1167 2676 1257 2755 erupit
1272 2693 1280 2733 ι
1297 2672 1329 2733 lri

262 2788 377 2856 namque
397 2779 468 2856 jam
484 2793 518 2837 ca
537 2776 575 2836 dc
593 2792 684 2837 causa
704 2776 923 2855 periclitantur.
944 2780 1033 2856 Ergo,
1049 2778 1075 2837 si
1094 2777 1276 2839 monitiones
1299 2778 1330 2835 et

260 2864 497 2957 questuspacitici
512 2893 702 2954 nequaqnam
725 2876 762 2937 ad
782 2876 955 2956 periculum
967 2877 1004 2938 ab
1024 2877 1113 2938 noxia
1126 2877 1329 2956 pestilensque

260 2974 378 3039 doctrina
395 2978 579 3058 proveniens
591 2975 827 3056 propulsandum
848 2974 1010 3050 sufficiant,
1033 2989 1226 3052 unaqueque
1247 2973 1330 3038 nuto

261 3073 337 3137 habet
346 3081 398 3156 jus
417 3077 453 3139 vi
474 3082 504 3137 et
521 3077 613 3146 armis
628 3075 848 3140 interveniendi
867 3075 948 3154 apud
968 3075 1103 3135 vicinum
1122 3071 1283 3154 populum,
1295 3085 1333 3136 ut

262 3175 319 3236 talis
338 3178 484 3240 doctrina
496 3165 740 3256 propagationem
758 3175 920 3260 impediat;¹
935 3174 1038 3235 emtam
1053 3172 1143 3252 plane
1156 3173 1259 3248 modo,
1271 3187 1333 3249 quo

262 3271 385 3338 humana
407 3273 569 3339 auctoritas
581 3276 613 3335 in
627 3290 809 3353 unaquaque
823 3273 975 3348 societate,
990 3273 1130 3350 quamvis
1139 3272 1268 3334 nullum
1280 3273 1333 3350 jus

260 3369 357 3434 habeat
365 3375 513 3436 doctrinar
524 3374 693 3453 cujuspiam
703 3373 836 3453 positiva
849 3388 902 3452 per
919 3373 979 3434 vim
996 3378 1048 3432 aut
1062 3371 1264 3452 imponenda,
1277 3375 1330 3432 aut

262 3472 479 3554 impugnandae,
488 3478 558 3554 jure
572 3481 673 3536 tamen
687 3480 781 3554 potest
793 3473 842 3550 ιιι
869 3474 901 3534 in
916 3471 1039 3550 exilium
1052 3473 1189 3554 pollere,
1202 3471 1251 3533 vel
1265 3486 1334 3549 gra·

261 3573 319 3634 rius
332 3576 424 3638 etiam
439 3574 549 3653 punire
573 3572 740 3658 subditum,
756 3573 819 3654 qui
831 3573 931 3653 pranis
952 3573 1093 3634 doctrinis
1107 3572 1219 3638 directe
1233 3571 1333 3652 publi·

264 3688 321 3734 ram
334 3674 586 3754 tranquillitatem
605 3690 639 3735 ac
652 3673 824 3734 felicitatem
836 3679 988 3738 externam
1002 3673 1167 3753 perturbet,
1182 3672 1335 3752 publicam

263 3774 457 3838 moralitatem
469 3763 700 3852 corrumpendo,
710 3773 756 3834 nel
767 3772 925 3852 politicum
939 3773 1076 3834 ordinem
1101 3772 1234 3848 legitimo
1248 3787 1334 3834 cons·

264 3876 378 3940 titutum
393 3877 516 3958 scriptis
530 3882 583 3938 aut
594 3875 680 3938 drctrs
691 3874 902 3956 oppugnando
919 3875 1008 3951 Ergo,
1023 3877 1079 3934 etc.
1137 3901 1148 3946 ‚¹

301 3979 384 4040 utto.
401 3982 471 4042 Pes
486 3979 600 4040 5832,
585 3977 731 4054 -Siqua
749 3977 835 4036 natio
852 3973 1007 4050 abaliquo
1022 3970 1211 4052 populo,qui
1229 3971 1268 4030 ob
1287 3937 1336 4032 re·

262 4072 375 4152 ligionis
390 4094 516 4140 cansam
533 4076 583 4139 rel
604 4081 709 4140 contra
721 4092 813 4137 suum
826 4073 995 4155 principem
1007 4071 1107 4134 bono
1095 4084 1165 4149 June
1186 4070 1324 4145 insurgat

262 4177 305 4238 vel
325 4186 429 4244 rontm
454 4179 591 4258 ejusdcm
615 4176 719 4259 populi
747 4181 863 4258 partem
891 4173 1016 4236 alteram
1038 4187 1103 4234 sess
1128 4167 1316 4246 defendat,'
1307 4182 1341 4229 ru

264 4276 459 4343 auxiliumad
473 4280 540 4355 ejus
556 4276 733 4354 religionem
757 4272 902 4337 tuendam
914 4275 1047 4348 uocetur,
1059 4273 1155 4351 potest
1169 4267 1275 4344 utiquc
1288 4264 1340 4328 illa

264 4379 352 4438 armis
367 4377 512 4458 opitulari
525 4378 554 4439 ei
563 4378 652 4458 parti,
672 4392 727 4454 pro
740 4392 802 4453 qua
812 4376 865 4452 J'us
879 4372 1008 4434 validius
1022 4377 1089 4436 stat.

300 4479 392 4540 Peon.
405 4479 576 4559 —Semper
584 4478 652 4538 licet
663 4475 813 4538 auxilium
827 4475 906 4537 lerre
922 4475 979 4548 illi,
989 4473 1044 4550 qui
1057 4472 1224 4549 acrumJ'us
1236 4468 1343 4532 auxilii

265 4579 377 4653 mendi
395 4578 493 4640 habet.
508 4578 600 4656 tttqui
607 4579 673 4654 jam
684 4594 718 4638 n.
735 4578 812 4638 1008
825 4573 1014 4638 ostendimus
1027 4571 1175 4650 quosdam
1188 4579 1343 4634 occurrere

265 4691 361 4758 casus,
380 4681 412 4740 in
428 4680 542 4758 quibus
553 4679 680 4753 subditi,
695 4677 734 4740 olr
746 4681 840 4739 cartas
858 4675 977 4754 aliquas
990 4673 1103 4752 politici
1115 4672 1273 4749 regiminis
1286 4671 1345 4732 lor·

267 4793 329 4840 mas
350 4778 485 4856 legitime
510 4781 657 4858 vigentes,
680 4777 793 4842 habeut
818 4791 926 4839 nerum
945 4779 975 4838 et
995 4774 1151 4854 proprium
1173 4775 1227 4849 jus
1246 4774 1347 4836 centra
1394 4763 1395 4766 ’
