<?xml version="1.0" encoding="UTF-8"?>
<!DOCTYPE html PUBLIC "-//W3C//DTD XHTML 1.0 Transitional//EN"
    "http://www.w3.org/TR/xhtml1/DTD/xhtml1-transitional.dtd">
<html xmlns="http://www.w3.org/1999/xhtml" xml:lang="en" lang="en">
 <head>
  <title>
</title>
<meta http-equiv="Content-Type" content="text/html;charset=utf-8" />
  <meta name='ocr-system' content='tesseract 3.04.00' />
  <meta name='ocr-capabilities' content='ocr_page ocr_carea ocr_par ocr_line ocrx_word'/>
</head>
<body>
  <div class='ocr_page' id='page_1' title='image "./jurisnaturalisu00bensgoog/jurisnaturalisu00bensgoog_0447.png"; bbox 0 0 3559 5675; ppageno 0'>
   <div class='ocr_carea' id='block_1_1' title="bbox 553 741 1324 807">
    <p class='ocr_par' dir='ltr' id='par_1_1' title="bbox 553 741 1324 807">
     <span class='ocr_line' id='line_1_1' title="bbox 553 741 1324 807; baseline -0.005 -3"><span class='ocrx_word' id='word_1_1' title='bbox 553 760 659 807; x_wconf 72' lang='lat' dir='ltr'>succus.</span> <span class='ocrx_word' id='word_1_2' title='bbox 684 775 721 793; x_wconf 88' lang='lat'>-··</span> <span class='ocrx_word' id='word_1_3' title='bbox 745 763 828 807; x_wconf 81' lang='lat' dir='ltr'>crena</span> <span class='ocrx_word' id='word_1_4' title='bbox 851 760 1021 806; x_wconf 81' lang='lat' dir='ltr'>uunacrucs.</span> <span class='ocrx_word' id='word_1_5' title='bbox 1268 741 1324 801; x_wconf 78' lang='lat' dir='ltr'>t-..ti</span> 
     </span>
    </p>
   </div>
   <div class='ocr_carea' id='block_1_2' title="bbox 262 867 1354 4935">
    <p class='ocr_par' dir='ltr' id='par_1_2' title="bbox 262 867 1331 1547">
     <span class='ocr_line' id='line_1_2' title="bbox 265 867 1324 951; baseline -0.004 -22"><span class='ocrx_word' id='word_1_6' title='bbox 265 868 347 947; x_wconf 90' lang='lat' dir='ltr'>undo,</span> <span class='ocrx_word' id='word_1_7' title='bbox 363 874 419 934; x_wconf 90' lang='lat' dir='ltr'>nisi</span> <span class='ocrx_word' id='word_1_8' title='bbox 433 872 511 934; x_wconf 91' lang='lat' dir='ltr'>ultro</span> <span class='ocrx_word' id='word_1_9' title='bbox 523 890 555 935; x_wconf 87' lang='lat' dir='ltr'>se</span> <span class='ocrx_word' id='word_1_10' title='bbox 568 890 587 935; x_wconf 90' lang='lat' dir='ltr'>a</span> <span class='ocrx_word' id='word_1_11' title='bbox 598 873 651 935; x_wconf 88' lang='lat' dir='ltr'>tali</span> <span class='ocrx_word' id='word_1_12' title='bbox 662 875 733 950; x_wconf 81' lang='lat' dir='ltr'>jure</span> <span class='ocrx_word' id='word_1_13' title='bbox 747 880 836 951; x_wconf 88' lang='lat' dir='ltr'>utque</span> <span class='ocrx_word' id='word_1_14' title='bbox 849 872 987 951; x_wconf 71' lang='lat' dir='ltr'>explicite</span> <span class='ocrx_word' id='word_1_15' title='bbox 1002 869 1214 931; x_wconf 85' lang='lat' dir='ltr'>abdicaverint.</span> <span class='ocrx_word' id='word_1_16' title='bbox 1234 867 1324 945; x_wconf 74' lang='lat' dir='ltr'>Atqui</span> 
     </span>
     <span class='ocr_line' id='line_1_3' title="bbox 264 967 1327 1052; baseline -0.001 -24"><span class='ocrx_word' id='word_1_17' title='bbox 264 968 382 1045; x_wconf 75' lang='lat' dir='ltr'>singulae</span> <span class='ocrx_word' id='word_1_18' title='bbox 394 978 506 1048; x_wconf 65' lang='lat' dir='ltr'>genes,</span> <span class='ocrx_word' id='word_1_19' title='bbox 520 972 631 1050; x_wconf 90' lang='lat' dir='ltr'>quibus</span> <span class='ocrx_word' id='word_1_20' title='bbox 645 973 819 1035; x_wconf 91' lang='lat' dir='ltr'>ethnarchia</span> <span class='ocrx_word' id='word_1_21' title='bbox 832 972 1033 1052; x_wconf 81' lang='lat' dir='ltr'><strong>componitur,</strong></span> <span class='ocrx_word' id='word_1_22' title='bbox 1046 974 1162 1033; x_wconf 90' lang='lat' dir='ltr'>certum</span> <span class='ocrx_word' id='word_1_23' title='bbox 1175 967 1327 1045; x_wconf 82' lang='lat' dir='ltr'><strong>quoddam</strong></span> 
     </span>
     <span class='ocr_line' id='line_1_4' title="bbox 265 1064 1329 1149; baseline -0.001 -23"><span class='ocrx_word' id='word_1_24' title='bbox 265 1067 447 1141; x_wconf 88' lang='lat' dir='ltr'>territorium,</span> <span class='ocrx_word' id='word_1_25' title='bbox 472 1068 563 1149; x_wconf 90' lang='lat' dir='ltr'>pleno</span> <span class='ocrx_word' id='word_1_26' title='bbox 583 1068 709 1131; x_wconf 88' lang='lat' dir='ltr'>dominii</span> <span class='ocrx_word' id='word_1_27' title='bbox 725 1074 808 1149; x_wconf 86' lang='lat' dir='ltr'>jure,</span> <span class='ocrx_word' id='word_1_28' title='bbox 830 1069 1034 1149; x_wconf 83' lang='lat' dir='ltr'>possidebaut;</span> <span class='ocrx_word' id='word_1_29' title='bbox 1048 1067 1136 1144; x_wconf 91' lang='lat' dir='ltr'>eique</span> <span class='ocrx_word' id='word_1_30' title='bbox 1153 1066 1217 1141; x_wconf 91' lang='lat' dir='ltr'>juri</span> <span class='ocrx_word' id='word_1_31' title='bbox 1243 1064 1329 1125; x_wconf 89' lang='lat' dir='ltr'>nulla</span> 
     </span>
     <span class='ocr_line' id='line_1_5' title="bbox 266 1166 1330 1245; baseline -0.002 -18"><span class='ocrx_word' id='word_1_32' title='bbox 266 1167 572 1245; x_wconf 67' lang='lat' dir='ltr'>persecutionem</span> <span class='ocrx_word' id='word_1_33' title='bbox 597 1169 802 1231; x_wconf 88' lang='lat' dir='ltr'>ethnarchiam</span> <span class='ocrx_word' id='word_1_34' title='bbox 824 1169 998 1231; x_wconf 90' lang='lat' dir='ltr'>accedentes</span> <span class='ocrx_word' id='word_1_35' title='bbox 1010 1166 1233 1229; x_wconf 88' lang='lat' dir='ltr'>renuntiamut.</span> <span class='ocrx_word' id='word_1_36' title='bbox 1251 1167 1330 1242; x_wconf 78' lang='lat' dir='ltr'>Ergo</span> 
     </span>
     <span class='ocr_line' id='line_1_6' title="bbox 266 1264 1331 1350; baseline -0.002 -23"><span class='ocrx_word' id='word_1_37' title='bbox 266 1266 332 1328; x_wconf 91' lang='lat' dir='ltr'>illud</span> <span class='ocrx_word' id='word_1_38' title='bbox 351 1267 429 1329; x_wconf 92' lang='lat' dir='ltr'>idem</span> <span class='ocrx_word' id='word_1_39' title='bbox 454 1270 647 1345; x_wconf 76' lang='lat' dir='ltr'>territorium,</span> <span class='ocrx_word' id='word_1_40' title='bbox 660 1276 819 1350; x_wconf 79' lang='lat' dir='ltr'>postquam</span> <span class='ocrx_word' id='word_1_41' title='bbox 844 1269 1051 1331; x_wconf 91' lang='lat' dir='ltr'>ethnarcbiam</span> <span class='ocrx_word' id='word_1_42' title='bbox 1066 1267 1210 1340; x_wconf 89' lang='lat' dir='ltr'>inierunt,</span> <span class='ocrx_word' id='word_1_43' title='bbox 1225 1264 1331 1349; x_wconf 78' lang='lat' dir='ltr'>eodem</span> 
     </span>
     <span class='ocr_line' id='line_1_7' title="bbox 262 1362 1331 1447; baseline -0.002 -23"><span class='ocrx_word' id='word_1_44' title='bbox 262 1367 324 1442; x_wconf 88' lang='lat' dir='ltr'>jure</span> <span class='ocrx_word' id='word_1_45' title='bbox 336 1364 486 1445; x_wconf 89' lang='lat' dir='ltr'>possident</span> <span class='ocrx_word' id='word_1_46' title='bbox 491 1390 501 1442; x_wconf 83' lang='lat'>3</span> <span class='ocrx_word' id='word_1_47' title='bbox 517 1367 650 1445; x_wconf 86' lang='lat' dir='ltr'>adeoque</span> <span class='ocrx_word' id='word_1_48' title='bbox 665 1366 786 1429; x_wconf 92' lang='lat' dir='ltr'>nullum</span> <span class='ocrx_word' id='word_1_49' title='bbox 801 1368 927 1429; x_wconf 91' lang='lat' dir='ltr'>dominii</span> <span class='ocrx_word' id='word_1_50' title='bbox 938 1367 991 1447; x_wconf 83' lang='lat' dir='ltr'>jus</span> <span class='ocrx_word' id='word_1_51' title='bbox 1005 1365 1057 1427; x_wconf 89' lang='lat' dir='ltr'>alii</span> <span class='ocrx_word' id='word_1_52' title='bbox 1073 1363 1200 1426; x_wconf 73' lang='lat' dir='ltr'>cuilibet</span> <span class='ocrx_word' id='word_1_53' title='bbox 1210 1364 1243 1423; x_wconf 89' lang='lat' dir='ltr'>iu</span> <span class='ocrx_word' id='word_1_54' title='bbox 1256 1362 1331 1423; x_wconf 94' lang='lat' dir='ltr'>illud</span> 
     </span>
     <span class='ocr_line' id='line_1_8' title="bbox 265 1465 909 1547; baseline 0.002 -22"><span class='ocrx_word' id='word_1_55' title='bbox 265 1465 437 1527; x_wconf 80' lang='lat' dir='ltr'>bullarium</span> <span class='ocrx_word' id='word_1_56' title='bbox 451 1473 620 1547; x_wconf 89' lang='lat' dir='ltr'>competere</span> <span class='ocrx_word' id='word_1_57' title='bbox 628 1474 734 1547; x_wconf 83' lang='lat' dir='ltr'>potest.</span> <span class='ocrx_word' id='word_1_58' title='bbox 751 1471 840 1546; x_wconf 80' lang='lat' dir='ltr'>Ergo,</span> <span class='ocrx_word' id='word_1_59' title='bbox 853 1474 909 1529; x_wconf 91' lang='lat' dir='ltr'>etc.</span> 
     </span>
    </p>

    <p class='ocr_par' dir='ltr' id='par_1_3' title="bbox 264 1560 1337 2041">
     <span class='ocr_line' id='line_1_9' title="bbox 301 1560 1333 1648; baseline -0.002 -26"><span class='ocrx_word' id='word_1_60' title='bbox 301 1562 383 1625; x_wconf 77' lang='lat'>1248.</span> <span class='ocrx_word' id='word_1_61' title='bbox 394 1566 525 1628; x_wconf 69' lang='grc' dir='ltr'><strong>(ἶοιοιι.</strong></span> <span class='ocrx_word' id='word_1_62' title='bbox 537 1595 577 1613; x_wconf 85' lang='grc'><strong>-</strong></span> <span class='ocrx_word' id='word_1_63' title='bbox 587 1567 618 1629; x_wconf 87' lang='lat' dir='ltr'>si</span> <span class='ocrx_word' id='word_1_64' title='bbox 628 1569 739 1648; x_wconf 92' lang='lat' dir='ltr'>proprii</span> <span class='ocrx_word' id='word_1_65' title='bbox 753 1567 944 1645; x_wconf 81' lang='lat' dir='ltr'>singularum</span> <span class='ocrx_word' id='word_1_66' title='bbox 952 1565 1113 1627; x_wconf 88' lang='lat' dir='ltr'>nationum</span> <span class='ocrx_word' id='word_1_67' title='bbox 1125 1561 1277 1643; x_wconf 83' lang='lat' dir='ltr'>principes</span> <span class='ocrx_word' id='word_1_68' title='bbox 1289 1560 1333 1621; x_wconf 91' lang='lat' dir='ltr'>le·</span> 
     </span>
     <span class='ocr_line' id='line_1_10' title="bbox 264 1659 1334 1745; baseline -0.002 -25"><span class='ocrx_word' id='word_1_69' title='bbox 264 1662 358 1737; x_wconf 77' lang='lat' dir='ltr'>gitime</span> <span class='ocrx_word' id='word_1_70' title='bbox 376 1664 456 1726; x_wconf 91' lang='lat' dir='ltr'>inter</span> <span class='ocrx_word' id='word_1_71' title='bbox 469 1682 500 1727; x_wconf 89' lang='lat' dir='ltr'>se</span> <span class='ocrx_word' id='word_1_72' title='bbox 514 1667 701 1745; x_wconf 73' lang='lat' dir='ltr'>paciscuntur</span> <span class='ocrx_word' id='word_1_73' title='bbox 714 1673 826 1729; x_wconf 89' lang='lat' dir='ltr'>certam</span> <span class='ocrx_word' id='word_1_74' title='bbox 838 1666 1004 1745; x_wconf 88' lang='lat' dir='ltr'>quamdam</span> <span class='ocrx_word' id='word_1_75' title='bbox 1019 1664 1069 1725; x_wconf 89' lang='lat' dir='ltr'>sui</span> <span class='ocrx_word' id='word_1_76' title='bbox 1082 1659 1223 1723; x_wconf 88' lang='lat' dir='ltr'>territorii</span> <span class='ocrx_word' id='word_1_77' title='bbox 1236 1664 1334 1719; x_wconf 88' lang='lat' dir='ltr'>muta-</span> 
     </span>
     <span class='ocr_line' id='line_1_11' title="bbox 265 1760 1335 1845; baseline 0 -26"><span class='ocrx_word' id='word_1_78' title='bbox 265 1760 376 1842; x_wconf 92' lang='lat' dir='ltr'>tionem,</span> <span class='ocrx_word' id='word_1_79' title='bbox 391 1770 465 1826; x_wconf 92' lang='lat' dir='ltr'>tunc</span> <span class='ocrx_word' id='word_1_80' title='bbox 477 1767 583 1845; x_wconf 90' lang='lat' dir='ltr'>utique</span> <span class='ocrx_word' id='word_1_81' title='bbox 598 1766 679 1828; x_wconf 88' lang='lat' dir='ltr'>licita</span> <span class='ocrx_word' id='word_1_82' title='bbox 691 1769 748 1829; x_wconf 89' lang='lat' dir='ltr'>erit</span> <span class='ocrx_word' id='word_1_83' title='bbox 759 1784 794 1829; x_wconf 88' lang='lat' dir='ltr'>ea</span> <span class='ocrx_word' id='word_1_84' title='bbox 805 1768 942 1837; x_wconf 90' lang='lat' dir='ltr'>mutatio,</span> <span class='ocrx_word' id='word_1_85' title='bbox 955 1773 1046 1844; x_wconf 87' lang='lat' dir='ltr'>atque</span> <span class='ocrx_word' id='word_1_86' title='bbox 1059 1762 1097 1824; x_wconf 90' lang='lat' dir='ltr'>ad</span> <span class='ocrx_word' id='word_1_87' title='bbox 1111 1760 1335 1823; x_wconf 87' lang='lat' dir='ltr'>ethnarclricam</span> 
     </span>
     <span class='ocr_line' id='line_1_12' title="bbox 264 1858 1337 1948; baseline 0 -29"><span class='ocrx_word' id='word_1_88' title='bbox 264 1864 463 1925; x_wconf 79' lang='lat' dir='ltr'>aucbntatem</span> <span class='ocrx_word' id='word_1_89' title='bbox 480 1866 625 1944; x_wconf 73' lang='lat' dir='ltr'>spectabit</span> <span class='ocrx_word' id='word_1_90' title='bbox 636 1868 762 1948; x_wconf 77' lang='lat' dir='ltr'>justitiae</span> <span class='ocrx_word' id='word_1_91' title='bbox 779 1869 811 1928; x_wconf 92' lang='lat' dir='ltr'>in</span> <span class='ocrx_word' id='word_1_92' title='bbox 829 1866 1005 1945; x_wconf 87' lang='lat' dir='ltr'>hujusmodi</span> <span class='ocrx_word' id='word_1_93' title='bbox 1025 1864 1119 1944; x_wconf 90' lang='lat' dir='ltr'>pactis</span> <span class='ocrx_word' id='word_1_94' title='bbox 1141 1867 1172 1923; x_wconf 93' lang='lat' dir='ltr'>et</span> <span class='ocrx_word' id='word_1_95' title='bbox 1192 1858 1337 1922; x_wconf 82' lang='lat' dir='ltr'>iaciendis</span> 
     </span>
     <span class='ocr_line' id='line_1_13' title="bbox 264 1964 1024 2041; baseline 0.005 -20"><span class='ocrx_word' id='word_1_96' title='bbox 264 1964 289 2019; x_wconf 88' lang='lat' dir='ltr'>ct</span> <span class='ocrx_word' id='word_1_97' title='bbox 298 1964 497 2041; x_wconf 76' lang='lat' dir='ltr'>exsequendis</span> <span class='ocrx_word' id='word_1_98' title='bbox 510 1972 680 2029; x_wconf 89' lang='lat' dir='ltr'>constanter</span> <span class='ocrx_word' id='word_1_99' title='bbox 690 1966 843 2029; x_wconf 78' lang='lat' dir='ltr'>ssrvaudae</span> <span class='ocrx_word' id='word_1_100' title='bbox 856 1966 1024 2029; x_wconf 88' lang='lat' dir='ltr'>consulere.</span> 
     </span>
    </p>

    <p class='ocr_par' dir='ltr' id='par_1_4' title="bbox 263 2060 1342 3037">
     <span class='ocr_line' id='line_1_14' title="bbox 298 2060 1336 2144; baseline -0.001 -23"><span class='ocrx_word' id='word_1_101' title='bbox 298 2062 387 2138; x_wconf 74' lang='lat' dir='ltr'>lgitrrr</span> <span class='ocrx_word' id='word_1_102' title='bbox 406 2062 480 2125; x_wconf 80' lang='lat' dir='ltr'>duae</span> <span class='ocrx_word' id='word_1_103' title='bbox 500 2071 572 2126; x_wconf 89' lang='lat' dir='ltr'>sunt</span> <span class='ocrx_word' id='word_1_104' title='bbox 585 2065 678 2128; x_wconf 87' lang='lat' dir='ltr'>veluti</span> <span class='ocrx_word' id='word_1_105' title='bbox 696 2066 782 2127; x_wconf 89' lang='lat' dir='ltr'>bases</span> <span class='ocrx_word' id='word_1_106' title='bbox 804 2068 1023 2144; x_wconf 85' lang='lat' dir='ltr'>cujuscumque</span> <span class='ocrx_word' id='word_1_107' title='bbox 1037 2068 1123 2125; x_wconf 89' lang='lat' dir='ltr'>rectae</span> <span class='ocrx_word' id='word_1_108' title='bbox 1134 2060 1336 2122; x_wconf 78' lang='lat' dir='ltr'>etbnarcbicar</span> 
     </span>
     <span class='ocr_line' id='line_1_15' title="bbox 264 2156 1338 2243; baseline -0.003 -24"><span class='ocrx_word' id='word_1_109' title='bbox 264 2162 480 2224; x_wconf 88' lang='lat' dir='ltr'>constitutionis</span> <span class='ocrx_word' id='word_1_110' title='bbox 505 2181 514 2225; x_wconf 91' lang='lat'><strong>:</strong></span> <span class='ocrx_word' id='word_1_111' title='bbox 539 2170 574 2225; x_wconf 92' lang='lat' dir='ltr'>ut</span> <span class='ocrx_word' id='word_1_112' title='bbox 597 2165 755 2243; x_wconf 72' lang='lat' dir='ltr'>equalitas</span> <span class='ocrx_word' id='word_1_113' title='bbox 775 2156 896 2226; x_wconf 78' lang='lat' dir='ltr'>¹scilicet</span> <span class='ocrx_word' id='word_1_114' title='bbox 918 2170 1009 2241; x_wconf 93' lang='lat' dir='ltr'>atque</span> <span class='ocrx_word' id='word_1_115' title='bbox 1031 2156 1277 2240; x_wconf 85' lang='lat' dir='ltr'>independentia,</span> <span class='ocrx_word' id='word_1_116' title='bbox 1301 2162 1338 2218; x_wconf 94' lang='lat' dir='ltr'>ut</span> 
     </span>
     <span class='ocr_line' id='line_1_16' title="bbox 263 2256 1341 2347; baseline -0.002 -29"><span class='ocrx_word' id='word_1_117' title='bbox 263 2258 387 2323; x_wconf 88' lang='lat' dir='ltr'>dominia</span> <span class='ocrx_word' id='word_1_118' title='bbox 413 2268 446 2323; x_wconf 89' lang='lat' dir='ltr'>et</span> <span class='ocrx_word' id='word_1_119' title='bbox 458 2265 651 2347; x_wconf 80' lang='lat' dir='ltr'>proprietates</span> <span class='ocrx_word' id='word_1_120' title='bbox 663 2265 801 2326; x_wconf 89' lang='lat' dir='ltr'>omnium</span> <span class='ocrx_word' id='word_1_121' title='bbox 814 2269 844 2325; x_wconf 90' lang='lat' dir='ltr'>et</span> <span class='ocrx_word' id='word_1_122' title='bbox 861 2264 1053 2340; x_wconf 78' lang='lat' dir='ltr'>singularum</span> <span class='ocrx_word' id='word_1_123' title='bbox 1064 2262 1222 2321; x_wconf 76' lang='lat' dir='ltr'>cadonum</span> <span class='ocrx_word' id='word_1_124' title='bbox 1244 2256 1341 2318; x_wconf 93' lang='lat' dir='ltr'>indis·</span> 
     </span>
     <span class='ocr_line' id='line_1_17' title="bbox 264 2358 1340 2442; baseline -0.002 -23"><span class='ocrx_word' id='word_1_125' title='bbox 264 2359 444 2423; x_wconf 91' lang='lat' dir='ltr'>criminatim</span> <span class='ocrx_word' id='word_1_126' title='bbox 467 2369 545 2427; x_wconf 86' lang='lat' dir='ltr'>sarta</span> <span class='ocrx_word' id='word_1_127' title='bbox 566 2369 640 2425; x_wconf 89' lang='lat' dir='ltr'>tecte</span> <span class='ocrx_word' id='word_1_128' title='bbox 660 2368 831 2425; x_wconf 84' lang='lat' dir='ltr'>serventur.</span> <span class='ocrx_word' id='word_1_129' title='bbox 857 2362 953 2442; x_wconf 91' lang='lat' dir='ltr'>Super</span> <span class='ocrx_word' id='word_1_130' title='bbox 967 2359 1145 2421; x_wconf 89' lang='lat' dir='ltr'>hisduabus</span> <span class='ocrx_word' id='word_1_131' title='bbox 1157 2358 1245 2436; x_wconf 89' lang='lat' dir='ltr'>quasi</span> <span class='ocrx_word' id='word_1_132' title='bbox 1259 2372 1340 2435; x_wconf 80' lang='lat' dir='ltr'>pras·</span> 
     </span>
     <span class='ocr_line' id='line_1_18' title="bbox 265 2460 1338 2544; baseline -0.001 -27"><span class='ocrx_word' id='word_1_133' title='bbox 265 2460 356 2522; x_wconf 86' lang='lat' dir='ltr'>missis</span> <span class='ocrx_word' id='word_1_134' title='bbox 367 2460 562 2525; x_wconf 84' lang='lat' dir='ltr'>ethnarchica</span> <span class='ocrx_word' id='word_1_135' title='bbox 576 2470 704 2544; x_wconf 87' lang='lat' dir='ltr'>potestas</span> <span class='ocrx_word' id='word_1_136' title='bbox 724 2462 812 2524; x_wconf 87' lang='lat' dir='ltr'>debet</span> <span class='ocrx_word' id='word_1_137' title='bbox 829 2460 1077 2524; x_wconf 76' lang='lat' dir='ltr'>deliberationem</span> <span class='ocrx_word' id='word_1_138' title='bbox 1095 2475 1183 2521; x_wconf 90' lang='lat' dir='ltr'>suam</span> <span class='ocrx_word' id='word_1_139' title='bbox 1195 2462 1338 2533; x_wconf 73' lang='lat' dir='ltr'>statuere,</span> 
     </span>
     <span class='ocr_line' id='line_1_19' title="bbox 265 2554 1342 2641; baseline -0.004 -24"><span class='ocrx_word' id='word_1_140' title='bbox 265 2556 388 2637; x_wconf 87' lang='lat' dir='ltr'>adeoque</span> <span class='ocrx_word' id='word_1_141' title='bbox 412 2566 444 2621; x_wconf 90' lang='lat' dir='ltr'>et</span> <span class='ocrx_word' id='word_1_142' title='bbox 468 2559 694 2641; x_wconf 81' lang='lat' dir='ltr'>inquisitionem</span> <span class='ocrx_word' id='word_1_143' title='bbox 717 2578 838 2640; x_wconf 90' lang='lat' dir='ltr'>quoque</span> <span class='ocrx_word' id='word_1_144' title='bbox 850 2563 907 2623; x_wconf 92' lang='lat' dir='ltr'>sibi</span> <span class='ocrx_word' id='word_1_145' title='bbox 922 2559 1120 2623; x_wconf 87' lang='lat' dir='ltr'>necessariam</span> <span class='ocrx_word' id='word_1_146' title='bbox 1134 2554 1274 2631; x_wconf 84' lang='lat' dir='ltr'>tundere,</span> <span class='ocrx_word' id='word_1_147' title='bbox 1287 2570 1342 2633; x_wconf 92' lang='lat' dir='ltr'>per</span> 
     </span>
     <span class='ocr_line' id='line_1_20' title="bbox 265 2660 1340 2741; baseline -0.003 -24"><span class='ocrx_word' id='word_1_148' title='bbox 265 2673 347 2734; x_wconf 90' lang='lat' dir='ltr'>quam</span> <span class='ocrx_word' id='word_1_149' title='bbox 359 2661 466 2721; x_wconf 92' lang='lat' dir='ltr'>omnia</span> <span class='ocrx_word' id='word_1_150' title='bbox 478 2676 546 2739; x_wconf 78' lang='lat' dir='ltr'>quae</span> <span class='ocrx_word' id='word_1_151' title='bbox 563 2660 601 2723; x_wconf 87' lang='lat' dir='ltr'>ad</span> <span class='ocrx_word' id='word_1_152' title='bbox 622 2678 712 2723; x_wconf 90' lang='lat' dir='ltr'>suum</span> <span class='ocrx_word' id='word_1_153' title='bbox 728 2678 841 2723; x_wconf 90' lang='lat' dir='ltr'>munus</span> <span class='ocrx_word' id='word_1_154' title='bbox 853 2661 1015 2741; x_wconf 90' lang='lat' dir='ltr'>pertinent,</span> <span class='ocrx_word' id='word_1_155' title='bbox 1028 2663 1195 2739; x_wconf 85' lang='lat' dir='ltr'>opportune</span> <span class='ocrx_word' id='word_1_156' title='bbox 1214 2670 1340 2731; x_wconf 73' lang='lat' dir='ltr'>coguos-</span> 
     </span>
     <span class='ocr_line' id='line_1_21' title="bbox 264 2752 1341 2843; baseline -0.002 -26"><span class='ocrx_word' id='word_1_157' title='bbox 264 2764 313 2830; x_wconf 89' lang='lat' dir='ltr'>cat‚</span> <span class='ocrx_word' id='word_1_158' title='bbox 326 2776 436 2821; x_wconf 88' lang='lat' dir='ltr'>verum</span> <span class='ocrx_word' id='word_1_159' title='bbox 453 2752 593 2823; x_wconf 80' lang='lat' dir='ltr'>videlicet</span> <span class='ocrx_word' id='word_1_160' title='bbox 609 2778 715 2823; x_wconf 88' lang='lat' dir='ltr'>sorum</span> <span class='ocrx_word' id='word_1_161' title='bbox 725 2762 910 2843; x_wconf 90' lang='lat' dir='ltr'>populorum</span> <span class='ocrx_word' id='word_1_162' title='bbox 923 2761 1050 2839; x_wconf 66' lang='lat' dir='ltr'>bonurn</span> <span class='ocrx_word' id='word_1_163' title='bbox 1072 2765 1102 2819; x_wconf 89' lang='lat' dir='ltr'>et</span> <span class='ocrx_word' id='word_1_164' title='bbox 1119 2760 1281 2837; x_wconf 74' lang='lat' dir='ltr'>presentes</span> <span class='ocrx_word' id='word_1_165' title='bbox 1291 2770 1341 2815; x_wconf 91' lang='lat' dir='ltr'>eo·</span> 
     </span>
     <span class='ocr_line' id='line_1_22' title="bbox 266 2855 1339 2940; baseline -0.003 -23"><span class='ocrx_word' id='word_1_166' title='bbox 266 2873 328 2920; x_wconf 89' lang='lat' dir='ltr'>rum</span> <span class='ocrx_word' id='word_1_167' title='bbox 342 2855 550 2939; x_wconf 76' lang='lat' dir='ltr'>necessitates,</span> <span class='ocrx_word' id='word_1_168' title='bbox 570 2867 600 2922; x_wconf 91' lang='lat' dir='ltr'>et</span> <span class='ocrx_word' id='word_1_169' title='bbox 608 2863 709 2924; x_wconf 87' lang='lat' dir='ltr'>media</span> <span class='ocrx_word' id='word_1_170' title='bbox 718 2862 862 2940; x_wconf 84' lang='lat' dir='ltr'>quaelibet</span> <span class='ocrx_word' id='word_1_171' title='bbox 871 2861 908 2923; x_wconf 89' lang='lat' dir='ltr'>ad</span> <span class='ocrx_word' id='word_1_172' title='bbox 923 2877 1030 2924; x_wconf 89' lang='lat' dir='ltr'>eorum</span> <span class='ocrx_word' id='word_1_173' title='bbox 1041 2858 1257 2939; x_wconf 84' lang='lat' dir='ltr'>perlectionem</span> <span class='ocrx_word' id='word_1_174' title='bbox 1272 2870 1339 2935; x_wconf 91' lang='lat' dir='ltr'>pro·</span> 
     </span>
     <span class='ocr_line' id='line_1_23' title="bbox 266 2961 1047 3037; baseline 0.005 -20"><span class='ocrx_word' id='word_1_175' title='bbox 266 2961 445 3022; x_wconf 83' lang='lat' dir='ltr'>merendam</span> <span class='ocrx_word' id='word_1_176' title='bbox 458 2961 574 3023; x_wconf 88' lang='lat' dir='ltr'>idonea.</span> <span class='ocrx_word' id='word_1_177' title='bbox 690 2975 694 2984; x_wconf 87' lang='lat'><em>·</em></span> <span class='ocrx_word' id='word_1_178' title='bbox 995 2984 1000 2995; x_wconf 90' lang='lat'>·</span> <span class='ocrx_word' id='word_1_179' title='bbox 1043 3029 1047 3037; x_wconf 49' lang='grc'><strong><em>,</em></strong></span> 
     </span>
    </p>

    <p class='ocr_par' dir='ltr' id='par_1_5' title="bbox 265 3053 1343 3339">
     <span class='ocr_line' id='line_1_24' title="bbox 304 3053 1343 3138; baseline -0.007 -18"><span class='ocrx_word' id='word_1_180' title='bbox 304 3061 390 3122; x_wconf 78' lang='lat'>1249.</span> <span class='ocrx_word' id='word_1_181' title='bbox 404 3063 478 3123; x_wconf 73' lang='lat' dir='ltr'>lus.</span> <span class='ocrx_word' id='word_1_182' title='bbox 495 3060 579 3124; x_wconf 77' lang='lat'><strong>617¹.</strong></span> <span class='ocrx_word' id='word_1_183' title='bbox 603 3063 824 3124; x_wconf 77' lang='lat' dir='ltr'>-Auctoritas</span> <span class='ocrx_word' id='word_1_184' title='bbox 839 3060 1031 3124; x_wconf 85' lang='lat' dir='ltr'>ethnarcbica</span> <span class='ocrx_word' id='word_1_185' title='bbox 1043 3059 1177 3138; x_wconf 91' lang='lat' dir='ltr'>primum</span> <span class='ocrx_word' id='word_1_186' title='bbox 1189 3053 1343 3132; x_wconf 82' lang='lat' dir='ltr'>quotidem</span> 
     </span>
     <span class='ocr_line' id='line_1_25' title="bbox 266 3157 1342 3241; baseline -0.005 -24"><span class='ocrx_word' id='word_1_187' title='bbox 266 3157 445 3241; x_wconf 87' lang='lat' dir='ltr'>principium</span> <span class='ocrx_word' id='word_1_188' title='bbox 458 3161 614 3240; x_wconf 90' lang='lat' dir='ltr'>politicum</span> <span class='ocrx_word' id='word_1_189' title='bbox 636 3164 722 3240; x_wconf 89' lang='lat' dir='ltr'>sequi</span> <span class='ocrx_word' id='word_1_190' title='bbox 742 3162 841 3238; x_wconf 90' lang='lat' dir='ltr'>debet,</span> <span class='ocrx_word' id='word_1_191' title='bbox 863 3161 945 3240; x_wconf 93' lang='lat' dir='ltr'>quod</span> <span class='ocrx_word' id='word_1_192' title='bbox 969 3157 1127 3220; x_wconf 89' lang='lat' dir='ltr'>nonaliud</span> <span class='ocrx_word' id='word_1_193' title='bbox 1148 3171 1216 3218; x_wconf 89' lang='lat' dir='ltr'>esse</span> <span class='ocrx_word' id='word_1_194' title='bbox 1234 3159 1342 3232; x_wconf 89' lang='lat' dir='ltr'>potest,</span> 
     </span>
     <span class='ocr_line' id='line_1_26' title="bbox 265 3260 850 3339; baseline 0.009 -22"><span class='ocrx_word' id='word_1_195' title='bbox 265 3271 350 3332; x_wconf 89' lang='lat' dir='ltr'>quam</span> <span class='ocrx_word' id='word_1_196' title='bbox 360 3260 441 3339; x_wconf 90' lang='lat' dir='ltr'>justi</span> <span class='ocrx_word' id='word_1_197' title='bbox 452 3260 614 3322; x_wconf 82' lang='lat' dir='ltr'>ethonesti</span> <span class='ocrx_word' id='word_1_198' title='bbox 627 3261 850 3322; x_wconf 76' lang='lat' dir='ltr'>inviolabilitas.</span> 
     </span>
    </p>

    <p class='ocr_par' dir='ltr' id='par_1_6' title="bbox 266 3351 1349 4343">
     <span class='ocr_line' id='line_1_27' title="bbox 302 3351 1344 3422; baseline -0.007 -4"><span class='ocrx_word' id='word_1_199' title='bbox 302 3360 391 3421; x_wconf 86' lang='lat' dir='ltr'>Paos.</span> <span class='ocrx_word' id='word_1_200' title='bbox 413 3361 447 3418; x_wconf 75' lang='lat' dir='ltr'>t·</span> <span class='ocrx_word' id='word_1_201' title='bbox 466 3373 550 3422; x_wconf 81' lang='lat' dir='ltr'>rans.</span> <span class='ocrx_word' id='word_1_202' title='bbox 572 3391 612 3406; x_wconf 89' lang='lat'><em>-</em></span> <span class='ocrx_word' id='word_1_203' title='bbox 631 3361 812 3422; x_wconf 85' lang='lat' dir='ltr'>Etbnarchia</span> <span class='ocrx_word' id='word_1_204' title='bbox 829 3361 867 3422; x_wconf 93' lang='lat' dir='ltr'>ad</span> <span class='ocrx_word' id='word_1_205' title='bbox 886 3377 992 3421; x_wconf 84' lang='lat' dir='ltr'>rerum</span> <span class='ocrx_word' id='word_1_206' title='bbox 1010 3358 1174 3420; x_wconf 79' lang='lat' dir='ltr'>&#39;natiouum</span> <span class='ocrx_word' id='word_1_207' title='bbox 1194 3351 1344 3416; x_wconf 82' lang='lat' dir='ltr'>consocia-</span> 
     </span>
     <span class='ocr_line' id='line_1_28' title="bbox 266 3453 1343 3532; baseline -0.002 -16"><span class='ocrx_word' id='word_1_208' title='bbox 266 3462 360 3520; x_wconf 89' lang='lat' dir='ltr'>tsmm</span> <span class='ocrx_word' id='word_1_209' title='bbox 381 3460 500 3521; x_wconf 91' lang='lat' dir='ltr'>bonurn</span> <span class='ocrx_word' id='word_1_210' title='bbox 514 3457 705 3522; x_wconf 84' lang='lat' dir='ltr'>alliciendum</span> <span class='ocrx_word' id='word_1_211' title='bbox 733 3467 793 3522; x_wconf 89' lang='lat' dir='ltr'>tote</span> <span class='ocrx_word' id='word_1_212' title='bbox 813 3461 977 3523; x_wconf 89' lang='lat' dir='ltr'>constituta</span> <span class='ocrx_word' id='word_1_213' title='bbox 999 3465 1053 3520; x_wconf 90' lang='lat' dir='ltr'>cst.</span> <span class='ocrx_word' id='word_1_214' title='bbox 1075 3457 1170 3520; x_wconf 84' lang='lat' dir='ltr'>Debet</span> <span class='ocrx_word' id='word_1_215' title='bbox 1194 3470 1267 3532; x_wconf 81' lang='lat' dir='ltr'>ergo</span> <span class='ocrx_word' id='word_1_216' title='bbox 1284 3453 1343 3514; x_wconf 87' lang='lat' dir='ltr'>hoe</span> 
     </span>
     <span class='ocr_line' id='line_1_29' title="bbox 266 3557 1345 3639; baseline -0.003 -23"><span class='ocrx_word' id='word_1_217' title='bbox 266 3573 366 3620; x_wconf 86' lang='lat' dir='ltr'>rerum</span> <span class='ocrx_word' id='word_1_218' title='bbox 386 3560 503 3620; x_wconf 91' lang='lat' dir='ltr'>bouum</span> <span class='ocrx_word' id='word_1_219' title='bbox 518 3567 604 3622; x_wconf 92' lang='lat' dir='ltr'>antea</span> <span class='ocrx_word' id='word_1_220' title='bbox 626 3577 813 3638; x_wconf 81' lang='lat' dir='ltr'>cognoscere.</span> <span class='ocrx_word' id='word_1_221' title='bbox 836 3563 928 3639; x_wconf 78' lang='lat' dir='ltr'>Atqui</span> <span class='ocrx_word' id='word_1_222' title='bbox 953 3561 1010 3620; x_wconf 91' lang='lat' dir='ltr'>boc</span> <span class='ocrx_word' id='word_1_223' title='bbox 1034 3575 1141 3620; x_wconf 85' lang='lat' dir='ltr'>rerum</span> <span class='ocrx_word' id='word_1_224' title='bbox 1155 3557 1271 3617; x_wconf 92' lang='lat' dir='ltr'>bouum</span> <span class='ocrx_word' id='word_1_225' title='bbox 1293 3569 1345 3614; x_wconf 91' lang='lat' dir='ltr'>oo·</span> 
     </span>
     <span class='ocr_line' id='line_1_30' title="bbox 267 3654 1344 3742; baseline -0.007 -21"><span class='ocrx_word' id='word_1_226' title='bbox 267 3671 405 3731; x_wconf 68' lang='lat' dir='ltr'>gnoscere</span> <span class='ocrx_word' id='word_1_227' title='bbox 422 3661 539 3738; x_wconf 91' lang='lat' dir='ltr'>nequit,</span> <span class='ocrx_word' id='word_1_228' title='bbox 555 3654 613 3722; x_wconf 88' lang='lat' dir='ltr'>nisi</span> <span class='ocrx_word' id='word_1_229' title='bbox 627 3661 711 3742; x_wconf 91' lang='lat' dir='ltr'>prius</span> <span class='ocrx_word' id='word_1_230' title='bbox 730 3660 911 3722; x_wconf 90' lang='lat' dir='ltr'>determinet</span> <span class='ocrx_word' id='word_1_231' title='bbox 925 3660 1017 3722; x_wconf 82' lang='lat' dir='ltr'>imam</span> <span class='ocrx_word' id='word_1_232' title='bbox 1031 3658 1186 3727; x_wconf 89' lang='lat' dir='ltr'>ultimum,</span> <span class='ocrx_word' id='word_1_233' title='bbox 1199 3654 1236 3714; x_wconf 90' lang='lat' dir='ltr'>ad</span> <span class='ocrx_word' id='word_1_234' title='bbox 1251 3667 1344 3732; x_wconf 92' lang='lat' dir='ltr'>quem</span> 
     </span>
     <span class='ocr_line' id='line_1_31' title="bbox 266 3751 1345 3838; baseline -0.006 -22"><span class='ocrx_word' id='word_1_235' title='bbox 266 3759 399 3822; x_wconf 73' lang='lat' dir='ltr'>natones</span> <span class='ocrx_word' id='word_1_236' title='bbox 414 3758 475 3821; x_wconf 81' lang='lat' dir='ltr'>illa</span> <span class='ocrx_word' id='word_1_237' title='bbox 489 3775 594 3822; x_wconf 86' lang='lat' dir='ltr'>omues</span> <span class='ocrx_word' id='word_1_238' title='bbox 614 3761 676 3821; x_wconf 89' lang='lat' dir='ltr'>sint</span> <span class='ocrx_word' id='word_1_239' title='bbox 699 3760 859 3838; x_wconf 84' lang='lat' dir='ltr'>ordinatae3</span> <span class='ocrx_word' id='word_1_240' title='bbox 884 3760 959 3837; x_wconf 90' lang='lat' dir='ltr'>quia</span> <span class='ocrx_word' id='word_1_241' title='bbox 977 3773 1084 3818; x_wconf 82' lang='lat' dir='ltr'>verum</span> <span class='ocrx_word' id='word_1_242' title='bbox 1096 3757 1245 3831; x_wconf 81' lang='lat' dir='ltr'>crrjusque</span> <span class='ocrx_word' id='word_1_243' title='bbox 1265 3751 1345 3812; x_wconf 87' lang='lat' dir='ltr'>eutis</span> 
     </span>
     <span class='ocr_line' id='line_1_32' title="bbox 266 3849 1345 3938; baseline -0.008 -20"><span class='ocrx_word' id='word_1_244' title='bbox 266 3857 376 3920; x_wconf 92' lang='lat' dir='ltr'>bonum</span> <span class='ocrx_word' id='word_1_245' title='bbox 400 3865 447 3921; x_wconf 91' lang='lat' dir='ltr'>est</span> <span class='ocrx_word' id='word_1_246' title='bbox 469 3859 547 3922; x_wconf 90' lang='lat' dir='ltr'>illud</span> <span class='ocrx_word' id='word_1_247' title='bbox 561 3859 671 3938; x_wconf 89' lang='lat' dir='ltr'>solum,</span> <span class='ocrx_word' id='word_1_248' title='bbox 687 3860 766 3938; x_wconf 93' lang='lat' dir='ltr'>quod</span> <span class='ocrx_word' id='word_1_249' title='bbox 784 3859 883 3922; x_wconf 93' lang='lat' dir='ltr'>ultimi</span> <span class='ocrx_word' id='word_1_250' title='bbox 898 3859 946 3918; x_wconf 85' lang='lat' dir='ltr'>sui</span> <span class='ocrx_word' id='word_1_251' title='bbox 960 3857 1030 3918; x_wconf 84' lang='lat' dir='ltr'>linis</span> <span class='ocrx_word' id='word_1_252' title='bbox 1041 3853 1283 3916; x_wconf 86' lang='lat' dir='ltr'>consecutionem</span> <span class='ocrx_word' id='word_1_253' title='bbox 1298 3849 1345 3910; x_wconf 91' lang='lat' dir='ltr'>illi</span> 
     </span>
     <span class='ocr_line' id='line_1_33' title="bbox 267 3949 1348 4039; baseline -0.007 -21"><span class='ocrx_word' id='word_1_254' title='bbox 267 3957 348 4020; x_wconf 79' lang='lat' dir='ltr'>affert</span> <span class='ocrx_word' id='word_1_255' title='bbox 361 3959 426 4039; x_wconf 81' lang='lat' dir='ltr'>(tu,</span> <span class='ocrx_word' id='word_1_256' title='bbox 438 3961 500 4037; x_wconf 76' lang='lat'><strong>20).</strong></span> <span class='ocrx_word' id='word_1_257' title='bbox 518 3963 597 4039; x_wconf 81' lang='lat' dir='ltr'>Ergo</span> <span class='ocrx_word' id='word_1_258' title='bbox 611 3959 739 4022; x_wconf 91' lang='lat' dir='ltr'>ultimus</span> <span class='ocrx_word' id='word_1_259' title='bbox 752 3961 910 4022; x_wconf 87' lang='lat' dir='ltr'>nationum</span> <span class='ocrx_word' id='word_1_260' title='bbox 924 3959 1074 4020; x_wconf 87' lang='lat' dir='ltr'>sociarum</span> <span class='ocrx_word' id='word_1_261' title='bbox 1084 3954 1233 4015; x_wconf 87' lang='lat' dir='ltr'>tinisaute</span> <span class='ocrx_word' id='word_1_262' title='bbox 1245 3949 1348 4012; x_wconf 91' lang='lat' dir='ltr'>omnia</span> 
     </span>
     <span class='ocr_line' id='line_1_34' title="bbox 267 4051 1348 4140; baseline -0.01 -21"><span class='ocrx_word' id='word_1_263' title='bbox 267 4057 511 4124; x_wconf 86' lang='lat' dir='ltr'>determinandus</span> <span class='ocrx_word' id='word_1_264' title='bbox 526 4062 571 4124; x_wconf 91' lang='lat' dir='ltr'>tlli</span> <span class='ocrx_word' id='word_1_265' title='bbox 585 4067 640 4123; x_wconf 89' lang='lat' dir='ltr'>est.</span> <span class='ocrx_word' id='word_1_266' title='bbox 663 4063 799 4123; x_wconf 82' lang='lat' dir='ltr'>lamvero</span> <span class='ocrx_word' id='word_1_267' title='bbox 811 4060 964 4140; x_wconf 86' lang='lat' dir='ltr'>judicium</span> <span class='ocrx_word' id='word_1_268' title='bbox 985 4073 1050 4136; x_wconf 90' lang='lat' dir='ltr'>quo</span> <span class='ocrx_word' id='word_1_269' title='bbox 1061 4056 1133 4117; x_wconf 85' lang='lat' dir='ltr'>finis</span> <span class='ocrx_word' id='word_1_270' title='bbox 1146 4056 1202 4115; x_wconf 88' lang='lat' dir='ltr'>iste</span> <span class='ocrx_word' id='word_1_271' title='bbox 1219 4051 1348 4113; x_wconf 89' lang='lat' dir='ltr'>ultimus</span> 
     </span>
     <span class='ocr_line' id='line_1_35' title="bbox 268 4148 1349 4239; baseline -0.006 -19"><span class='ocrx_word' id='word_1_272' title='bbox 268 4157 493 4239; x_wconf 86' lang='lat' dir='ltr'>determinatur,</span> <span class='ocrx_word' id='word_1_273' title='bbox 517 4161 596 4222; x_wconf 90' lang='lat' dir='ltr'>nihil</span> <span class='ocrx_word' id='word_1_274' title='bbox 621 4159 703 4222; x_wconf 91' lang='lat' dir='ltr'>aliud</span> <span class='ocrx_word' id='word_1_275' title='bbox 727 4165 772 4222; x_wconf 90' lang='lat' dir='ltr'>cst</span> <span class='ocrx_word' id='word_1_276' title='bbox 792 4175 885 4238; x_wconf 87' lang='lat' dir='ltr'>quam</span> <span class='ocrx_word' id='word_1_277' title='bbox 907 4161 1041 4239; x_wconf 92' lang='lat' dir='ltr'>primum</span> <span class='ocrx_word' id='word_1_278' title='bbox 1063 4151 1215 4233; x_wconf 88' lang='lat' dir='ltr'>quoddam</span> <span class='ocrx_word' id='word_1_279' title='bbox 1239 4148 1349 4230; x_wconf 74' lang='lat' dir='ltr'>princi·</span> 
     </span>
     <span class='ocr_line' id='line_1_36' title="bbox 270 4259 969 4343; baseline 0.003 -24"><span class='ocrx_word' id='word_1_280' title='bbox 270 4259 351 4336; x_wconf 85' lang='lat' dir='ltr'>pium</span> <span class='ocrx_word' id='word_1_281' title='bbox 366 4261 535 4340; x_wconf 66' lang='lat' dir='ltr'>politicum:</span> <span class='ocrx_word' id='word_1_282' title='bbox 551 4263 639 4340; x_wconf 80' lang='lat' dir='ltr'>Ergo,</span> <span class='ocrx_word' id='word_1_283' title='bbox 656 4267 713 4323; x_wconf 91' lang='lat' dir='ltr'>etc.</span> <span class='ocrx_word' id='word_1_284' title='bbox 964 4336 969 4343; x_wconf 73' lang='lat'>,</span> 
     </span>
    </p>

    <p class='ocr_par' dir='ltr' id='par_1_7' title="bbox 267 4353 1354 4935">
     <span class='ocr_line' id='line_1_37' title="bbox 308 4353 1349 4439; baseline -0.01 -16"><span class='ocrx_word' id='word_1_285' title='bbox 308 4363 403 4424; x_wconf 65' lang='lat' dir='ltr'>hon.</span> <span class='ocrx_word' id='word_1_286' title='bbox 420 4367 450 4423; x_wconf 69' lang='lat'>2⁰</span> <span class='ocrx_word' id='word_1_287' title='bbox 466 4378 552 4427; x_wconf 78' lang='lat' dir='ltr'>raas.</span> <span class='ocrx_word' id='word_1_288' title='bbox 569 4361 607 4408; x_wconf 78' lang='grc'>’-</span> <span class='ocrx_word' id='word_1_289' title='bbox 621 4363 805 4426; x_wconf 84' lang='lat' dir='ltr'>Ethuarcbia</span> <span class='ocrx_word' id='word_1_290' title='bbox 823 4361 1023 4426; x_wconf 83' lang='lat' dir='ltr'>essentialiter</span> <span class='ocrx_word' id='word_1_291' title='bbox 1045 4365 1089 4423; x_wconf 88' lang='lat' dir='ltr'>eat</span> <span class='ocrx_word' id='word_1_292' title='bbox 1109 4362 1230 4439; x_wconf 89' lang='lat' dir='ltr'>propter</span> <span class='ocrx_word' id='word_1_293' title='bbox 1243 4353 1349 4435; x_wconf 88' lang='lat' dir='ltr'>politi·</span> 
     </span>
     <span class='ocr_line' id='line_1_38' title="bbox 268 4452 1351 4541; baseline -0.006 -21"><span class='ocrx_word' id='word_1_294' title='bbox 268 4473 337 4520; x_wconf 92' lang='lat' dir='ltr'>cum</span> <span class='ocrx_word' id='word_1_295' title='bbox 351 4463 543 4541; x_wconf 81' lang='lat' dir='ltr'>singularum</span> <span class='ocrx_word' id='word_1_296' title='bbox 565 4465 724 4527; x_wconf 89' lang='lat' dir='ltr'>nationum</span> <span class='ocrx_word' id='word_1_297' title='bbox 738 4463 952 4526; x_wconf 80' lang='lat' dir='ltr'>associatorum</span> <span class='ocrx_word' id='word_1_298' title='bbox 978 4464 1094 4524; x_wconf 92' lang='lat' dir='ltr'>bonum</span> <span class='ocrx_word' id='word_1_299' title='bbox 1110 4459 1224 4538; x_wconf 78' lang='lat' dir='ltr'>(rme).</span> <span class='ocrx_word' id='word_1_300' title='bbox 1248 4452 1351 4518; x_wconf 82' lang='lat' dir='ltr'>Politi-</span> 
     </span>
     <span class='ocr_line' id='line_1_39' title="bbox 267 4549 1353 4640; baseline -0.007 -22"><span class='ocrx_word' id='word_1_301' title='bbox 267 4572 335 4618; x_wconf 93' lang='lat' dir='ltr'>cum</span> <span class='ocrx_word' id='word_1_302' title='bbox 347 4568 451 4622; x_wconf 74' lang='lat' dir='ltr'>auum</span> <span class='ocrx_word' id='word_1_303' title='bbox 462 4564 706 4640; x_wconf 89' lang='lat' dir='ltr'>uniuscujusque</span> <span class='ocrx_word' id='word_1_304' title='bbox 719 4563 850 4624; x_wconf 87' lang='lat' dir='ltr'>nationis</span> <span class='ocrx_word' id='word_1_305' title='bbox 863 4561 982 4623; x_wconf 91' lang='lat' dir='ltr'>bonum</span> <span class='ocrx_word' id='word_1_306' title='bbox 999 4558 1201 4621; x_wconf 87' lang='lat' dir='ltr'>essentialiter</span> <span class='ocrx_word' id='word_1_307' title='bbox 1215 4554 1252 4616; x_wconf 87' lang='lat' dir='ltr'>ad</span> <span class='ocrx_word' id='word_1_308' title='bbox 1265 4549 1353 4613; x_wconf 83' lang='lat' dir='ltr'>civile</span> 
     </span>
     <span class='ocr_line' id='line_1_40' title="bbox 269 4653 1352 4744; baseline -0.006 -22"><span class='ocrx_word' id='word_1_309' title='bbox 269 4657 384 4722; x_wconf 90' lang='lat' dir='ltr'>bonum</span> <span class='ocrx_word' id='word_1_310' title='bbox 405 4663 587 4744; x_wconf 91' lang='lat' dir='ltr'>populorum</span> <span class='ocrx_word' id='word_1_311' title='bbox 611 4663 725 4741; x_wconf 87' lang='lat' dir='ltr'>quibus</span> <span class='ocrx_word' id='word_1_312' title='bbox 750 4661 801 4722; x_wconf 87' lang='lat' dir='ltr'>illa</span> <span class='ocrx_word' id='word_1_313' title='bbox 823 4667 951 4737; x_wconf 91' lang='lat' dir='ltr'>constat,</span> <span class='ocrx_word' id='word_1_314' title='bbox 975 4659 1213 4734; x_wconf 86' lang='lat' dir='ltr'>subordinatur(</span> <span class='ocrx_word' id='word_1_315' title='bbox 1234 4655 1307 4730; x_wconf 82' lang='lat' dir='ltr'>eto,</span> <span class='ocrx_word' id='word_1_316' title='bbox 1328 4653 1352 4731; x_wconf 73' lang='lat' dir='ltr'>l·</span> 
     </span>
     <span class='ocr_line' id='line_1_41' title="bbox 271 4747 1354 4838; baseline -0.006 -18"><span class='ocrx_word' id='word_1_317' title='bbox 271 4760 360 4838; x_wconf 75' lang='lat' dir='ltr'>aqui</span> <span class='ocrx_word' id='word_1_318' title='bbox 375 4763 464 4824; x_wconf 91' lang='lat' dir='ltr'>etiarn</span> <span class='ocrx_word' id='word_1_319' title='bbox 476 4763 566 4826; x_wconf 86' lang='lat' dir='ltr'>civile</span> <span class='ocrx_word' id='word_1_320' title='bbox 579 4763 637 4825; x_wconf 92' lang='lat' dir='ltr'>boc</span> <span class='ocrx_word' id='word_1_321' title='bbox 649 4763 765 4825; x_wconf 92' lang='lat' dir='ltr'>bonum</span> <span class='ocrx_word' id='word_1_322' title='bbox 779 4767 876 4824; x_wconf 90' lang='lat' dir='ltr'>totum</span> <span class='ocrx_word' id='word_1_323' title='bbox 893 4779 929 4823; x_wconf 84' lang='lat' dir='ltr'>ex</span> <span class='ocrx_word' id='word_1_324' title='bbox 943 4765 1060 4822; x_wconf 79' lang='lat' dir='ltr'>naturae</span> <span class='ocrx_word' id='word_1_325' title='bbox 1079 4759 1201 4836; x_wconf 76' lang='lat' dir='ltr'>legibus</span> <span class='ocrx_word' id='word_1_326' title='bbox 1218 4747 1354 4817; x_wconf 84' lang='lat' dir='ltr'>subordi‘</span> 
     </span>
     <span class='ocr_line' id='line_1_42' title="bbox 279 4854 1353 4935; baseline -0.007 -15"><span class='ocrx_word' id='word_1_327' title='bbox 279 4865 369 4921; x_wconf 86' lang='lat' dir='ltr'>natur</span> <span class='ocrx_word' id='word_1_328' title='bbox 380 4862 415 4922; x_wconf 91' lang='lat' dir='ltr'>ad</span> <span class='ocrx_word' id='word_1_329' title='bbox 431 4862 546 4925; x_wconf 89' lang='lat' dir='ltr'>bonum</span> <span class='ocrx_word' id='word_1_330' title='bbox 565 4863 750 4924; x_wconf 80' lang='lat' dir='ltr'>familiamm</span> <span class='ocrx_word' id='word_1_331' title='bbox 768 4868 798 4922; x_wconf 90' lang='lat' dir='ltr'>et</span> <span class='ocrx_word' id='word_1_332' title='bbox 813 4861 1053 4933; x_wconf 85' lang='lat' dir='ltr'>individuorum,</span> <span class='ocrx_word' id='word_1_333' title='bbox 1067 4857 1177 4935; x_wconf 91' lang='lat' dir='ltr'>quibus</span> <span class='ocrx_word' id='word_1_334' title='bbox 1189 4854 1287 4924; x_wconf 85' lang='lat' dir='ltr'>civilis</span> <span class='ocrx_word' id='word_1_335' title='bbox 1300 4869 1353 4924; x_wconf 78' lang='lat' dir='ltr'>so·</span> 
     </span>
    </p>
   </div>
   <div class='ocr_carea' id='block_1_3' title="bbox 0 0 1800 5675">
    <p class='ocr_par' dir='ltr' id='par_1_8' title="bbox 0 0 1800 5675">
     <span class='ocr_line' id='line_1_43' title="bbox 0 0 1800 5675; baseline 0 0"><span class='ocrx_word' id='word_1_336' title='bbox 0 0 1800 5675; x_wconf 95' lang='lat' dir='ltr'> </span> 
     </span>
    </p>
   </div>
  </div>
 </body>
</html>
