3559 5675
451 757 512 820 tot
858 789 937 834 rents
958 793 1116 838 pertinetis

454 879 483 936 t·
504 887 655 955 quaeretur
677 902 695 953 e
722 887 820 962 nobis,
844 893 969 967 quinam
991 895 1052 956 sint
1075 895 1108 956 hi
1130 899 1208 960 seori
1230 899 1320 972 iibri,
1343 907 1516 979 etquntnto

458 982 576 1046 criterio
589 1003 606 1048 a
618 989 728 1052 raeterir
740 992 826 1056 libris
838 995 1044 1060 discernantur
1055 1004 1104 1074 32⁰
1117 986 1232 1063 de'rero
1244 1020 1336 1064 senen
1344 1021 1447 1066 eorum
1456 1021 1520 1079 (pre

457 1083 487 1144 in
499 1079 546 1146 iris
558 1085 645 1150 libris
656 1095 746 1156 oneris
760 1096 931 1174 traduntur,
946 1101 1109 1180 sepissime
1123 1103 1319 1174 dubitabitur,
1331 1121 1429 1182 neque
1441 1105 1519 1164 nitur

450 1198 545 1260 ederit
556 1202 665 1266 modus
676 1220 754 1267 rere
768 1204 1021 1282 interpretationis
1034 1222 1052 1266 a
1063 1204 1141 1268 tntse
1153 1204 1389 1281 distinguente:
1410 1207 1441 1266 3·
1451 1223 1519 1283 pre·

448 1305 491 1360 ter
503 1317 537 1362 eo
550 1318 618 1378 oure
637 1303 668 1366 in
683 1305 774 1368 saeris
788 1305 875 1368 tibris
899 1305 1103 1378 eontinentur,
1127 1306 1225 1383 potnit
1243 1303 1382 1368 Christus
1394 1305 1455 1365 elie
1466 1304 1518 1364 do-

445 1413 510 1460 oere
522 1416 555 1462 eo
567 1403 738 1482 preripere,
750 1421 819 1482 qrrte
830 1420 891 1466 noo
906 1403 1020 1466 inerint
1030 1404 1150 1481 scripte,
1165 1403 1217 1464 sed
1230 1421 1283 1464 ore
1293 1409 1384 1466 tonus
1396 1405 1518 1482 Aposto-

445 1499 484 1562 lie
499 1501 616 1578 tradite,
630 1509 659 1571 et
672 1505 710 1568 nb
723 1504 772 1566 hio
784 1505 925 1584 deineeps
935 1505 1022 1583 quest
1036 1522 1090 1584 per
1101 1521 1210 1566 manns
1225 1505 1413 1567 transmisso.

484 1601 572 1676 Ergo,
589 1603 647 1667 nisi
657 1605 742 1666 rivus
758 1605 869 1684 aliquis
884 1623 919 1669 ee
931 1611 1093 1682 perpetuos
1107 1622 1259 1667 merorum
1270 1605 1418 1669 timorum
1432 1606 1519 1666 inter·

442 1715 523 1774 pros,
537 1700 676 1764 doetrinor
692 1703 800 1766 Christi
822 1704 970 1768 rrnireroae
985 1709 1099 1778 enetos,
1112 1711 1142 1767 et
1160 1706 1432 1769 eontrorereierr‘rm
1442 1704 1518 1764 oiree

441 1795 519 1860 inmo
532 1798 694 1864 doctrinam
709 1803 902 1866 errbortenrm
917 1802 1008 1880 judex
1021 1804 1060 1865 eit
1078 1803 1227 1866 odhrieto
1247 1805 1376 1867 Domino
1388 1804 1421 1866 in
1435 1802 1517 1863 terrio

442 1895 574 1972 relictus,
587 1916 676 1962 nemo
689 1902 796 1979 poterit
809 1919 945 1980 unquam
964 1903 1022 1964 sihi
1033 1920 1100 1964 esse
1111 1904 1262 1978 conscius,
1280 1919 1313 1964 se
1324 1902 1435 1964 Christi
1451 1901 1517 1962 dor·

443 1994 551 2061 trinam
569 1999 674 2060 seotari
694 2005 724 2060 et
741 2017 864 2063 omnem
881 2002 966 2062 illem
984 2001 1143 2080 amplecti3
1158 2001 1244 2062 nulio
1263 2002 1355 2062 etiam
1367 2003 1446 2063 retio
1466 2017 1517 2062 su·

440 2095 549 2169 pererit
559 2111 636 2160 verm
649 2095 819 2162 ehrirtienor
831 2101 970 2166 Eeeierin
984 2100 1206 2180 dignosoendae.

481 2193 583 2272 Neque
596 2196 678 2260 enim
693 2216 854 2278 possumus
873 2198 1027 2267 Christum
1046 2201 1146 2281 ipsum
1160 2199 1256 2273 adire,
1270 2205 1305 2270 ut
1317 2199 1357 2260 ob
1371 2215 1409 2260 eo
1425 2198 1516 2261 dirre-

442 2309 511 2356 mus
523 2296 649 2372 quinem
664 2299 724 2360 sint
734 2299 805 2362 iibri
820 2301 909 2376 seori,
924 2303 991 2378 eius
1004 2300 1171 2362 doctrinam
1186 2300 1385 2368 continentes,
1397 2297 1516 2376 quinem

440 2410 531 2458 renus
542 2396 675 2462 tororum
688 2399 858 2462 difficilium
867 2417 986 2474 sensus,
996 2415 1136 2479 quaenom
1145 2403 1287 2478 preterea
1299 2398 1363 2478 ipse
1373 2393 1517 2475 Apostntie

445 2494 600 2558 tradiderit
623 2497 655 2562 in
670 2515 774 2564 saeros
791 2499 886 2562 libros
906 2501 1034 2560 minime
1052 2499 1154 2560 retote.
1170 2531 1209 2560 -.·
1227 2497 1312 2570 erod
1332 2513 1403 2559 rere
1425 2494 1513 2574 aliqui

442 2598 601 2658 autumni
621 2596 767 2675 peculiari
788 2598 1016 2676 inspirationes
1036 2600 1096 2661 neo
1112 2597 1241 2674 singuiis
1261 2596 1436 2660 hominihus
1458 2594 1517 2655 heo

443 2691 544 2758 omnio
558 2694 754 2770 manifestari.
769 2697 873 2778 putida
887 2697 996 2759 tenena
1006 2701 1051 2765 est
1061 2695 1097 2756 ed
1111 2696 1314 2772 quorumdam
1327 2694 1517 2776 pervicaciam

443 2791 601 2869 tegendam
621 2795 763 2881 invento;
785 2815 877 2879 quam
896 2797 1027 2882 protetio
1048 2795 1193 2864 evidentis
1215 2795 1355 2860 falsitatis
1377 2789 1519 2860 morinen

444 2890 554 2955 tentum
574 2899 724 2969 constans,
749 2898 921 2983 universate
939 2902 969 2958 et
989 2896 1225 2974 apertissimum.
1246 2893 1368 2955 infinita
1393 2904 1517 2967 namque

444 2990 677 3071 christianorum
689 2995 853 3070 multitudo
865 3002 955 3073 negot
963 2996 1060 3061 ullam
1072 2995 1129 3059 sibi
1138 2994 1286 3071 ejusmodi
1299 2992 1517 3071 inspirationem

443 3090 587 3159 divinitus
607 3097 741 3160 immitti.
758 3099 872 3163 Eorum
890 3113 961 3170 pero
980 3094 1126 3173 quinem
1140 3093 1391 3169 sintartritruunt.
1410 3090 1516 3158 tondum

445 3193 635 3259 mendatium
654 3196 806 3259 evidenter
816 3197 944 3275 probant
957 3194 1082 3260 diverse
1094 3195 1307 3271 contrarieque
1321 3193 1517 3271 opinationes,

446 3294 610 3373 quocirca
624 3310 722 3357 unum
736 3294 940 3372 eumdemque
953 3295 1173 3373 seripturarum
1188 3294 1288 3359 torum
1303 3292 1347 3355 int
1361 3290 1517 3371 sepissime
1609 3307 1610 3310 κ

448 3396 598 3454 sectantur
615 3411 623 3453 :
638 3392 719 3473 quod
740 3392 870 3473 protecto
881 3392 947 3460 fieri
961 3394 1046 3463 nullo
1060 3393 1150 3457 modo
1164 3400 1275 3472 posset,
1295 3394 1319 3471 ei
1337 3392 1439 3459 divine
1457 3388 1517 3462 iilos
1608 3429 1609 3438 r

447 3487 614 3566 inspiratio,
629 3509 696 3569 que
710 3492 767 3555 sihi
786 3493 851 3575 ipsa
869 3493 1069 3560 contradicere
1091 3494 1207 3574 nequit,
1226 3492 1307 3559 bone
1325 3492 1385 3557 tide
1407 3486 1517 3553 ausent-

447 3592 542 3663 tantes
555 3595 681 3667 regeret.
1608 3659 1609 3672 ἶ

486 3686 573 3763 Ergo.
586 3694 621 3750 ut
632 3690 771 3772 Eoolosiaej
791 3693 960 3762 oeristianae
970 3691 1038 3757 tetis
1050 3687 1353 3761 otetneturdednitio‚
1370 3691 1513 3766 enjnsnpe

446 3786 540 3863 possit
550 3785 613 3863 hee
631 3792 755 3859 societas
768 3796 920 3873 cognosci,
937 3800 965 3867 si
975 3794 1068 3873 possit
1081 3793 1210 3871 quisque
1222 3790 1302 3871 apud
1314 3778 1514 3863 se'dtjmtierre

444 3889 548 3955 utrum
567 3888 677 3967 ipsein
695 3890 751 3971 hee
768 3892 908 3960 societate
923 3895 974 3969 sit,
990 3908 1053 3962 pnn
1067 3890 1178 3953 suffieit
1197 3890 1276 3964 hane
1295 3890 1464 3953 sociotatem
1477 3880 1514 3940 sio

444 3982 621 4069 describere,
638 3994 719 4059 utod
736 3995 822 4065 ittam
836 3996 977 4061 dicemur
991 3995 1140 4074 pertinere
1153 3994 1328 4074 mriennqttt
1347 3987 1441 4051 epeia
1454 3996 1514 4063 tt*¹ae

445 4084 582 4153 Christus
596 4092 696 4157 docuit
711 4102 743 4159 ot
758 4097 898 4177 proecepit
911 4094 1117 4175 profiteantur,
1132 4094 1184 4154 red
1197 4090 1440 4154 determinandus
1451 4096 1514 4163 pr&

444 4190 524 4249 terea
544 4197 589 4251 est
613 4192 645 4253 in
659 4195 762 4259 eedem
788 4196 961 4263 definitione
980 4193 1100 4263 modus,
1118 4210 1178 4269 qno
1199 4192 1373 4269 dignoscere
1395 4186 1512 4267 (tuditi

442 4286 550 4365 possit,
575 4294 701 4369 quinem
722 4294 870 4367 homines,
887 4311 1028 4375 qrraenam
1051 4293 1175 4355 soeietee
1189 4292 1369 4372 profitentur
1391 4280 1513 4349 operiat

441 4380 558 4451 Christo
572 4392 700 4455 Domino
714 4395 820 4459 tradito
831 4403 861 4459 et
875 4400 1036 4474 praeoepte.

482 4482 569 4549 Hune
580 4494 681 4553 eutem
694 4492 818 4564 modum
831 4511 847 4555 a
860 4495 978 4557 Christo
990 4494 1055 4573 ipen
1070 4492 1224 4565 Servetnre
1235 4492 1411 4553 institutum
1423 4482 1509 4545 hane·

442 4596 528 4659 muti
543 4602 718 4665 wittorum
732 4591 846 4657 seilicet
859 4594 1067 4671 magisterium
1084 4594 1209 4655 Romani
1222 4590 1385 4664 Pontificio,
1401 4584 1451 4665 qni
1468 4579 1505 4639 ert

435 4680 506 4755 d'lft
520 4682 621 4755 divino
632 4707 775 4753 successor·
787 4690 866 4759 beati
881 4693 974 4764 Petri,
994 4690 1145 4778 Principio
1160 4691 1382 4773 Apostolorum,
1391 4694 1418 4748 et
1432 4690 1506 4743 verro

440 4775 556 4846 Cdrt'ttt'
572 4780 718 4867 troarne,
734 4797 761 4855 rt
773 4794 902 4862 omnium
910 4793 1138 4866 christianorum
1148 4800 1236 4879 pote·
1244 4800 1271 4855 et
1282 4789 1384 4868 doctor·
1396 4774 1497 4867 (tosti-
