3559 5675
448 801 506 859 rso
854 817 934 863 sums
955 819 1114 864 strenuus

446 922 549 1002 patrie
568 937 702 982 amorem
724 929 894 983 convertere
917 922 1015 984 solent
1036 923 1072 984 ad
1090 923 1252 1003 ampliores
1272 921 1316 1012 illi
1338 927 1433 982 terras
1447 923 1478 982 ri
1497 928 1524 983 et

448 1021 540 1082 armis
565 1021 763 1100 occupandas.
790 1022 827 1081 At
850 1023 953 1101 populi
976 1023 1118 1082 humanis
1141 1023 1255 1082 artibus
1273 1020 1396 1096 exculti,
1420 1037 1525 1098 quam·

445 1135 565 1198 cunque
579 1121 750 1199 reipublice
772 1123 1011 1198 magnitudinem
1029 1123 1126 1182 ordini
1141 1128 1171 1183 et
1179 1123 1305 1200 justitie
1322 1121 1524 1184 subordinan-

447 1217 502 1296 les,
517 1223 619 1298 patrie
634 1237 766 1282 amorem
781 1223 822 1282 ita
841 1223 989 1283 moderari
1012 1222 1131 1295 debent,
1147 1229 1182 1281 nt
1210 1223 1310 1282 omnis
1333 1221 1454 1298 generis
1480 1221 1525 1280 in-

443 1327 593 1382 crementa
621 1321 662 1381 rei
689 1321 816 1400 publicae
842 1339 961 1401 semper
978 1341 1032 1403 per
1053 1323 1130 1400 juris
1154 1339 1262 1395 usum,
1288 1336 1451 1398 nunqnam
1473 1337 1526 1397 per

443 1419 626 1492 violentiam,
643 1427 786 1500 querant.

482 1517 612 1582 Conone.
629 1525 659 1580 2.
676 1555 715 1566 -
728 1524 841 1584 Sensus
863 1523 1034 1597 actionariis,
1053 1539 1107 1582 sou
1126 1522 1249 1599 spiritus
1268 1519 1422 1600 publicus,
1436 1519 1525 1592 cujus

444 1621 628 1682 conservatio
649 1628 764 1682 certum
782 1623 892 1682 amoris
908 1623 994 1702 patrii
1008 1627 1219 1697 argumentum
1232 1627 1293 1697 est,
1308 1620 1421 1697 duplici
1436 1617 1526 1678 modo

445 1721 599 1781 immutari
611 1725 706 1800 potest
719 1737 728 1780 ε
743 1719 791 1782 vel
802 1721 1013 1800 perfectionem
1028 1719 1219 1799 acquirendo,
1234 1721 1282 1780 vel
1306 1722 1337 1779 in
1355 1719 1525 1797 corruptio·

445 1837 518 1882 nem
532 1820 682 1880 abeundo.
699 1823 735 1882 Et
749 1825 781 1880 l0
794 1821 917 1898 quidem
936 1838 1042 1882 sensus
1063 1819 1221 1882 nationalis
1243 1821 1395 1899 perficitur
1420 1818 1526 1878 eadem

443 1921 558 1980 rationo
577 1935 637 1998 qua
649 1920 771 1981 societas
787 1925 816 1980 et
829 1921 860 1980 in
871 1921 974 1982 ordine
985 1921 1090 1981 morali
1104 1927 1133 1982 et
1149 1921 1180 1980 in
1194 1919 1340 1980 materiali
1357 1917 1444 1980 cultu
1456 1935 1526 1998 per·

444 2019 557 2080 ficitur.
575 2022 693 2082 Etenim
708 2020 955 2082 moralisordinis
968 2021 1045 2102 opud
1061 2024 1155 2083 socios
1165 2023 1305 2100 perfectio
1319 2028 1348 2080 et
1359 2037 1461 2080 mores
1472 2037 1527 2101 pn·

443 2117 539 2180 blicos
561 2120 789 2196 emendatiores,
802 2127 829 2182 et
843 2123 948 2182 delicta
962 2123 1084 2190 rariora.
1100 2128 1130 2182 et
1147 2137 1251 2201 peenas
1272 2119 1407 2181 mitiores
1421 2122 1526 2198 paula·

442 2219 498 2278 tim
513 2219 885 2284 reddit.Cori1meroiorum
898 2231 999 2283 autem
1019 2223 1176 2282 socialium
1197 2221 1294 2299 quoad
1316 2222 1526 2282 extensionem

443 2320 583 2400 perfectio
593 2323 705 2382 sensim
729 2324 945 2384 insacietatem
961 2323 1075 2383 inducit
1089 2322 1268 2401 prudentem
1280 2323 1446 2399 quemdam
1468 2343 1527 2384 coe·

444 2420 681 2500 mopofr'tr'smum.
696 2425 751 2483 Per
765 2439 832 2482 eam
849 2425 961 2500 quiippe
974 2424 1046 2482 socii
1059 2427 1236 2482 assuescunt
1247 2437 1351 2482 omnes
1368 2423 1452 2483 orbis
1470 2429 1528 2484 ter-

449 2537 551 2580 rarum
569 2521 695 2600 populos
714 2529 845 2601 spectare
866 2529 1008 2599 tauquam
1022 2522 1125 2600 plures
1140 2523 1233 2582 unius
1246 2523 1393 2582 societatis
1406 2523 1528 2584 unirer·

447 2618 519 2680 selis
534 2617 676 2694 familias,
691 2623 765 2698 quin
792 2627 891 2680 tamen
919 2621 1080 2700 peculiaris
1109 2638 1180 2699 erga
1207 2637 1293 2681 suam
1315 2623 1528 2699 particularem

452 2719 620 2780 societatem
650 2737 734 2780 emor
757 2721 865 2782 idcirco
891 2722 1058 2782 minuatur.
1080 2721 1185 2782 Cultus
1208 2721 1339 2799 deniqne
1363 2722 1530 2783 materialis

451 2819 590 2899 perfectio
610 2826 638 2880 et
653 2837 772 2885 morum
786 2822 953 2883 urbanitate
963 2841 1000 2883 ac
1013 2823 1169 2897 suavitate,
1179 2830 1209 2882 et
1220 2824 1349 2884 restium
1365 2821 1485 2898 decore,
1501 2828 1530 2885 et

358 2984 363 2997 ,
455 2920 602 2981 domuum
610 2923 816 2985 commoditate
832 2924 1085 2985 externaslormas
1093 2924 1216 2985 sociales
1224 2925 1344 3003 expolit,
1352 2927 1530 3002 animosque

449 3019 566 3081 emollit
588 3024 661 3099 quin
687 3031 890 3101 concremet,
917 3026 956 3084 ita
976 3030 1030 3101 ut,
1052 3029 1118 3102 post
1135 3024 1247 3100 aliquot
1267 3024 1363 3084 lustra
1375 3024 1426 3084 rel
1440 3025 1530 3085 etiam
1603 3020 1605 3027 '

444 3122 547 3183 ⁸eoula
568 3136 674 3183 sensus
694 3123 856 3185 nationalis
880 3141 942 3183 non
964 3124 1115 3205 propriam
1127 3140 1213 3183 suam
1234 3124 1366 3184 indolem
1380 3126 1528 3195 amisisse,

442 3205 499 3283 ⁸cd
522 3224 554 3283 in
574 3225 683 3283 melius
704 3226 872 3302 provexisse
891 3228 1066 3303 reperiatur.

490 3322 528 3382 tt
541 3326 584 3391 2⁸,
601 3324 635 3382 si.
644 3340 750 3383 sensus
769 3324 926 3385 nationalis
939 3326 972 3384 in
986 3324 1088 3404 aliqua
1102 3328 1237 3387 societate
1253 3326 1288 3386 ad
1308 3326 1529 3403 corruptionem

451 3426 564 3496 vergat,
581 3422 621 3480 ita
630 3422 805 3499 mutabitur,
818 3430 853 3483 ut
862 3426 1013 3503 propriam
1026 3444 1113 3486 suam
1125 3432 1264 3485 naturam
1271 3442 1394 3505 prorsus
1405 3427 1529 3506 amittat·

456 3520 492 3581 Et
506 3522 636 3601 primum
650 3522 772 3599 quidem
783 3524 969 3599 judiciorum
980 3534 1009 3588 et
1016 3526 1177 3588 affectuum
1191 3530 1291 3587 unitas
1304 3526 1340 3586 ab
1357 3543 1394 3586 ea
1405 3526 1531 3602 recedet,

456 3621 605 3681 sociorum
633 3622 824 3699 opinionibus
849 3632 877 3684 et
900 3626 1104 3687 voluntatibus
1130 3629 1161 3686 in
1183 3627 1297 3687 diuersa
1330 3625 1528 3700 abeuntibus;

457 3718 565 3779 deinde
578 3724 727 3799 majorum
742 3740 864 3785 suorum
878 3724 1002 3802 uestigia
1014 3726 1154 3805 legesque
1166 3726 1418 3795 fundamentales,
1433 3726 1532 3803 aqui-

456 3818 513 3881 bus
540 3824 691 3901 propriam
719 3826 957 3887 snamfoimam
972 3830 1093 3889 societas
1114 3829 1167 3889 illa
1190 3829 1406 3905 desumpserat¹
1433 3826 1530 3887 delere

461 3924 585 3981 omnino
598 3922 734 4001 plerique
746 3927 935 3987 conabuntur
948 3950 957 3997 ;
980 3928 1110 4005 denique
1125 3946 1185 3989 uon
1206 3932 1271 4005 jam
1292 3928 1450 3987 nrctiorem
1465 3944 1529 3988 oum

458 4022 619 4082 universali
645 4023 802 4087 hominum
823 4026 940 4087 familia
958 4030 1213 4106 conjunctionem,
1224 4028 1276 4088 sed
1287 4028 1334 4086 sui
1345 4028 1462 4105 proprii
1479 4045 1532 4105 erre

456 4124 654 4184 mutationem
670 4124 701 4184 in
724 4126 813 4185 aliam
832 4128 961 4187 formem
981 4135 1150 4189 extraneam
1172 4135 1202 4187 et
1225 4127 1418 4189 adventitiam
1446 4126 1530 4187 anee-

456 4222 555 4298 tando‚
569 4222 684 4282 servilis
698 4230 727 4284 et
736 4226 844 4285 misera
854 4242 973 4285 morum
985 4235 1175 4288 externorum
1188 4228 1330 4286 imitatrix
1344 4227 1472 4287 societas
1485 4224 1531 4285 illa

456 4321 569 4397 evadet,
583 4323 701 4383 cuidam
716 4324 831 4385 addicta
842 4326 1095 4408 cosmopolitismo‚
1110 4330 1247 4404 quivere
1266 4328 1413 4405 apostasia
1436 4328 1530 4386 natio·

454 4422 532 4481 nafis
546 4430 601 4482 est.
978 4486 982 4492 ,
1413 4426 1419 4438 ’

497 4523 625 4586 Conone.
640 4528 669 4585 3.
680 4531 797 4600 —Quae
812 4528 843 4589 in
855 4529 956 4590 corott.
970 4526 1154 4607 precedente
1163 4526 1292 4588 breviter
1307 4526 1438 4588 indicate
1453 4532 1532 4591 sunt.

457 4623 618 4691 ostendunt
632 4626 782 4702 quodnam
796 4630 834 4688 sit
851 4630 1008 4689 essentiale
1024 4629 1184 4689 discrimen
1199 4629 1277 4687 inter
1288 4628 1460 4688 societatem
1470 4637 1531 4687 sto-

455 4719 542 4781 br'fem
566 4730 596 4783 et
617 4725 831 4803 rtutr'uuarr'om,
845 4728 922 4789 inter
935 4729 1075 4790 socialem
1088 4746 1277 4809 proprement
1290 4732 1320 4787 et
1334 4727 1534 4807 pertus-datie

459 4840 522 4880 uem
536 4840 587 4883 seu
612 4823 828 4888 revolutionem.
852 4824 978 4889 Stobifio
992 4830 1136 4889 nimirum
1165 4834 1211 4889 est
1231 4844 1267 4887 ea
1290 4828 1427 4903 societas,
1456 4826 1533 4906 apud
