3559 5675
458 723 519 791 381
868 736 948 787 rums
967 738 1124 787 nemesus

451 847 491 909 tia
503 845 539 908 ad
552 862 639 909 reum
652 844 892 910 conducendum
907 846 1042 909 obtinere
1046 862 1057 926 ;
1068 846 1203 927 adeoque
1214 842 1356 907 delictum
1367 844 1502 931 aliquando

452 947 640 1029 impunitum
654 947 759 1011 abibit.

493 1048 735 1109 lamminarum
748 1048 879 1127 protecto
889 1052 934 1108 est
948 1048 1092 1109 rationem
1105 1045 1320 1109 accusatoriam
1335 1047 1502 1125 inquisitoris

453 1147 543 1224 longe
554 1153 691 1226 prestare
704 1149 737 1208 in
751 1149 788 1212 iis
801 1146 946 1209 omnibus
958 1164 1025 1225 quar
1037 1147 1074 1209 ad
1085 1146 1307 1208 individualem
1321 1149 1458 1227 cujusque
1470 1164 1504 1207 so

453 1246 492 1307 cii
505 1248 695 1309 securitatem
709 1252 800 1325 atque
814 1247 993 1308 innocentiae
1007 1244 1133 1307 tutelam
1152 1246 1312 1323 pertinent.
1329 1244 1503 1320 Quamobrem

454 1345 537 1424 apud
556 1362 660 1407 omnes
677 1346 819 1409 cultiores
835 1346 964 1426 populos
974 1348 1040 1423 jam
1055 1345 1168 1423 passim
1181 1344 1345 1407 constituta
1357 1350 1400 1405 est
1410 1344 1506 1423 publica
1574 1332 1575 1397 ἶ

453 1444 636 1522 judiciorum
656 1444 825 1520 celebritas,
839 1445 896 1505 etsi
914 1445 946 1504 in
966 1446 1030 1523 ipsa
1048 1443 1237 1504 exsecutione
1256 1443 1349 1504 variis
1367 1442 1417 1504 illa
1432 1442 1507 1503 modis

456 1543 533 1623 apud
551 1544 649 1604 varios
666 1544 791 1625 poprdos
803 1544 894 1604 luerit
907 1543 1054 1604 ordinata.

495 1642 528 1703 4·
546 1644 588 1705 lle
606 1644 725 1705 criterio
741 1642 900 1723 judiciario
921 1648 951 1704 et
968 1642 1005 1703 de
1026 1640 1225 1723 appellatione
1240 1640 1366 1703 seorsim
1379 1640 1459 1721 paulo
1471 1642 1508 1701 iu·

453 1744 550 1805 terius
569 1742 803 1822 disputabimus.
816 1746 869 1805 lte
886 1744 1077 1805 exsecutione
1096 1742 1154 1803 hoc
1167 1757 1265 1802 unum
1281 1741 1331 1803 hic
1344 1740 1507 1801 animadver-

456 1847 575 1918 tamus,
604 1847 719 1920 quanto
744 1843 912 1921 promptius
933 1859 966 1903 ac
987 1841 1107 1922 plenius
1123 1840 1264 1917 judicum
1282 1840 1427 1901 sententia
1444 1856 1510 1900 erse·

456 1941 570 2003 cutioni
593 1940 804 2012 mandabitur,
832 1948 916 2005 tanto
941 1944 1089 2021 majorem
1112 1942 1175 2003 vim
1201 1939 1350 2002 moralem
1375 1939 1510 2017 iudiciaria

457 2044 595 2122 potestati
614 2057 813 2104 emersuram.

499 2143 630 2205 coron.
644 2145 674 2203 2.
688 2174 731 2191 ···
740 2142 785 2205 tto
799 2141 920 2203 fidelem
934 2146 1107 2221 rectamque
1118 2142 1225 2219 legum
1239 2143 1460 2222 applicationem
1471 2138 1511 2200 ob

457 2242 611 2307 tinendam
633 2244 714 2323 apud
733 2244 846 2305 multos
864 2241 1019 2321 politiores
1038 2241 1163 2322 populos
1182 2246 1286 2303 nostra
1307 2248 1390 2303 atate
1410 2238 1512 2300 instituti

458 2351 531 2406 snut
548 2344 594 2407 illi
611 2343 817 2424 quosjsrotoa
824 2341 946 2423 judices
955 2340 1116 2423 populares
1133 2342 1179 2404 vel
1188 2340 1313 2421 juratos
1321 2340 1435 2422 judicos
1446 2336 1513 2398 sotim

458 2444 536 2523 tecti
555 2443 786 2523 appellabimus.
808 2442 926 2504 Scilicet
945 2442 1094 2503 incensis
1113 2441 1336 2519 criminalibus,
1358 2442 1408 2501 ubi
1420 2438 1513 2518 judices

459 2542 605 2604 ordinarii
621 2558 747 2603 causam
767 2542 824 2621 ipsi
844 2542 966 2620 penitus
980 2542 1185 2620 cognoverint,
1200 2546 1260 2603 tota
1273 2558 1363 2603 causa
1376 2540 1514 2618 explicatu

460 2650 491 2705 ct
509 2644 661 2705 excutitur
677 2660 778 2705 coram
801 2649 882 2706 certo
902 2660 1029 2706 numero
1047 2644 1160 2705 civium
1183 2644 1240 2723 ipsi
1259 2660 1312 2705 roo
1331 2636 1514 2723 perimmuni

459 2742 585 2822 quidem
602 2743 641 2804 de
659 2743 723 2805 sola
743 2743 845 2805 delicti
864 2750 895 2805 et
913 2743 1127 2823 adjunctorum
1147 2744 1316 2815 existentia,
1338 2742 1473 2803 nimirum
1489 2735 1516 2796 dc

462 2843 527 2907 eolo
541 2843 630 2919 tacto,
645 2846 826 2906 seutentiam
848 2845 954 2905 dicunt
973 2865 981 2904 r
1000 2851 1064 2905 tum
1085 2861 1155 2905 vero
1165 2843 1285 2921 judices
1300 2841 1440 2905 ordinarii
1448 2841 1515 2915 iuxta

462 2943 541 3006 banc
560 2945 740 3006 sententiam
759 2944 842 3022 leges
861 2945 1021 3024 applicant.
1037 2946 1176 3005 lamvero
1197 2945 1236 3019 si,
1249 2959 1345 3021 quam
1365 2949 1428 3022 apta
1440 2945 1516 3014 etop-

461 3049 590 3122 portuua
601 3042 639 3104 ad
647 3043 773 3121 iustitia
783 3043 922 3104 ordinem
934 3041 1093 3104 elllcaoiter
1106 3040 1314 3103 ulciscendum
1329 3041 1392 3102 haro
1402 3037 1516 3117 judicum

463 3141 633 3206 solinsiacti
645 3145 795 3205 institutio
808 3143 859 3220 sit,
867 3159 1054 3221 queramus,
1062 3142 1254 3203 inveniemus
1263 3143 1451 3220 questionem
1459 3138 1517 3198 lano

469 3257 531 3302 non
544 3241 628 3303 alind
649 3259 715 3304 esse
733 3259 828 3321 quam
851 3242 1064 3321 particularem
1083 3243 1315 3322 applicationem
1330 3241 1455 3302 duarum
1466 3235 1518 3296 atis·

464 3354 534 3401 rum
552 3342 753 3417 questionum
772 3338 1003 3419 universalium,
1026 3357 1094 3418 quor
1105 3339 1229 3420 quidem
1240 3343 1284 3403 sic
1304 3341 1376 3421 poni
1391 3340 1515 3420 possunt:

464 3471 505 3484 -
520 3441 551 3498 l·
572 3442 663 3502 Estne
687 3441 725 3502 ad
747 3442 905 3520 publicum
919 3441 1034 3504 bouum
1047 3441 1154 3503 utilius
1181 3458 1304 3504 oausam
1319 3443 1362 3502 roi
1376 3438 1517 3524 permittere

465 3537 642 3600 bominibus
658 3540 842 3618 quibusdam
863 3540 975 3618 doctis,
997 3541 1050 3602 sed
1068 3542 1254 3622 corruptioni
1277 3543 1374 3618 magis
1393 3533 1517 3604 obnoxiis,

466 3655 508 3698 au
527 3637 709 3715 quibusdam
728 3639 905 3703 bominibus
923 3641 1107 3720 corruptioni
1128 3641 1231 3703 minus
1244 3641 1394 3716 obnoxiis,
1409 3637 1455 3700 sed
1469 3649 1516 3694 mt-

468 3737 515 3814 gis
537 3739 647 3798 mentis
668 3742 761 3801 errori
790 3741 952 3820 expositist
973 3745 1005 3802 2·
1032 3743 1123 3804 Estne
1142 3739 1295 3817 Judicium
1313 3742 1516 3817 magistratuum

467 3839 693 3916 corruptibilius
714 3857 807 3918 quam
828 3842 914 3918 vulgi
931 3841 1105 3919 judicium!
1129 3841 1271 3902 -Prior
1290 3842 1345 3902 illa
1364 3833 1518 3917 estquastio
1574 3837 1575 3852 *

465 3933 555 4015 juris,
566 3939 710 4017 posterior
721 3945 766 4002 est
778 3941 907 4017 quasue
921 3940 1004 4002 lacti.
1020 3941 1159 4002 lamvoro
1173 3941 1336 4018 utriusque
1348 3939 1432 3999 istius
1444 3947 1518 4012 ques·

469 4035 560 4096 donis
580 4038 690 4098 solutio
712 4055 824 4116 magna
843 4042 881 4100 e'x
903 4046 985 4118 parta
1009 4037 1150 4100 amorali
1173 4044 1202 4098 et
1224 4039 1378 4118 apolitico
1397 4027 1517 4096 societatis
1574 4051 1575 4108 t

470 4132 550 4198 statu
570 4137 690 4216 pendet.
715 4139 746 4198 Si
765 4138 848 4199 euim
865 4137 997 4199 abstrate
1015 4155 1063 4198 res
1076 4137 1292 4215 consideretur,
1306 4135 1426 4198 evidens
1438 4130 1518 4204 estju·
1574 4125 1575 4130 ’

469 4235 567 4298 dicem
588 4237 710 4298 doctum
730 4253 850 4315 usuque
869 4239 1067 4302 exercitatum
1088 4238 1181 4314 vulgo
1206 4237 1326 4298 indocto
1345 4242 1375 4296 et
1394 4229 1517 4308 inexperto
1574 4286 1575 4306 ἶ

470 4336 560 4413 longe
584 4336 804 4416 praterendum
822 4355 899 4400 esee.
921 4341 971 4414 tlt,
989 4339 1014 4400 si
1037 4339 1163 4400 societas
1181 4339 1221 4398 sit
1243 4336 1303 4398 late
1324 4337 1471 4412 costuma,
1490 4325 1517 4381 ti·
1571 4375 1575 4406 ,

471 4437 618 4500 mendum
642 4436 707 4497 viro
734 4437 828 4515 probo
853 4439 971 4500 eritne
999 4437 1189 4500 adversarius
1215 4436 1306 4498 tidem
1330 4432 1436 4512 judicis
1462 4437 1517 4488 oum
1574 4494 1575 4504 ,

470 4542 618 4601 mercatus
634 4535 676 4596 sit
685 4550 696 4613 ;
714 4551 749 4598 ac
767 4544 924 4618 propterea
944 4539 1093 4601 sinceram
1116 4537 1200 4617 vulgi
1215 4535 1348 4620 imperiti
1367 4525 1516 4596 senuntim

469 4638 584 4718 judicio
596 4637 789 4715 magistratum
801 4638 880 4702 docti
900 4639 953 4703 eod
974 4640 1089 4703 venalis
1104 4645 1276 4718 anteponet.
1291 4641 1376 4712 lum,
1388 4635 1412 4695 si
1423 4623 1517 4710 pelliti

471 4735 621 4800 societatis
640 4737 817 4816 gubernatio
836 4741 875 4803 ad
896 4741 1084 4821 tyrannidem
1108 4746 1229 4821 vergat,
1250 4736 1413 4803 timendum
1434 4735 1516 4791 ausu
