3559 5675
585 744 694 796 ΒΜΔ.
716 763 755 784 -··
778 745 862 796 utun
884 747 1017 800 wimiis·

664 983 867 1046 tnttcnuus
881 986 937 1046 ut.

260 1161 302 1222 De
318 1157 460 1238 subjecto,
476 1157 517 1220 ud
527 1155 606 1240 quad
616 1157 743 1238 pertinet
752 1157 808 1238 jur
820 1157 969 1239 ¹principie
983 1161 1136 1240 tyrannice
1147 1161 1337 1242 pomanus

708 1256 882 1340 judicandi.
1234 1321 1243 1330 ..

296 1451 388 1516 ¹006.
405 1453 586 1518 uoruuonu.
599 1484 638 1499 —
651 1451 868 1529 Spooutattvsm
888 1450 1034 1514 hactenns
1046 1456 1241 1530 quaestionem
1257 1465 1333 1524 trar-

258 1553 402 1622 trrimus‚
423 1567 500 1628 quas
522 1552 667 1613 nimirum
691 1552 730 1614 ob
751 1567 857 1612 marnas
880 1551 976 1612 amitti
990 1568 1008 1612 a
1022 1553 1157 1634 principe
1177 1562 1335 1628 aunbritur

258 1651 377 1729 politica
396 1652 499 1729 possit.
514 1653 550 1718 tt
566 1668 636 1712 nero
650 1649 757 1712 inutile
775 1667 898 1730 prorsus
912 1657 989 1714 esset
1006 1652 1063 1714 bas
1081 1670 1188 1717 eunus
1203 1656 1340 1736 determi-

257 1767 357 1824 nasse,
373 1751 434 1810 nisi
453 1749 542 1828 plano
562 1750 720 1819 definiatur
743 1751 864 1813 ruinam
882 1758 1029 1833 competat
1047 1753 1101 1829 ius
1119 1754 1289 1834 applicandi
1306 1761 1339 1822 iu

255 1868 325 1910 nasu
340 1849 471 1930 prastino
482 1849 564 1928 teges
583 1851 621 1912 ab
639 1851 674 1912 iis
688 1850 785 1923 nausis
798 1851 1016 1930 provenientes,
1031 1858 1061 1912 et
1072 1854 1224 1931 qoonouo
1236 1855 1283 1920 ba
1296 1859 1339 1918 le·

255 1967 304 2026 ges
319 1951 451 2030 practica
465 1949 607 2028 applicari
624 1949 762 2028 debeant.
808 1937 811 1943 ’

294 2052 357 2110 Hoc
371 2050 464 2126 igitur
477 2051 609 2128 primurn
625 2049 815 2114 statuendum
834 2055 889 2124 est,
904 2049 1030 2127 quinam
1046 2051 1078 2113 in
1091 2049 1148 2117 baa
1164 2059 1336 2121 controver-

255 2149 297 2207 sia
311 2149 374 2206 sint
396 2149 558 2224 litigantes,
572 2154 602 2208 et
621 2165 759 2224 quanam
776 2149 919 2226 utrinque
937 2149 1059 2215 illorum
1075 2154 1145 2230 jura
1167 2154 1238 2216 sint.
1258 2158 1337 2225 iuter

254 2246 402 2326 populum
417 2253 603 2310 accusantem
619 2253 647 2313 et
660 2245 825 2328 principem
838 2253 999 2324 negantem
1011 2264 1103 2310 ouum
1115 2253 1250 2317 vertitur.
1260 2256 1337 2314 tnta

253 2348 356 2412 omnia
370 2363 441 2406 uero
456 2345 653 2424 quaerendum
667 2351 712 2414 est
725 2352 826 2413 utruru
843 2345 921 2412 binae
936 2346 983 2406 bae
996 2352 1095 2428 partes
1108 2364 1209 2413 rorum
1222 2354 1334 2419 ratione

250 2445 349 2522 judioe
367 2463 454 2524 pares
469 2446 541 2505 sint.
839 2497 841 2502 .

294 2547 383 2608 1007.
404 2548 470 2606 t’os.
487 2541 572 2606 495¹.
581 2577 622 2589 -
633 2545 685 2604 Ubi
699 2544 735 2604 tte
749 2551 806 2607 tota
823 2546 964 2625 principis
977 2548 1148 2614 auctoritate
1160 2549 1333 2631 ambigitur,

253 2651 281 2710 iu
297 2646 351 2708 usti
363 2648 563 2710 controversia
575 2647 712 2726 princeps
725 2654 754 2706 ot
768 2647 898 2725 populus
910 2664 997 2726 pares
1013 2655 1095 2726 suut,
1115 2653 1335 2732 eorumquiin

253 2766 302 2827 per
317 2747 503 2828 principium
519 2745 713 2824 possessionis
728 2744 890 2808 uleeideutta
903 2754 956 2824 est.
1291 2801 1294 2807 ,

290 2850 386 2909 Pron.
412 2848 439 2905 1·
460 2860 545 2905 runs.
560 2876 600 2891 -·
612 2842 696 2915 Quod
716 2842 893 2905 atterutrum
918 2862 953 2905 ex
970 2846 1230 2931 contendentibus,
1247 2850 1334 2928 prin·

251 2962 347 3025 opem
372 2944 486 3007 seilicet
506 2949 559 3005 aut
579 2941 739 3026 populum,
764 2942 856 3005 altero
878 2944 1065 3020 superiorem
1085 2953 1185 3023 posset
1205 2946 1331 3032 efficere,

249 3054 326 3107 esset
346 3048 401 3123 jus
423 3043 596 3105 alterutrius
615 3058 711 3103 eoram
726 3038 827 3121 judice
850 3043 963 3103 ratione
982 3042 1232 3121 ualidiusttqui
1255 3062 1332 3106 neu·

251 3149 324 3205 trius
339 3144 546 3205 contendentis
556 3145 608 3221 J'us
621 3141 751 3202 ualidius
764 3158 829 3201 esse
846 3142 878 3201 in
893 3157 964 3202 casu
982 3149 1083 3203 nostro
1102 3149 1205 3221 potest.
1225 3148 1253 3205 1⁰
1267 3148 1331 3211 bion

245 3250 296 3321 J'us
312 3244 478 3325 principis:
495 3259 577 3317 nam,
593 3242 649 3303 etsi
662 3246 775 3303 uer-turm
790 3242 829 3301 sit
842 3241 1022 3319 prinoipem,
1037 3241 1181 3321 quamdiu
1195 3244 1332 3324 prinoeps

249 3354 303 3421 at,
320 3344 452 3405 subditis
466 3358 531 3403 esse
544 3342 740 3421 superiorem,
752 3347 879 3401 attamen
896 3340 933 3401 tte
947 3340 1004 3402 hoe
1019 3342 1083 3419 ipso
1097 3341 1146 3403 bio
1164 3341 1331 3421 dubitatur,

249 3455 353 3507 utrum
367 3446 422 3523 qui
442 3444 580 3525 princeps
602 3448 675 3518 erat,
698 3440 796 3501 adbuc
814 3442 952 3521 princeps
973 3458 1037 3503 osse
1055 3448 1170 3521 pergat,
1194 3443 1332 3507 videlicet

250 3552 354 3605 utrum
378 3544 490 3623 populo
512 3543 550 3601 sit
570 3542 715 3620 superior.
740 3542 829 3617 Ergo,
844 3547 875 3600 ut
891 3547 1004 3602 constet
1024 3558 1096 3601 eum
1119 3542 1172 3619 qui
1194 3544 1329 3626 prinoeps

247 3652 321 3719 erat,
337 3642 450 3725 populu
464 3641 563 3703 adhue
582 3640 766 3719 superiorem
786 3654 861 3719 esse,
883 3638 940 3699 lroe
953 3646 1039 3704 antea
1058 3640 1259 3723 judicantium
1273 3649 1328 3719 eet,

250 3752 354 3805 utrruu
369 3742 421 3802 itte
440 3740 538 3801 adhue
551 3740 590 3799 sit
604 3740 750 3819 princeps.
774 3740 806 3797 2⁰
821 3740 884 3797 Non
903 3740 956 3814 jun
971 3740 1094 3819 populi:
1111 3740 1227 3801 etiamsi
1248 3742 1329 3807 enim

247 3860 308 3905 uno
330 3849 386 3903 aut
408 3842 511 3919 paucis
534 3838 709 3901 bominibus
735 3845 793 3898 tota
815 3837 919 3915 aliqua
940 3839 1022 3898 ruatio
1043 3840 1082 3897 sit
1101 3856 1227 3900 numero
1242 3857 1328 3921 supe·

245 3948 319 4019 rior,
330 3950 463 4005 attamen
477 3956 537 4001 non
550 3940 588 4001 de
598 3954 723 3999 numero
736 3938 785 3999 bio
798 3938 907 4014 agitur,
921 3938 973 3999 sed
988 3938 1025 3999 de
1036 3941 1116 4015 jure.
1130 3942 1212 4000 Unus
1226 3950 1327 4003 autern

247 4044 339 4105 borno
362 4047 468 4103 contra
491 4041 644 4101 nationem
667 4039 839 4101 universam
857 4040 911 4115 jus
937 4037 1065 4097 ualidius
1088 4037 1196 4098 habere
1223 4047 1326 4119 potest.

247 4144 399 4207 Omnibus
417 4158 550 4219 namque
564 4139 738 4215 tarentinus,
753 4138 847 4199 cuivis
861 4138 973 4197 nationi
988 4138 1173 4213 necessarius
1185 4144 1230 4201 est
1242 4141 1329 4220 prin-

247 4262 314 4325 ceps
325 4242 442 4324 aliquis
457 4257 547 4319 aquo
561 4238 756 4317 gubernetur,
768 4238 915 4297 nimirum
931 4237 985 4315 qui
999 4238 1053 4315 jus
1073 4236 1179 4299 babeat
1191 4238 1223 4299 in
1236 4245 1326 4303 totam

247 4346 413 4419 nunonem,
433 4357 468 4401 ae
490 4346 547 4400 tota
563 4338 681 4398 natione
697 4337 833 4415 superior
853 4336 901 4395 sit.
917 4336 995 4412 Ergo
1011 4336 1043 4395 in
1062 4336 1114 4399 tali
1128 4341 1327 4408 controversia

247 4446 384 4522 princeps
403 4456 464 4501 nou
486 4438 617 4521 amplius
635 4443 680 4497 est
698 4436 808 4517 populo
828 4437 966 4517 superior
981 4456 988 4491 r
1003 4436 1132 4517 populus
1152 4454 1222 4500 uero
1241 4455 1326 4502 nun·

247 4560 339 4621 quarn
358 4547 403 4603 est
419 4540 554 4621 superior
570 4538 714 4621 principe.
732 4538 809 4613 Ergo
821 4542 891 4597 tune
906 4538 1043 4618 princepe
1056 4542 1084 4597 et
1096 4538 1227 4617 populus
1241 4556 1325 4621 parer

247 4652 327 4705 sunt.

285 4749 380 4813 Pron.
405 4745 437 4805 t·
453 4755 539 4804 rtur.
561 4773 592 4785 -
614 4740 670 4803 ber
680 4738 804 4819 justitiae
818 4738 895 4803 inter·
910 4736 985 4799 duos
998 4734 1147 4817 litigantes
1160 4754 1246 4822 puros
1262 4756 1324 4805 ser·
