3559 5675
470 784 511 848 tt
876 796 955 847 sums
975 798 1136 847 usruninrs

471 907 555 969 tricta
564 914 621 983 est,
629 912 659 967 et
671 908 774 967 omnia
790 906 863 981 jura
874 922 943 983 que
963 906 1001 967 ab
1020 906 1181 967 socialibus
1198 904 1325 967 infinitis
1337 904 1525 967 collisionibus

469 1006 536 1068 uiuo
549 1011 717 1083 emergunt,
738 1006 895 1067 observare
918 1004 1023 1075 debet;
1040 1006 1071 1067 in
1087 1004 1135 1067 bis
1157 1004 1280 1082 juribus
1299 1004 1480 1085 protegendis
1499 1022 1526 1067 rc

469 1105 679 1187 promovendis
690 1104 777 1167 debet
796 1106 885 1167 certis
899 1104 1083 1183 quibusdam
1100 1104 1225 1180 obsequi
1238 1103 1357 1181 legibus
1376 1104 1525 1167 secumdum

467 1224 545 1285 quas
557 1206 618 1266 alia
629 1204 729 1266 medie
741 1205 840 1278 utilia,
852 1205 913 1265 alia
927 1206 1018 1265 noxia
1028 1222 1095 1266 esse
1110 1210 1296 1281 noscuntur;
1310 1204 1437 1282 denique
1447 1204 1525 1266 iubis

466 1306 575 1371 mediis
584 1303 764 1367 adhibendis
774 1302 863 1367 debet
880 1302 1039 1366 bominem
1051 1302 1185 1365 bumeno
1196 1302 1287 1365 modo
1308 1320 1437 1379 morae,
1448 1304 1526 1365 nimi·

466 1422 536 1469 rum
546 1406 666 1482 uictis
679 1410 769 1481 etque
781 1402 874 1465 cilicii
888 1404 918 1464 ri
933 1410 963 1463 et
975 1403 1140 1465 utilitatum
1154 1404 1372 1468 invitamentis.

506 1507 560 1565 llis
583 1505 742 1565 socialibus
755 1502 862 1565 officiis
873 1508 935 1563 tam
949 1518 1019 1565 vare
1033 1503 1172 1581 implexis
1196 1503 1361 1567 monerem
1385 1504 1527 1583 pariteret

464 1604 629 1687 polyerrba
639 1604 879 1680 obstringuntur.
896 1602 1018 1679 Utrique
1038 1603 1254 1687 possumteoto
1278 1604 1342 1683 ipso
1364 1603 1412 1667 bis
1437 1601 1527 1665 officiis

463 1706 583 1782 deesse3
594 1711 624 1764 at
630 1705 702 1780 jure
710 1703 839 1763 natrrrali
849 1703 972 1780 utrique
983 1700 1092 1766 iisdem
1103 1702 1280 1779 alligantur.
1291 1705 1394 1781 ltaque
1402 1718 1526 1783 suprema

462 1806 621 1869 mocritee
634 1804 786 1881 quelibet,
800 1803 863 1864 sive
883 1802 1076 1865 monmcbica
1090 1803 1154 1865 sire
1175 1803 1387 1882 polytrcbioe,
1412 1808 1445 1865 to
1460 1802 1526 1883 ferto

464 1923 582 1985 semper
595 1913 640 1968 est
653 1904 805 1981 absoluta3
817 1905 891 1981 quia
905 1904 931 1965 si
952 1904 1049 1981 quoad
1065 1904 1176 1967 tadum
1190 1904 1288 1967 limite
1301 1905 1407 1983 aliquo
1420 1905 1527 1969 ccbbe

463 2017 558 2081 retur,
569 2022 628 2067 non
644 1992 886 2083 essetss‘iprema3
897 2002 1008 2083 injure
1017 2011 1120 2066 eutem
1134 2005 1220 2067 nulle
1229 2004 1368 2067 bumana
1380 2007 1526 2069 anemius

462 2113 508 2171 eet
520 2106 667 2180 absoluta,
680 2105 755 2183 quia
766 2104 873 2165 multis
886 2105 1017 2181 legibus,
1031 2110 1066 2165 ut
1080 2105 1226 2181 vidimus,
1238 2106 1434 2171 obnoxiaest.

502 2208 632 2269 Coeum.
645 2204 675 2265 l.
691 2204 815 2267 societis
826 2206 951 2265 actionis
964 2206 1171 2285 multiplicitas
1184 2206 1249 2279 illa,
1267 2222 1363 2285 quum
1381 2222 1474 2288 nuper
1485 2207 1526 2267 in·

461 2303 738 2382 dicavimue,efficit
755 2310 791 2364 ut
802 2306 962 2367 auctoritas
979 2305 1111 2383 publica,
1123 2307 1155 2367 in
1165 2308 1321 2367 communi
1339 2307 1421 2373 bono
1433 2322 1526 2388 procu·

460 2406 567 2477 nendo,
578 2406 623 2465 uti
635 2404 743 2467 debeat
753 2405 872 2481 analysi
885 2404 1017 2481 quedam
1027 2422 1192 2467 muncrum
1202 2407 1391 2472 diversorum
1405 2408 1442 2471 ad
1453 2408 1525 2471 ben

460 2506 685 2587 pertinentium.
699 2506 803 2577 Quum
822 2505 906 2565 enim
920 2503 1092 2567 illudebant
1106 2505 1225 2569 infinita
1246 2512 1278 2569 et
1301 2510 1438 2571 maximo
1457 2508 1527 2569 raris

459 2591 531 2685 jura
543 2605 622 2666 tueri
643 2611 674 2664 et
696 2604 809 2679 lovere,
833 2604 956 2679 singule
970 2604 1062 2679 igitur
1076 2605 1221 2683 becjura
1244 2613 1273 2667 et
1286 2608 1424 2685 singulos
1436 2622 1527 2671 corun

462 2706 566 2768 titulos
577 2709 720 2781 agnoscat
732 2708 857 2783 oportet.
866 2705 1030 2781 Quumque
1045 2710 1187 2783 preterea
1200 2712 1261 2767 tarn
1277 2708 1373 2769 multa
1386 2707 1527 2771 individua

461 2812 490 2866 et
515 2802 606 2866 naria
640 2802 751 2866 indolis
780 2804 928 2866 consortia
951 2802 989 2866 sd
1015 2820 1109 2866 unam
1144 2806 1285 2870 socialem
1313 2808 1461 2872 actionem
1489 2804 1526 2868 illi

461 2910 523 2970 sint
542 2913 573 2968 et
587 2905 712 2968 rationis
732 2910 762 2966 et
774 2905 911 2966 utilitatis
923 2905 1108 2984 impulsibus
1125 2907 1335 2984 coordinanda,
1349 2925 1468 2972 necesse
1489 2911 1527 2967 ast

460 3009 559 3072 eidem
576 3007 696 3068 infinita
707 3005 925 3086 propemodum
940 3012 968 3066 et
982 3007 1113 3070 maxime
1127 3009 1212 3068 varia
1229 3008 1366 3070 subsidia
1380 3005 1416 3070 ad
1435 3005 1528 3070 multi·

459 3111 567 3189 plioem
578 3107 668 3170 illum
676 3107 768 3170 finem
775 3107 998 3172 accommodata
1009 3108 1041 3168 in
1052 3115 1192 3187 promptu
1202 3125 1278 3170 esse.
1290 3110 1392 3181 Quam
1404 3109 1530 3188 plurius.

461 3213 552 3288 igitur
561 3216 590 3270 et
603 3217 683 3270 artes
694 3217 724 3270 ot
738 3210 869 3270 scientiae
882 3215 913 3270 et
931 3210 1010 3270 vires
1024 3209 1193 3270 materiales
1209 3217 1273 3273 tum
1287 3209 1454 3272 allicientes
1475 3214 1527 3268 mm

459 3313 609 3384 coactivas,
626 3316 655 3370 et
664 3325 776 3387 genere
788 3308 914 3368 diversas
928 3315 957 3368 et
973 3311 1104 3388 potentia
1123 3309 1339 3386 ineluctabiles,
1356 3310 1458 3373 sociati
1468 3323 1528 3369 sue

461 3410 571 3471 toritati
583 3408 759 3470 necessariae
773 3407 892 3468 suntad
910 3423 1000 3468 suum
1013 3407 1105 3470 linem
1118 3409 1381 3488 consequendum.

500 3509 591 3586 btqm
611 3507 734 3568 nullum
753 3507 924 3568 humanum
944 3507 1136 3570 individuum
1155 3525 1210 3586 par
1223 3525 1288 3570 esse
1307 3515 1406 3589 potest
1424 3515 1465 3572 tot
1476 3513 1530 3568 tan·

460 3609 559 3688 tisque
570 3608 696 3684 artibus,
718 3606 864 3683 scientiis,
876 3606 992 3668 viribus
1006 3607 1205 3687 possidendis.
1231 3610 1309 3686 Ergo
1322 3609 1413 3672 debet
1425 3607 1530 3672 socialis

460 3709 621 3770 auctoritas
642 3705 798 3767 individua
820 3712 849 3766 et
864 3709 1013 3768 consortia
1031 3723 1087 3770 sua
1104 3709 1136 3769 in
1154 3709 1252 3770 varias
1269 3709 1381 3774 classes
1403 3709 1529 3788 organice

459 3810 638 3870 distribuere
651 3806 690 3868 ita
701 3814 736 3867 ut
746 3823 935 3886 unaquaeque
946 3807 1063 3884 classis,
1073 3815 1152 3868 certo
1166 3809 1284 3870 muneri
1296 3809 1420 3872 cuidam
1432 3809 1530 3889 spcula-

459 3910 528 3970 liter
540 3908 667 3985 addicta,
685 3907 718 3968 in
732 3907 786 3968 illo
800 3906 962 3968 socialibus
974 3907 1179 3970 necessatibus
1190 3915 1406 3986 congruentem
1420 3915 1449 3970 et
1460 3907 1527 3988 peri·

460 4008 532 4070 tiam
546 4008 698 4086 acquirere
715 4011 744 4068 et
755 4005 927 4068 facultatem
940 4021 1075 4067 exercere
1089 4008 1191 4086 possit.

497 4110 602 4186 ltaque
614 4124 650 4168 ex
664 4112 731 4186 apta
744 4107 895 4168 variarum
910 4105 1109 4184 functionum,
1124 4125 1177 4186 per
1195 4110 1379 4172 auctoritatis
1393 4109 1529 4172 untuen

459 4211 736 4288 recompositarum,
752 4205 963 4268 distributione
977 4205 1097 4268 socialis
1111 4209 1236 4270 actionis
1258 4209 1399 4288 perlectio
1418 4209 1527 4290 pendet

458 4311 526 4384 Qua
539 4309 570 4368 iu
585 4325 618 4368 re
631 4305 692 4367 duo
703 4306 834 4368 notanda
850 4312 922 4366 sunt
936 4326 943 4366 ε
962 4309 1019 4366 1⁰⁰¹
1033 4305 1110 4368 hanc
1124 4325 1287 4370 munerum
1302 4309 1529 4372 subdivisionem

459 4409 537 4467 inter
558 4407 638 4466 cives
657 4406 753 4480 magis
771 4421 790 4466 a
810 4412 929 4481 natura,
944 4405 1062 4466 indoles
1075 4411 1105 4467 et
1122 4408 1244 4484 ingenia
1259 4409 1343 4490 naqia
1362 4407 1529 4470 bominibus

459 4505 629 4582 tribuente,
655 4522 747 4582 qnam
773 4504 810 4565 ab
835 4505 970 4566 bumana
995 4508 1166 4568 auctoritate
1191 4513 1221 4568 ot
1250 4508 1400 4590 indpstria
1420 4508 1526 4590 perdttl

458 4609 517 4666 2⁰⁰¹
541 4622 602 4682 quo
625 4605 752 4682 amplior
769 4620 899 4682 quaeque
923 4605 1045 4666 societas
1066 4613 1130 4681 est,
1152 4623 1187 4666 eo
1208 4611 1351 4686 majorem
1373 4615 1525 4664 munerum

459 4706 543 4766 illam
557 4701 736 4764 divisionem
748 4719 813 4764 esse
825 4708 960 4780 oportere
966 4726 975 4782 3
999 4709 1068 4766 cbm
1091 4706 1239 4768 sociorum
1253 4721 1386 4782 namque
1402 4701 1527 4764 multitu-

459 4804 530 4875 dine
543 4806 647 4867 crescit
660 4806 867 4888 operariorum
883 4804 915 4864 in
929 4820 1048 4884 quaque
1063 4811 1125 4866 arte
1139 4806 1285 4885 singulari
1300 4805 1471 4869 necessitas.
