3559 5675
573 699 680 748 sonna.
705 720 743 735 -
764 701 851 749 enm
872 699 1007 761 mirus.
1271 686 1329 751 lit

290 814 386 875 l‘non.
401 814 435 876 2·
448 826 536 875 rans.
553 846 589 857 -
605 815 636 874 sl
656 814 903 894 multitudoque
925 812 1099 889 religionem
1122 813 1264 877 moialem
1278 816 1333 879 de·

253 912 333 989 serit,
349 910 482 976 nullum
492 928 639 991 unquam,
651 914 678 974 ei
699 913 836 992 religioni
851 919 881 976 et
895 912 1126 989 obligationibus
1139 914 1177 975 ab
1193 912 1246 977 illa
1259 932 1333 979 cons

252 1010 450 1091 sequentibus
472 1012 631 1091 publicum
663 1014 744 1095 apud
768 1031 836 1077 eam
867 1015 1035 1076 societatem
1057 1029 1239 1077 consensum
1255 1033 1335 1096 prae·

253 1113 366 1188 buerit,
392 1118 466 1187 tunc
489 1112 610 1173 nullum
634 1114 743 1179 sociale
766 1114 910 1177 delictam
933 1113 1101 1177 committit.
1125 1116 1227 1189 Quum
1252 1117 1335 1178 onim

255 1230 417 1291 uunquam
432 1214 461 1273 ei
478 1213 608 1277 societati
631 1212 802 1294 promiserit
815 1232 847 1277 se
861 1214 915 1275 tali
929 1211 1067 1290 religioni
1082 1212 1282 1295 adbaesuram,
1298 1216 1337 1277 ab
1441 1274 1444 1281 .

253 1332 286 1375 ea
295 1311 469 1374 deficiendo
483 1312 745 1381 nullamsocietati
759 1316 906 1396 injuriam
918 1313 1018 1377 inient.
1033 1315 1122 1390 Ergo,
1132 1314 1209 1376 sicut
1219 1315 1253 1377 ad
1270 1332 1336 1377 eam

253 1411 434 1475 emtandam
447 1411 724 1492 observandamque
742 1414 921 1491 religionem
936 1428 998 1473 non
1020 1416 1084 1473 erat
1105 1418 1192 1475 anna
1212 1414 1339 1476 civiliter

255 1512 405 1589 obligata,
434 1511 475 1571 ita
496 1510 635 1574 eamdem
656 1518 758 1591 pmtea
779 1512 921 1577 deserens
943 1509 1021 1571 nibil
1045 1515 1146 1571 contra
1168 1512 1338 1575 societatem

256 1617 369 1687 [occat
385 1611 481 1687 Atqui
495 1610 614 1673 socialis
627 1613 786 1675 auctoritas
799 1611 923 1673 nullum
942 1609 1032 1671 habet
1049 1612 1103 1687 jus
1124 1612 1268 1689 puniendi
1289 1628 1340 1674 eos

255 1710 308 1787 qui
330 1710 417 1771 nibil
438 1716 542 1771 contra
560 1712 732 1773 smlelatm
751 1697 946 1792 peccauerint.
965 1712 1042 1787 lingo
1056 1710 1208 1771 interdum
1223 1712 1341 1773 socialis

257 1811 423 1873 auotoritas
432 1810 520 1872 debet
532 1812 657 1874 omnino
675 1813 757 1883 civili
768 1812 924 1874 tolerantie
934 1826 1006 1888 erga
1024 1809 1094 1871 illos
1108 1810 1267 1873 delectores
1283 1813 1338 1872 uti.

296 1908 373 1971 889,
396 1911 530 1971 mnodo.
551 1914 579 1971 1.
595 1944 634 1955 -
653 1911 721 1973 Sive
733 1929 770 1973 ex
783 1910 948 1991 prudentiae
962 1908 1106 1988 consiliis,
1122 1902 1187 1971 'sive
1200 1926 1236 1972 ex
1248 1912 1343 1989 justi-

259 2008 305 2069 tiae
329 2007 457 2085 legibus
481 2009 641 2074 auctoritas
664 2009 821 2075 tolerantia
841 2008 922 2072 ciuili
948 2024 1019 2087 erga
1042 2007 1160 2069 socialis
1188 2008 1343 2087 religionis

261 2108 431 2167 desertores
441 2111 557 2180 utatur,
570 2123 689 2186 semper
703 2122 738 2167 ea
750 2106 836 2168 debet
853 2106 912 2167 alia
925 2103 1067 2166 adbibere
1080 2104 1193 2181 media,
1207 2123 1261 2185 per
1274 2122 1342 2184 quae

263 2206 437 2285 religiosam
450 2207 609 2284 unitatem,
625 2207 727 2267 sociali
740 2207 820 2269 bono
836 2207 1042 2278 utilissimam,
1059 2212 1221 2284 recuperet.

301 2306 449 2387 Quisquis
463 2312 565 2368 autem
579 2304 659 2368 ridet
670 2323 776 2368 omnes
789 2306 939 2367 doctrinas
958 2304 1036 2366 circa
1056 2302 1229 2381 religiosam
1245 2304 1344 2365 unita·

275 2413 332 2467 um
344 2407 374 2467 in
386 2406 530 2473 societate
551 2405 910 2487 publicaprocnmndam
931 2406 1077 2466 hactenus
1091 2403 1212 2465 traditas
1235 2418 1345 2480 magna

272 2513 397 2587 exparte
412 2506 548 2568 societati
561 2524 683 2587 quoque
696 2506 865 2569 domestica
879 2506 1023 2587 applicari
1037 2521 1134 2584 posse.

305 2607 441 2697 Quone.
463 2609 495 2667 2.
514 2608 617 2669 -lix
636 2606 756 2685 legibus
769 2606 908 2687 superius
927 2604 1095 2667 constitutis
1106 2602 1299 2667 manifestum
1314 2604 1347 2665 lit

266 2706 435 2768 discrimen
456 2706 546 2784 quod·
561 2706 717 2771 intercedit
739 2708 817 2770 inter
830 2704 991 2771 calliolicns
1005 2707 1166 2786 principes,
1179 2704 1300 2784 quomo
1314 2704 1346 2765 bi

265 2806 451 2869 christianos
463 2806 627 2870 desertores
640 2808 786 2890 pirniunt,
808 2814 838 2870 et
858 2806 996 2870 infideles
1016 2806 1064 2868 uel
1086 2804 1239 2868 hereticos
1260 2805 1348 2885 priu-

263 2910 368 2987 oipes,
384 2908 457 2986 qui,
479 2907 656 2970 christianos
678 2915 730 2970 aut
745 2908 907 2971 catholicos
919 2907 1079 2988 persecuti,
1098 2905 1274 2968 crudelibus
1297 2921 1348 2966 eos

264 3007 430 3088 suppliciis
445 3004 624 3068 afficiebant.
641 3007 828 3069 catholicum
842 3021 973 3083 namque
993 3004 1171 3085 principem,
1192 3003 1349 3064 veritatem

265 3107 392 3170 socialis
405 3124 469 3168 suae
481 3107 636 3184 religionis
650 3110 814 3172 certissime
826 3112 1064 3185 cognoscentem,
1079 3111 1109 3166 et
1122 3118 1243 3165 summa
1255 3102 1350 3162 bene·
1379 3101 1384 3111 '

266 3209 520 3285 neia,quatun1
542 3195 705 3274 indiuiduis
728 3214 794 3269 tum
818 3209 940 3285 integrae
964 3205 1097 3268 societati
1120 3202 1225 3266 eadem
1253 3201 1350 3279 alleri,

267 3325 333 3370 non
354 3305 562 3384 ignorantem,
578 3307 705 3369 subditis
727 3314 830 3370 contra
850 3323 940 3387 prava
964 3305 1126 3385 impiorum
1150 3301 1351 3381 qiiorumdam

268 3404 413 3484 exempla
437 3405 664 3484 insurgentibus
686 3407 777 3468 etiam
800 3405 1054 3470 olisecundantem
1078 3391 1235 3482 impodi'rc,
1257 3402 1353 3482 poenis

270 3521 397 3585 quoque
411 3503 543 3582 inflictis,
559 3520 598 3564 ne
612 3509 746 3582 apostata
760 3511 791 3564 et
803 3487 926 3574 rebellis
939 3503 1050 3582 aliquis
1063 3503 1157 3564 socios
1173 3499 1353 3578 improvidos

271 3625 292 3666 a
314 3611 397 3666 recta
421 3603 480 3664 lide
495 3619 629 3680 mosque
650 3604 796 3682 religione
810 3608 934 3678 avertat,
956 3602 1062 3663 rationi
1085 3601 1173 3680 plain
1196 3603 1354 3662 consenta-

273 3721 373 3767 neum
385 3710 416 3778 et
425 3705 543 3781 Justum
556 3712 587 3765 et
599 3703 804 3764 necessarium
816 3709 873 3765 est.
898 3704 1058 3765 Sicaniam
1074 3699 1201 3778 agendo,
1217 3699 1354 3778 pellicens

274 3804 444 3866 catholicus
456 3819 649 3880 nequaquam
661 3821 693 3866 se
708 3803 777 3864 lidei
791 3819 825 3866 ac
838 3802 993 3879 religionis
1007 3801 1155 3862 arbitrum
1167 3796 1289 3878 praebet,
1303 3795 1354 3858 sed

275 3919 351 3966 suos
363 3901 501 3964 subditos
514 3900 554 3962 ab
567 3901 605 3962 iis
616 3903 670 3980 qui
683 3917 788 3964 eornm
802 3899 980 3978 religionem
993 3897 1154 3978 proditorie
1164 3911 1356 3974 eorriimpere

275 4003 411 4080 vellent,
437 3986 627 4064 solummodo
651 4007 761 4064 tuetur.
786 4003 899 4063 lionam
924 4001 1029 4077 utique
1051 3997 1120 4058 lidei
1146 4009 1180 4056 ac
1202 3994 1358 4072 religionis

277 4117 389 4164 norma
409 4101 500 4162 unica
522 4105 568 4162 est
588 4101 698 4162 venitm
718 4106 809 4179 cerm,
828 4101 877 4161 oni
895 4103 961 4162 tum
985 4097 1031 4159 illi
1057 4103 1119 4158 tum
1146 4097 1207 4176 ipso
1219 4093 1358 4176 princeps

277 4218 345 4262 sese
356 4200 448 4280 plane
460 4198 610 4279 subjicere
621 4198 803 4275 debnomnt,
817 4215 910 4277 seque
924 4197 1004 4258 ultro
1019 4195 1221 4274 subjecerunt.

321 4303 346 4363 E
366 4301 529 4376 candorio,
546 4300 657 4380 pagani
671 4304 724 4361 aut
745 4299 877 4361 haretici
891 4303 1105 4379 persecutores,
1117 4294 1284 4358 doctrinam
1295 4309 1361 4356 sec-

281 4407 379 4466 tantes
392 4401 442 4462 rel
459 4407 560 4480 aperte
577 4399 751 4478 absurdam,
766 4401 814 4461 rel
828 4399 933 4462 saltem
946 4397 1102 4460 manifeste
1116 4397 1273 4470 incertam,
1288 4409 1362 4456 con-

280 4519 408 4564 sensum
422 4518 441 4562 a
453 4501 583 4562 subditis
597 4499 748 4562 catholicis
769 4501 888 4578 erigere
910 4499 1028 4574 volunt,
1042 4513 1133 4576 quem
1148 4494 1181 4556 hi
1202 4507 1363 4573 nunquam

280 4602 456 4683 praeduro,
472 4607 502 4662 et
515 4601 692 4682 apostasiam
710 4606 888 4680 extorquere
908 4605 1066 4675 conantur,
1079 4597 1129 4659 cui
1142 4597 1207 4657 sine
1220 4593 1363 4676 perjurio,

281 4704 349 4762 sine
370 4701 480 4763 intima
497 4700 683 4764 conscientie
697 4717 760 4762 sua
773 4698 1004 4762 contradictione
1018 4696 1183 4762 consentire
1197 4697 1363 4773 nequount.

406 4818 441 4866 u,
1206 4791 1225 4854 o
