3559 5675
568 782 675 832 stus.
699 802 738 817 -
760 782 846 830 cissa
867 781 1058 829 onooccrsus.
1303 765 1361 830 505

276 886 452 967 impellunt.
468 888 606 949 lamvero
619 888 743 951 evidens
757 895 803 951 est
812 886 965 951 doctorem
979 886 1165 965 theologum,
1179 886 1362 969 regularem,

272 988 433 1065 jesuitam
456 988 487 1047 in
508 990 709 1050 controversia
727 988 877 1067 religiosa,
894 994 955 1048 tam
974 987 1070 1065 gravi,
1084 1004 1152 1066 que
1167 986 1204 1047 ad
1217 988 1279 1049 vim
1294 1004 1364 1049 auc·

277 1088 409 1149 toritatis
426 1088 596 1168 pontificiae,
611 1089 689 1151 idest
707 1089 744 1151 ad
764 1089 901 1151 Ecclesiae
916 1086 1149 1149 fundamentum
1162 1087 1274 1167 ipsum,
1290 1105 1363 1167 per·

279 1188 380 1262 tinet,
400 1187 505 1248 multis
533 1189 735 1270 gravibusque
759 1189 912 1250 redonum
934 1188 1096 1249 momentis
1118 1186 1245 1267 impelli,
1262 1186 1363 1248 stricta

278 1287 374 1347 etiarn
394 1286 573 1365 obligatione
587 1290 701 1367 urgeri,
715 1295 751 1349 nt
768 1289 924 1351 veritatem
945 1294 1044 1367 aperte
1066 1303 1099 1349 ae
1118 1286 1244 1347 tidenter
1265 1286 1362 1366 expli·

277 1393 340 1463 cet,
350 1402 465 1448 errores
478 1389 642 1451 mntrarios
654 1388 752 1469 palam
765 1395 795 1452 et
808 1389 958 1469 impavide
972 1386 1098 1450 relellat.
1109 1388 1175 1448 llus
1186 1402 1258 1448 sane
1271 1387 1361 1465 perti·

278 1493 358 1548 nent
368 1486 421 1548 illa
431 1487 541 1549 Christi
556 1490 674 1555 bomini
688 1489 779 1551 uerba
792 1507 802 1553 r
818 1486 877 1563 Oui
889 1502 947 1549 nou
961 1495 1003 1549 est
1012 1506 1122 1549 mamm
1135 1491 1236 1547 contro
1249 1504 1294 1547 me
1306 1493 1358 1549 est.

184 1603 185 1625 ³
279 1590 373 1664 Ergo,
385 1586 443 1647 hoe
454 1588 519 1667 ipso
532 1588 610 1666 quod
626 1586 785 1652 dnbtorive
796 1596 827 1653 et
839 1588 1089 1665 conditionaliter,
1103 1592 1132 1649 et
1142 1593 1287 1666 tanquam
1302 1604 1362 1648 me·

184 1687 186 1724 ³
279 1704 351 1746 ram
369 1685 495 1765 factum,
513 1688 579 1749 sine
593 1688 659 1749 ulla
682 1690 858 1752 refutatione
874 1690 1011 1751 indicasti
1028 1687 1151 1765 gallicas
1170 1704 1218 1748 eas
1236 1703 1362 1748 consue-

183 1823 184 1828 κ
281 1784 434 1846 tudinesa
447 1786 610 1865 pontificiis
623 1790 886 1851 constitutionibus
901 1789 1025 1865 alienas,
1036 1804 1156 1867 grevmn
1174 1787 1276 1848 lectori
1290 1802 1360 1848 cau·

183 1910 186 1929 =
279 1900 350 1945 sam
363 1884 546 1964 suppeditas,
561 1903 616 1948 cur
633 1887 684 1949 ille
701 1896 730 1951 te
749 1889 787 1950 iis
802 1890 919 1968 gallicis
932 1888 1199 1951 consuetudinibus
1211 1886 1360 1949 laventem

182 1990 189 2029 t
278 1981 460 2063 suspicetur.
472 2016 513 2030 -
529 1983 680 2059 Quintum,
702 1988 785 2065 qnod
803 1990 903 2067 quarti
925 1994 970 2051 est
982 1988 1134 2067 quoddam
1153 1986 1358 2067 complemen-

182 2101 186 2110 ·
278 2090 368 2160 tum3
384 2084 458 2161 quia
475 2084 563 2146 facile
581 2086 671 2147 multi
690 2088 927 2164 arbitrabuntur,
946 2090 1012 2151 loca
1023 2088 1145 2167 quidem
1160 2087 1214 2149 illa
1228 2086 1359 2169 plurima

181 2192 190 2234 t
279 2181 442 2261 gallicanis
460 2185 681 2263 opinationibus
699 2190 895 2249 consonantia
915 2188 995 2250 ultro
1015 2206 1049 2250 ac
1068 2187 1358 2263 libe1·e,adnotatio·

181 2294 187 2336 ῑ
279 2299 357 2344 nem
377 2288 479 2344 annm
499 2284 584 2345 illam
605 2284 714 2347 ultimo
731 2286 796 2349 loco
812 2288 977 2364 subjectam
995 2294 1117 2365 cogente
1139 2288 1183 2347 tui
1196 2286 1358 2365 superioris

179 2382 190 2439 ':
280 2389 433 2464 praecepto
448 2390 477 2444 te
498 2387 723 2465 conseripsisse;
744 2404 778 2448 sc
798 2388 923 2465 proinde
943 2394 1025 2448 tuam
1045 2384 1223 2449 sententiam
1244 2402 1304 2446 nou
1326 2386 1359 2445 in

179 2501 185 2541 r
279 2482 338 2543 illa
352 2483 552 2562 adsumtione,
568 2484 618 2546 sed
642 2486 674 2545 in
691 2486 833 2565 plurimis
846 2488 883 2548 iis
897 2488 970 2549 loeis
983 2504 1048 2548 esse
1061 2484 1264 2565 quaerendam.
1283 2486 1358 2545 Nam

178 2603 190 2644 r
278 2597 351 2659 quae
364 2581 444 2643 ultro
462 2582 631 2661 loquimur,
651 2584 791 2647 fiduciam
801 2584 896 2648 animi
914 2604 948 2649 ac
963 2586 1163 2648 sinceritatem
1176 2584 1361 2662 ingenuitate

178 2736 184 2745 .
279 2682 348 2760 ipsa
361 2688 392 2742 et
406 2681 542 2743 libertate
565 2686 712 2747 sermonis
728 2684 826 2747 solent
843 2688 1025 2767 praeseferre.
1049 2685 1131 2748 Nihil
1152 2690 1253 2748 autem
1272 2702 1359 2765 aper·

177 2805 191 2848 s
278 2787 361 2854 tum,
375 2781 454 2843 nihil
467 2782 590 2844 tirmtrm
603 2785 636 2846 in
650 2784 703 2847 illa
715 2784 905 2849 adnotatione
919 2792 971 2847 tue
985 2786 1128 2848 contineri
1139 2787 1202 2864 jam
1214 2783 1357 2846 vidimus.

180 2902 190 2946 ε
280 2915 321 2926 -
341 2879 465 2942 &arom
487 2883 627 2963 deniqne,
648 2887 721 2963 quia
739 2903 847 2966 parum
861 2887 985 2948 lectores
1005 2885 1204 2948 movebuntur
1224 2883 1359 2962 generali

177 3012 187 3049 a
279 2999 319 3042 ea
342 2981 505 3058 locutione,
527 3001 589 3061 qna
610 2984 684 3046 dicis
704 2995 733 3047 te
756 2986 898 3048 omnibus
915 2985 1078 3067 pontificiis
1097 2983 1359 3046 constitutionibus

178 3111 180 3149 ε
280 3083 478 3160 romanisque
500 3083 666 3164 disciplinis
685 3103 750 3148 esse
772 3085 860 3148 corde
878 3092 908 3146 et
926 3086 1027 3146 animo
1048 3083 1298 3146 addictissimum.
1316 3083 1357 3141 Ex

178 3211 183 3251 ρ
279 3199 346 3261 qno
356 3182 439 3243 enim
453 3183 584 3244 vidimus
597 3191 730 3247 auctores
740 3183 956 3247 Deucalionis
971 3182 1133 3246 Gallicane
1146 3181 1360 3264 pulcherrimis

177 3314 188 3352 κ,
280 3281 384 3344 serbis
397 3281 567 3361 prolitentes
580 3301 625 3361 se,
636 3286 669 3346 in
682 3291 812 3364 quatuor
825 3285 889 3348 suis
901 3283 1047 3360 articulis,
1059 3284 1172 3362 quibus
1187 3289 1288 3344 tamen
1300 3284 1358 3344 Ro·

178 3416 180 3455 q
283 3383 370 3442 mani
386 3382 537 3445 Pontideis
550 3386 734 3466 principatus
747 3387 902 3462 evertitur,
921 3384 1100 3462 sanciendis,
1116 3399 1151 3445 eo
1168 3379 1359 3463 potissimum

183 3529 187 3552 ,
283 3488 432 3561 spectare,
453 3488 487 3542 ut
507 3483 590 3545 hunc
610 3485 810 3564 principatum
830 3485 868 3546 ab
886 3485 1093 3547 baereticorum
1115 3485 1230 3562 impetu
1253 3473 1361 3544 delen-

178 3622 188 3653 2.
284 3583 407 3660 decent,
435 3601 471 3644 er
489 3600 525 3645 eo
549 3590 680 3665 tempore
702 3602 763 3648 non
790 3586 863 3665 quid
883 3587 1063 3664 generaliter
1083 3590 1184 3647 auctm
1209 3583 1361 3663 quispiam

177 3719 185 3743 a
285 3683 463 3762 polliceatur
484 3690 536 3744 aut
556 3684 594 3745 de
613 3701 645 3746 se
664 3686 728 3765 ipso
749 3686 932 3764 testificetur,
947 3685 997 3747 sed
1013 3685 1111 3765 potins
1130 3683 1205 3762 quid
1219 3683 1251 3744 in
1266 3699 1363 3760 ques-

285 3784 423 3845 tionibus
444 3783 573 3861 singulis
596 3782 646 3846 ille
670 3787 791 3862 sentiat,
813 3785 888 3862 quid
910 3785 1026 3862 doceat,
1048 3782 1236 3845 considerare
1257 3797 1361 3842 omnes

285 3885 512 3945 consuevimus.

178 4056 179 4061 ἵ
328 3983 497 4044 Fatendum
511 4000 582 4061 ergo
596 3988 642 4046 est
653 3985 799 4046 lectorum
819 3985 936 4045 animos
949 3987 1051 4045 contra
1065 3980 1234 4042 Gallicanas
1248 3979 1363 4058 opinin-

178 4126 180 4159 ;
285 4099 342 4144 nes
354 4101 373 4143 a
386 4088 416 4144 te
429 4084 591 4162 propositas
605 4085 731 4145 minime
743 4082 934 4144 adnotatione
948 4082 1003 4143 illa
1016 4079 1209 4142 communiri.

330 4181 363 4243 3·
377 4181 426 4253 tt,
440 4180 520 4258 quod
535 4179 679 4258 gravimn
699 4183 843 4242 momenti
858 4188 913 4259 est,
929 4196 1119 4258 nequequam
1134 4193 1294 4258 possumus
1307 4177 1364 4238 hoe

287 4281 342 4342 tibi
365 4280 539 4357 concedere,
561 4281 684 4359 gallicas
703 4279 949 4356 consuetudines,
964 4286 999 4341 ut
1019 4281 1082 4360 ipse
1102 4278 1157 4354 ais,
1173 4295 1191 4338 a
1206 4277 1365 4357 pontificiis

285 4381 553 4444 constitutionibus
577 4382 690 4443 alienas
715 4379 841 4463 fortasse
867 4381 985 4461 aliquas
1008 4400 1026 4443 a
1053 4385 1082 4441 te
1113 4377 1302 4440 solummodo
1332 4382 1366 4439 ut

285 4483 403 4565 sectam
419 4481 571 4560 quoddam
590 4481 704 4543 relerri.
728 4479 783 4542 los
802 4483 902 4562 ipsum
918 4498 1025 4543 esrum
1042 4477 1295 4570 consuetudinum
1312 4479 1365 4541 ali·

285 4582 412 4664 qnando
425 4583 620 4662 apertissimis
633 4583 733 4645 verbis
747 4581 891 4661 affirmas,
907 4582 1088 4662 plerumque
1101 4583 1201 4646 serbis
1214 4580 1365 4660 ambiguis

285 4683 443 4748 affirmare
456 4683 575 4747 rideris.
