3559 5675
549 723 721 791 souma-2
740 738 1032 794 nortmannus.
1267 722 1325 789 too

258 848 520 913 demonstrantium
533 852 751 931 ‹protestantios
767 849 971 926 ,aulaeum
992 867 1112 911 craterem
1138 850 1324 929 religionem,
1439 924 1440 929 γ

255 966 370 1012 ominem
390 950 529 1012 socialem
546 948 682 1013 ordinem
708 951 854 1011 evertite
877 951 1004 1024 destrui,
1027 950 1205 1030 spernebant
1229 952 1325 1030 pervi-

254 1065 330 1109 caces
340 1048 482 1112 baeretici.
493 1049 574 1125 Quid
590 1056 654 1114 tum
665 1048 812 1113 altissima
826 1050 879 1111 liei
891 1047 1096 1130 providentia?
1112 1050 1322 1129 Anabaptietis,

254 1147 398 1225 sophistis,
414 1150 586 1224 terroristis,
598 1149 755 1210 sociatistis
774 1147 851 1209 iliud
867 1164 982 1209 munus
1003 1148 1173 1227 commisit,
1187 1154 1222 1209 ut
1240 1150 1324 1211 iactis

254 1250 346 1328 potius
358 1265 452 1327 quam
465 1250 563 1315 verbis
574 1249 676 1328 priam
684 1247 890 1323 ostenderent,
904 1260 965 1327 qrro
979 1247 1101 1311 undem
1110 1250 1322 1327 protestantica

252 1348 390 1428 principia
401 1366 466 1411 rom
476 1350 623 1429 privatam
632 1355 664 1411 et
675 1349 826 1430 publicam
838 1355 944 1429 suapte
962 1355 1071 1411 natura
1084 1347 1239 1413 deducant.

289 1449 418 1511 (ἴοιοιι.
435 1453 465 1509 ⁸2.
476 1480 515 1495 —-
529 1448 782 1526 Prostentantium
796 1448 881 1523 vitia,
896 1464 932 1508 ar
945 1449 1081 1526 pessimas
1098 1448 1185 1509 istius
1201 1447 1323 1515 baresii

251 1548 399 1627 principiis
413 1566 470 1609 sua
482 1554 587 1627 sponte
607 1547 799 1628 pullulantia,
820 1548 1010 1610 enumerarit
1028 1562 1126 1627 nuper
1145 1548 1321 1625 singillatim
1344 1592 1347 1599 .
1378 1602 1385 1617 ,

253 1664 282 1707 ac
303 1648 460 1727 descripsit
480 1647 685 1727 pulcherrime
705 1648 883 1726 Gasparina,
907 1644 1015 1707 nobilis
1037 1647 1162 1721 femina,
1184 1632 1328 1709 acerrima

252 1753 422 1823 protestans,
439 1747 472 1807 in
488 1746 587 1810 libello
600 1745 740 1826 strperius
758 1745 890 1817 laudato,
905 1746 936 1807 in
956 1762 1017 1825 qrro
1029 1746 1125 1807 marita
1135 1748 1200 1823 jam
1213 1756 1328 1825 protes-

254 1845 360 1913 tantium
374 1845 537 1925 serperbiae,
549 1842 725 1905 temeritatis
733 1858 767 1905 ac
777 1842 914 1904 stultitiae
927 1850 1105 1921 argummda
1116 1844 1326 1907 intiicavimus.

253 1944 318 2016 Quo
331 1945 459 2023 quidem
481 1946 554 2005 vitia
574 1942 759 2020 confidenter
782 1945 901 2020 egregia
920 1944 1036 2006 femina
1058 1944 1197 2023 explieat,
1217 1946 1328 2027 quippe

252 2046 383 2121 quesibi
399 2045 579 2125 persuadeat
599 2043 780 2105 foedissimas
793 2060 844 2105 eas
858 2044 940 2105 labos
961 2060 1020 2106 uon
1034 2044 1072 2107 ab
1086 2046 1151 2123 ipsa
1163 2052 1329 2125 protestan-

253 2144 325 2205 tismi
339 2152 464 2220 natura,
478 2145 530 2206 sed
542 2145 580 2205 ab
591 2144 752 2213 bominum
764 2143 969 2221 imprudentia
980 2150 1009 2205 et
1020 2144 1210 2223 improbitate
1223 2162 1329 2209 omues

253 2246 355 2307 coemi.
371 2248 435 2307 Nos
447 2262 529 2314 aero,
545 2244 599 2323 qui
613 2262 631 2304 a
643 2241 746 2323 priori
757 2242 1028 2305 demonstravimus
1042 2242 1097 2305 bas
1111 2251 1208 2321 pestes
1224 2256 1329 2307 omnes

251 2360 282 2402 cr
299 2343 535 2421 protestantismi
550 2349 658 2403 natura
671 2342 736 2421 ipsa
756 2340 894 2420 progigni
909 2346 1054 2417 oportere,
1070 2338 1143 2399 dum
1164 2356 1269 2403 eorum
1285 2345 1327 2403 vi·
1372 2394 1381 2413 ,

254 2444 356 2505 tiorum
370 2443 487 2521 quibus
501 2442 710 2522 protestantira
721 2456 794 2518 gens
808 2438 937 2501 tradatur
950 2448 979 2499 et
991 2442 1205 2519 corrumpitur,
1220 2444 1328 2502 verita·
1359 2506 1362 2511 ,

252 2548 306 2602 tem
319 2560 337 2603 a
350 2550 430 2605 teste
443 2544 633 2620 gravissimo,
647 2540 788 2618 quamvis
807 2540 952 2613 temineo,
966 2538 1121 2609 discimus,
1137 2541 1194 2603 bos
1211 2556 1328 2621 semper

253 2643 322 2721 apud
338 2660 393 2705 nos
410 2643 537 2703 tirmiter
550 2642 748 2713 constitutum
762 2638 957 2715 habebimus,
973 2640 1004 2699 iu
1019 2656 1071 2701 oos
1085 2642 1215 2720 morbos,
1231 2642 1262 2703 iu
1277 2658 1328 2705 eas

251 2743 460 2821 turpitudines,
476 2743 506 2801 in
521 2757 572 2802 cas
584 2741 768 2803 calamitates
781 2740 820 2800 ob
831 2756 924 2803 suum
938 2740 1037 2819 ipsum
1052 2742 1327 2827 protestantismum

250 2850 336 2903 sectas
359 2842 589 2921 protestanticas
608 2857 715 2902 omncs
736 2839 911 2918 devenisse3
934 2855 1091 2918 quamquo
1104 2842 1175 2902 maii
1190 2840 1326 2902 catholici

251 2943 385 3004 mudouo
408 2941 480 3002 boni
502 2943 587 3018 dant,
602 2941 654 3002 ubi
671 2940 708 3001 ad
723 2939 871 3020 principia
884 2938 1033 3018 catholice
1052 2941 1142 3000 vitam
1163 2954 1248 3001 suam
1261 2943 1327 3001 exi·

251 3048 327 3118 gant,
342 3049 543 3123 protestantes
553 3052 655 3104 contra
664 3059 701 3103 co
712 3057 832 3120 semper
845 3041 1007 3101 deteriores
1019 3043 1150 3114 tuturos,
1166 3057 1227 3118 quo
1241 3057 1326 3118 pres-

251 3142 309 3202 sius
328 3144 547 3223 protestanticar
564 3141 706 3203 doctrina
719 3139 750 3200 iu
763 3141 830 3200 vita
845 3155 908 3200 sum
928 3140 1041 3200 ratione
1055 3140 1260 3219 componenda
1275 3145 1326 3202 tn-

251 3237 388 3303 baercant.
661 3225 678 3229 ..
1153 3263 1155 3268 ¹

287 3340 329 3400 En
352 3342 448 3418 igitur
461 3339 581 3400 brevem
601 3339 768 3418 catalogum
791 3338 912 3415 triginta
925 3337 1067 3400 vitiorum
1087 3339 1201 3415 quibus
1215 3347 1326 3417 protos-

253 3443 354 3513 tantes,
369 3438 538 3516 Gasparina
551 3436 674 3515 quidem
689 3443 809 3498 auctore
820 3451 854 3498 as
867 3443 953 3513 teste,
966 3437 1100 3500 laborant
1116 3454 1124 3498 :
1163 3499 1166 3506 ,

289 3541 318 3596 1⁰
329 3535 481 3598 lactantio
493 3535 675 3616 pdorr'sor'co.
687 3562 726 3579 -
739 3536 859 3612 Singuli
876 3543 997 3614 peccata
1008 3553 1064 3598 sua
1078 3539 1229 3615 tutentur3
1245 3545 1276 3600 st
1288 3539 1325 3600 de

252 3636 333 3695 saetis
346 3650 413 3695 sura
433 3632 588 3711 loquentes
603 3635 715 3694 imitari
729 3634 826 3695 solent
839 3635 1025 3714 pharisaeum
1045 3637 1198 3696 orationi:
1217 3655 1232 3695 a
1247 3639 1325 3698 treus

251 3735 357 3806 gratias
367 3750 426 3810 ago
440 3733 505 3804 tibi,
521 3735 593 3811 quia
607 3749 669 3795 non
682 3751 752 3794 sum
766 3733 843 3793 sicut
855 3735 952 3794 catari
967 3733 1155 3795 bominum»
1175 3735 1230 3814 (o).

286 3837 318 3894 2⁰
331 3833 585 3898 contradictiones
596 3834 703 3916 quidus
716 3849 810 3895 smum
823 3834 882 3912 ipsi
891 3842 1038 3915 pappant.
1046 3865 1087 3880 -
1095 3837 1225 3915 Papistas
1238 3836 1326 3897 daru-

252 3943 333 4010 nant‚
343 3935 425 4014 quod
446 3937 615 3998 auctoritati
629 3936 766 3998 Ecclesia
778 3934 810 3995 in
822 3935 892 3996 tidei
906 3933 1048 3998 doctrinis
1061 3933 1229 3996 statuendis
1241 3937 1325 3997 iuni·

253 4037 345 4096 untur
356 4055 364 4107 ;
375 4043 408 4097 at
421 4036 554 4116 idipsum
566 4036 665 4116 stipsi
678 4036 792 4097 troium
806 4033 857 4113 td).

282 4296 318 4362 (a)
331 4317 344 4342 ι
357 4297 425 4348 dous
436 4309 513 4347 atoue
529 4295 575 4346 tait
586 4301 692 4347 mutent
703 4297 736 4347 bu
751 4309 810 4347 nom
828 4295 858 4346 dc
871 4309 916 4346 uos
933 4293 1063 4358 Epium...
1075 4295 1096 4346 lc
1115 4295 1201 4346 mitior
1216 4289 1250 4346 du
1263 4296 1325 4360 pba-

253 4369 334 4419 turcas.
349 4371 452 4419 domme
465 4381 509 4433 pnr
519 4370 629 4426 bomaio,
641 4380 703 4418 noue
721 4382 784 4418 nous
796 4369 913 4434 trappons
926 4368 949 4416 la
967 4370 1074 4431 poitrtua
1081 4383 1090 4430 ;
1102 4371 1186 4418 reurrtr
1198 4381 1227 4418 eu
1242 4381 1323 4434 corps,

255 4451 316 4490 nous
327 4455 403 4493 avons
422 4444 529 4505 qouque
547 4439 645 4493 rettctte
656 4441 688 4491 de
699 4451 763 4490 nous
781 4446 847 4490 teuu
864 4437 967 4502 debriut,
975 4447 1024 4490 ctr.
1036 4437 1194 4505 nidrosiensi
1205 4439 1324 4507 minum

255 4520 438 4578 rraatpropus,
450 4513 531 4578 par).
1255 4561 1257 4566 ,

285 4585 319 4646 ib)
331 4604 343 4630 ι
356 4587 391 4636 bn
404 4584 548 4636 cotoneo...
559 4583 633 4634 discit
643 4584 730 4635 encore
741 4595 790 4647 que
809 4597 870 4634 nous
882 4597 993 4635 summes
1008 4585 1118 4649 papates
1134 4582 1197 4636 dunt
1209 4582 1323 4645 iduum„

255 4661 277 4705 et
286 4670 313 4707 cc
324 4661 416 4719 diuam,
426 4658 444 4707 u
455 4658 530 4708 dtestt
539 4661 601 4708 troi.
617 4681 647 4694 -
656 4655 722 4708 dous
733 4667 841 4707 mmmcs
851 4655 979 4724 beaucoup
988 4659 1045 4722 pius
1055 4657 1206 4722 ratboiiquss
1216 4659 1325 4711 minatus

255 4739 300 4792 que
312 4739 373 4782 nour
385 4743 418 4782 oo
430 4733 453 4781 ts
463 4741 579 4794 oropum,
590 4734 638 4780 etc.
651 4727 733 4795 ·(n..
742 4741 769 4796 p.
784 4727 833 4792 tn.
