3559 5675
446 726 506 789 392
859 740 939 785 runis
959 734 1119 785 aaronque

449 846 654 906 ueoussitntem
681 845 752 905 maii
772 862 791 905 s
810 861 842 904 se
865 840 1071 921 propulsandi,
1092 836 1173 914 quod
1193 829 1353 892 seeundum
1372 827 1487 887 rationem

450 952 504 1013 iiia
524 952 662 1033 possitae
674 950 811 1013 debeata
829 966 861 1009 se
872 947 1048 1027 propellere.
1065 942 1155 1021 Atqui
1168 940 1225 1001 boo
1238 936 1336 1017 ipsum
1350 932 1415 993 nihii
1426 932 1489 991 eliud

448 1059 494 1113 est
507 1068 599 1129 quarn
619 1052 673 1129 jus
693 1066 784 1110 suum
800 1049 875 1109 tueri
894 1048 1002 1126 (365).
1019 1048 1096 1121 Ergo
1117 1039 1233 1104 bellum
1248 1035 1333 1097 debet
1346 1049 1403 1093 esse
1414 1047 1491 1109 pugna

448 1151 547 1229 adjus
559 1149 706 1212 tuendum
718 1154 864 1229 suscepta.
974 1213 978 1223 ,

491 1248 580 1313 rtet.
604 1250 736 1312 Conone.
759 1250 789 1309 1.
803 1279 839 1293 -
855 1250 921 1322 lus,
938 1244 1019 1325 quod
1040 1242 1140 1305 ornnis
1161 1239 1242 1301 natio
1263 1234 1358 1303 habet,
1376 1230 1407 1291 ed
1424 1228 1493 1289 alian

452 1350 604 1411 nationem
634 1348 715 1411 beilo
738 1346 933 1429 appetendum
952 1348 1042 1423 justu
1069 1360 1130 1405 suu
1143 1335 1335 1413 ¹defensionis
1361 1346 1449 1401 otuu,
1469 1326 1496 1386 ad

452 1464 586 1511 amorem
609 1448 710 1528 ipsum
730 1446 994 1509 internetionalsnr
1017 1442 1154 1521 pertinet.
1177 1436 1295 1498 ibellum
1319 1432 1395 1493 enim
1413 1426 1497 1488 ideirco
1559 1449 1560 1507 q

451 1554 570 1611 tantum
584 1548 695 1628 suscipi
710 1550 792 1626 Juste
803 1552 910 1627 potest,
926 1551 960 1604 nt
971 1558 1045 1621 gons
1057 1540 1172 1618 aliqua,
1182 1536 1274 1615 aliurn
1287 1537 1401 1609 gentem
1413 1528 1499 1603 injnnr
1560 1563 1561 1639 q

449 1649 593 1721 afficiens,
612 1650 690 1708 intra
702 1646 816 1708 ordinis
829 1652 859 1707 et
877 1642 1041 1707 honestatis
1061 1641 1173 1701 limites
1189 1636 1220 1697 vi
1234 1635 1346 1695 inuitus
1365 1628 1497 1703 redigatur·
1561 1675 1562 1769 1

452 1750 532 1811 Ordo
550 1752 651 1809 autem
662 1747 844 1809 ethonestes
855 1752 927 1807 sunt
949 1743 1077 1824 proiecto
1090 1740 1203 1801 bonum
1219 1734 1353 1795 bominis
1364 1729 1499 1809 perpriun.
1561 1770 1562 1773 ,

455 1849 533 1925 Ergo
542 1852 678 1917 bonatus,
691 1845 746 1923 qui
755 1861 909 1905 armorum
921 1844 949 1903 vi
964 1842 1014 1903 tiat
1026 1840 1061 1901 ad
1076 1838 1212 1901 ordinem
1221 1840 1250 1895 et
1260 1832 1436 1893 honestatem
1446 1828 1502 1885 inter

454 1946 529 2006 duas
545 1944 682 2005 nomes
698 1942 929 2019 restituendum,
946 1941 1040 2003 tendit
1051 1938 1139 2020 plane
1152 1934 1190 1997 ad
1203 1947 1365 1995 eommnne
1376 1929 1503 2002 utriusqus

456 2044 586 2107 nationis
607 2043 734 2103 bonnm.
759 2047 870 2105 verum
891 2041 1016 2119 quidem
1031 2045 1087 2115 est,
1102 2052 1163 2097 nou
1185 2050 1251 2095 raro
1272 2030 1332 2092 sub
1343 2030 1418 2107 juris
1430 2026 1505 2105 speeie
1564 2013 1565 2089 i

458 2142 646 2221 tyrannidem
668 2148 758 2219 auus
779 2142 924 2219 injurium
945 2140 1025 2202 bello
1045 2137 1206 2211 sustineri3
1227 2148 1288 2195 uon
1303 2126 1505 2201 raroebsuqiu
1565 2126 1566 2174 t

455 2242 525 2319 jure
539 2240 604 2319 ipsu
617 2241 710 2301 armis
726 2239 921 2312 vindicando,
936 2238 1133 2299 inhumanam
1150 2234 1247 2313 potius
1260 2229 1386 2290 ultionis
1400 2224 1507 2302 uolupta-
1566 2238 1567 2267 t

461 2347 535 2416 tem,
547 2356 639 2419 quam
646 2343 762 2419 justam
774 2340 887 2402 ordinis
902 2340 1055 2401 victoriam
1066 2334 1195 2413 exquiri.
1208 2334 1243 2393 At
1254 2330 1320 2391 iraeu
1330 2322 1508 2391 omniaboni-
1567 2353 1568 2367 1

460 2440 508 2501 nis
525 2438 715 2519 passionibus
736 2441 844 2501 misero
857 2437 1014 2501 servientis
1026 2431 1225 2495 aberrationes
1244 2433 1328 2505 sunt,
1344 2430 1510 2489 nonaotnun
1568 2468 1569 2479 ,

458 2538 661 2600 humanorum
675 2539 820 2617 objectiva
832 2540 907 2600 ratio
920 2544 948 2599 et
961 2536 1034 2598 ordo
1048 2531 1193 2597 naturalis
1218 2530 1319 2603 Quare
1333 2528 1388 2588 boe
1400 2539 1510 2601 uorupsr·
1569 2577 1570 2591 ,

457 2644 524 2698 tum
535 2644 564 2699 et
575 2638 761 2719 exploratum
774 2644 830 2716 est,
842 2638 958 2699 bellurn
971 2632 1140 2714 quodlibet,
1153 2648 1189 2693 en
1203 2636 1318 2689 naturae
1331 2626 1453 2705 legibus,
1464 2637 1512 2681 osse
1570 2691 1571 2739 1

460 2736 617 2799 uolonum
643 2735 758 2799 urdrus's
785 2736 1027 2799 iutemutionoiis
1054 2731 1267 2817 defensioque.
1293 2746 1350 2789 ⁸01¹
1376 2722 1512 2787 Visslffifflffl
1570 2744 1572 2825 '2

464 2837 644 2900 reaetionom
656 2836 798 2898 adversus
810 2836 1063 2917 perturbationem
1076 2837 1190 2900 ordinis
1206 2837 1448 2906 internatiouaiis.

503 2939 635 3002 Cottots·
649 2935 681 2998 2.
694 2969 732 2980 —
745 2939 789 3000 Ex
799 2942 907 2998 natura
916 2936 988 2998 belli
1000 2938 1043 3000 sie
1057 2938 1252 3000 determinata
1266 2939 1354 3000 recila
1370 2937 1448 2998 illius
1461 2949 1515 3014 pre

478 3039 559 3116 ipuae
569 3038 651 3115 leges
664 3037 857 3114 colliguntur.
873 3039 992 3099 Etenim
1009 3039 1049 3114 1⁰,
1062 3040 1208 3116 quoniam
1221 3037 1339 3100 beburn
1351 3042 1394 3098 ost
1408 3035 1517 3116 pluriun

464 3137 622 3198 nationum
635 3135 804 3214 oonssiotus,
819 3153 925 3198 omnes
937 3136 1021 3198 iltius
1033 3143 1118 3206 notus
1130 3137 1239 3198 debent
1250 3153 1314 3198 esse
1328 3137 1455 3198 sociates.

505 3241 536 3296 2·
550 3236 670 3298 Bellum
681 3236 868 3298 restaurandi
881 3237 996 3297 ordinis
1009 3253 1099 3298 oausa
1109 3239 1219 3316 suscipi
1232 3239 1334 3299 solnm
1346 3238 1432 3299 debet
1446 3251 1453 3293 :
1466 3247 1519 3308 erqo

465 3352 570 3398 ornnes
583 3338 651 3413 eJ'us
666 3343 750 3398 aetus
769 3337 868 3398 ordini
887 3353 1064 3416 eonsonare,
1080 3337 1156 3400 idest
1168 3339 1244 3416 justi
1258 3345 1287 3399 et
1299 3340 1378 3418 requi
1395 3354 1466 3410 esse,
1478 3333 1519 3394 de-

465 3435 548 3497 bent-

507 3537 539 3596 3·
553 3534 671 3596 Bellum
680 3541 725 3596 est
734 3535 866 3599 uiolenta
876 3537 1024 3600 detonsio:
1036 3555 1106 3616 ergo
1115 3541 1215 3602 omnis
1225 3539 1349 3617 quidem
1361 3540 1405 3602 iiii
1415 3535 1522 3600 efficacis

466 3645 497 3699 et
515 3637 562 3698 ris
580 3635 616 3698 ad
638 3636 727 3699 telem
749 3637 945 3701 defensionen
968 3641 1135 3702 necessaria
1156 3641 1395 3719 tribuendaest3
1410 3633 1523 3700 atsinnt

468 3737 507 3800 ab
520 3737 603 3800 omni
616 3737 770 3814 violentia,
784 3757 877 3818 quam
895 3741 975 3818 juris
989 3739 1122 3800 defensio
1142 3757 1203 3800 non
1220 3742 1390 3802 necessario
1405 3737 1522 3819 postulet,

468 3853 590 3918 prorsus
602 3843 647 3898 est
659 3837 884 3900 abstinendum.
899 3835 941 3900 De
955 3837 1003 3900 bis
1022 3837 1140 3916 iegibus
1158 3840 1334 3918 singillatim
1348 3855 1431 3901 nune
1446 3837 1523 3896 disse-

468 3937 598 4004 rendum
606 3944 662 4002 est.

871 4134 1079 4198 antistibus
1100 4138 1136 4198 11.

472 4329 515 4392 lie
530 4330 705 4392 auctoritate
719 4327 759 4390 od
775 4345 865 4410 quom
884 4327 956 4392 belii
969 4325 1164 4391 denuntiandi
1175 4337 1203 4392 ei
1214 4327 1395 4410 perendijus
1407 4321 1525 4407 pertrbet.

511 4537 600 4600 1185.
627 4539 696 4600 Pus.
727 4540 810 4600 585¹.
833 4569 874 4585 -
899 4499 1016 4600 Beiturn
1045 4553 1099 4600 nee
1126 4536 1296 4598 denuntiari
1324 4553 1378 4598 neo
1404 4535 1463 4612 geri
1486 4545 1526 4590 nor

469 4635 622 4716 abrumpi,
646 4638 705 4698 uisi
730 4655 748 4700 e
776 4655 917 4718 suprema
942 4639 1090 4716 utriusque
1113 4637 1242 4709 nationis
1268 4635 1449 4706 auctoritate,
1471 4633 1526 4708 jure

471 4741 577 4818 potest.
688 4790 693 4798 ,
