3559 5675
447 764 487 826 88
855 784 936 835 rurus
956 786 1116 835 retrursus

446 883 579 965 danique
598 889 639 951 ot)
658 890 826 953 ahsolutum
848 892 980 956 tiliorum
999 894 1038 955 ab
1057 892 1164 957 iisdem
1182 892 1423 973 dependentium.
1442 892 1511 965 Ergo

448 986 573 1049 nntium
584 990 712 1068 publica
722 993 886 1053 auctoritati
896 994 949 1070 jnr
958 994 1099 1073 competit
1110 994 1141 1054 in
1150 994 1296 1074 privatam
1305 991 1437 1053 filiorum
1447 986 1511 1053 edu·

448 1088 597 1151 ortionem
608 1094 644 1150 ut
655 1106 724 1152 eam
733 1091 771 1152 ad
785 1092 942 1171 publicum
955 1094 1070 1155 bonum
1083 1093 1209 1155 ordinet.

488 1192 520 1249 2·
540 1190 670 1253 Positiua
682 1209 737 1254 seu
750 1195 861 1255 mentia
877 1212 932 1256 reu
945 1212 1067 1258 morum
1087 1196 1249 1275 corruptio,
1263 1193 1385 1272 quando
1398 1190 1451 1251 illa
1468 1206 1513 1251 no-

449 1289 523 1349 teria
549 1298 613 1370 est,
633 1292 761 1371 publica
784 1294 968 1357 auctoritatis
991 1296 1112 1359 tutelam
1133 1296 1199 1357 sinc
1222 1294 1315 1355 dubio
1337 1290 1466 1371 postulat
1482 1288 1514 1349 ob

450 1386 532 1465 leges
545 1388 745 1471 hypostaticas
762 1394 911 1459 societatis
924 1396 1094 1477 compositas
1108 1396 1143 1473 (l.
1160 1410 1205 1471 vr,
1219 1410 1246 1456 c.
1261 1392 1303 1471 6).
1316 1394 1355 1453 tt
1366 1404 1513 1467 nunquam

449 1496 577 1567 possum
600 1498 739 1570 parentes
766 1493 825 1556 dici
857 1496 1028 1560 domestice
1055 1496 1203 1559 societatis
1233 1497 1438 1571 corruptores,
1465 1488 1514 1547 nisi

449 1587 572 1664 quando
585 1590 663 1653 filios
676 1610 752 1656 suos
762 1595 943 1658 abstrahunt
953 1596 996 1673 ,an
1011 1597 1065 1659 ille
1078 1612 1148 1659 vero
1161 1600 1190 1656 et
1201 1593 1255 1654 illo
1269 1591 1396 1653 honesto
1408 1588 1444 1649 nd
1457 1600 1515 1665 qua

450 1687 508 1769 ipri
526 1698 664 1769 pnrcmm
679 1700 753 1756 sunt
773 1696 897 1773 obligati
911 1694 1070 1773 metaliter,
1085 1695 1199 1757 scilieet
1218 1698 1369 1771 quaunus
1390 1688 1435 1751 illi
1454 1691 1516 1747 suut

450 1788 580 1867 publiea
599 1793 750 1858 societatis
769 1796 917 1857 membra.
940 1798 970 1859 Si
993 1798 1074 1859 enirn
1099 1795 1185 1858 nulla
1207 1798 1346 1874 parentes
1371 1790 1439 1851 tatis
1457 1787 1516 1849 doc

452 1888 538 1951 uina
561 1893 733 1970 profitendo
751 1895 884 1957 vertatis
902 1896 979 1974 legis
996 1896 1120 1958 moralis
1134 1894 1327 1957 obseruanda
1337 1888 1517 1966 obligatione

452 2004 525 2066 crgo
550 1991 703 2070 publicam
732 1995 903 2057 societatem
930 2002 1100 2073 teneantur,
1123 1994 1246 2057 nultum
1271 2010 1307 2055 er
1323 1990 1451 2053 adverso
1472 2002 1518 2064 pu·

452 2086 540 2151 blica
555 2092 688 2154 societati
696 2097 751 2173 jus
763 2096 821 2157 erit
830 2098 898 2174 ejus
911 2094 1051 2157 doctrinm
1066 2094 1280 2176 professionem
1298 2096 1350 2153 aut
1372 2091 1439 2167 ejus
1454 2084 1518 2161 legia

453 2186 694 2251 ebremationem
713 2194 919 2272 aparentibus
932 2210 1097 2271 eorumque
1120 2191 1249 2254 subditis
1267 2188 1420 2267 erigendi.
1441 2181 1518 2262 Atqui

452 2286 576 2366 publica
588 2290 713 2353 societas
723 2292 813 2355 habu
824 2295 878 2371 J'us
895 2298 925 2355 et
944 2292 1082 2359 cilicium¹
1101 2291 1239 2369 exigendi
1253 2290 1291 2353 ab
1311 2289 1454 2351 omnihus
1466 2285 1520 2346 suis

453 2386 600 2451 memhris
622 2392 861 2457 observationem
880 2394 1028 2457 naturalis
1046 2393 1226 2467 honestatis,
1248 2406 1316 2471 qua
1341 2390 1474 2469 primum
1492 2400 1520 2445 ae

455 2490 644 2570 praecipuum
658 2499 704 2553 est
715 2495 852 2571 cujusvis
865 2492 1011 2557 societatis
1021 2495 1147 2581 honum.
1161 2497 1240 2571 Ergo
1248 2506 1371 2553 morum
1384 2486 1521 2567 corruptio

455 2586 505 2648 rei
523 2588 681 2667 religionis
700 2594 831 2669 socialis
850 2595 901 2655 cui
921 2600 1106 2674 parentasse
1126 2594 1304 2665 addixerint,
1327 2590 1522 2672 depravatior

456 2692 631 2769 punctione
651 2694 686 2754 in
700 2710 790 2757 suam
811 2694 960 2759 lauritium
984 2698 1123 2775 inductae,
1138 2696 1246 2760 delicta
1263 2694 1388 2758 socialia
1406 2698 1483 2768 suot„
1496 2706 1523 2751 ac

458 2790 584 2870 proinde
603 2795 718 2874 optimo
732 2798 802 2875 J'ure
818 2804 916 2879 potest
936 2799 1059 2862 sociatu
1072 2805 1102 2861 et
1119 2799 1239 2878 J‘urium
1259 2802 1455 2878 paternorum
1474 2808 1523 2854 usu

458 2890 577 2972 privare
589 2901 619 2955 et
631 2897 758 2976 positiva
767 2914 856 2979 poena
869 2900 1016 2963 mulctare
1028 2899 1097 2962 illos
1109 2905 1255 2981 parentes,
1268 2914 1346 2977 quos
1362 2898 1469 2959 horum
1478 2893 1525 2955 cri·

459 3007 581 3058 mroum
592 2999 763 3061 convicerit.
1374 2994 1378 3004 '

499 3095 594 3160 Pron.
617 3102 652 3160 2⁸
670 3116 758 3163 rear.
769 3133 811 3150 -
823 3102 856 3165 si
866 3103 950 3164 filius
960 3101 1082 3165 adultus
1093 3103 1263 3180 religiosam
1277 3099 1444 3162 doctrinam
1455 3113 1472 3156 a
1484 3111 1526 3174 pt·

461 3201 548 3259 terna
559 3199 751 3263 institutione
764 3201 906 3264 hauatm
919 3203 1074 3279 agnouerit
1094 3217 1159 3263 esse
1175 3199 1290 3272 misam,
1306 3215 1404 3278 eaque
1418 3201 1524 3275 rojecta,

459 3297 497 3359 rd
514 3313 618 3359 uerum
638 3300 816 3378 religiooem
834 3302 963 3362 transire
983 3301 1069 3372 uelit,
1091 3307 1162 3362 tuuc
1174 3299 1301 3380 publicar
1320 3299 1467 3368 societati,
1482 3311 1526 3353 tt-

461 3411 528 3458 ram
544 3395 624 3460 hauc
642 3397 820 3474 religionem
833 3399 996 3478 profitenti,
1006 3402 1059 3476 jue
1080 3403 1191 3462 iterum
1209 3405 1239 3462 et
1258 3399 1393 3462 efficium
1405 3400 1461 3459 erit
1471 3397 1527 3473 ejus

462 3495 519 3558 tilii
539 3497 634 3559 adulti
655 3500 768 3574 tuendij
781 3507 886 3561 eontra
906 3501 1060 3564 obruente
1078 3517 1145 3580 que
1163 3501 1208 3562 illi
1229 3501 1305 3562 torte
1326 3517 1343 3561 a
1367 3495 1527 3579 parentibus

462 3601 694 3675 opponerentur.
719 3598 839 3658 Etenim
862 3595 946 3659 filius
967 3601 1106 3676 quisque,
1129 3599 1180 3660 uhi
1203 3598 1240 3659 ad
1266 3597 1393 3676 plenum
1417 3593 1528 3658 rationis

463 3713 556 3761 urum
574 3699 754 3776 pervenerit,
767 3701 834 3776 jam
849 3703 894 3760 eet
911 3700 1040 3762 naturali
1057 3703 1127 3779 jure
1140 3699 1251 3760 arbiter
1270 3699 1459 3760 internarum
1471 3709 1528 3754 sua·

463 3814 534 3859 rum
543 3800 764 3878 operationum,
776 3800 925 3878 habeupue
939 3801 1074 3863 naturale
1085 3803 1137 3878 jus
1149 3797 1323 3878 prodiendo
1337 3801 1407 3877 ejus
1418 3797 1528 3873 religio·

464 3898 514 3959 nis
524 3915 618 3977 quam
628 3915 730 3962 reram
740 3917 805 3963 erre
815 3899 994 3978 iudicaverit
1005 3901 1096 3980 (833).
1110 3901 1198 3978 Ergo,
1213 3899 1238 3960 si
1252 3899 1310 3960 hoe
1318 3901 1371 3975 jue
1382 3898 1529 3960 violatura

466 3999 653 4078 parentibus,
669 4001 790 4081 publiea
800 4003 972 4077 auctoritas,
985 4003 1073 4077 eujus
1090 4006 1135 4062 est
1149 3999 1299 4062 naturalia
1313 4001 1461 4061 sociorum
1468 3999 1529 4074 jure

465 4100 569 4164 omnia
580 4103 684 4178 tutari,
699 4109 796 4183 potest
812 4101 946 4164 redebet
959 4117 1029 4162 euru
1044 4099 1141 4160 lilium
1158 4115 1175 4158 a
1191 4105 1314 4177 paterna
1324 4097 1465 4158 uiolentia
1476 4095 1532 4154 riu·

466 4199 577 4276 dicare,
589 4199 680 4263 modo
697 4200 819 4279 publica
837 4201 997 4262 auctoritas
1011 4215 1078 4259 cnm
1094 4197 1269 4275 religionem
1281 4196 1330 4258 cui
1346 4211 1379 4257 se
1397 4195 1478 4256 filiun
1489 4191 1531 4252 ad·

465 4297 563 4360 dicere
576 4298 653 4367 vult.
666 4315 767 4360 ueram
779 4315 843 4360 csrc
852 4306 882 4359 et
890 4299 955 4378 ipsa
966 4295 1148 4377 profiteatur.

508 4399 601 4460 Pron.
623 4397 657 4458 3·
676 4411 762 4459 rrae.
782 4429 820 4444 -
833 4398 865 4458 Si
878 4401 1018 4478 parentes
1027 4397 1091 4473 iam
1107 4395 1169 4455 sint
1188 4393 1355 4456 uoluntaria
1373 4389 1532 4454 ernestone

466 4499 593 4576 subtecti
610 4515 688 4561 uero
706 4497 753 4560 illi
766 4497 907 4577 religioni
922 4513 1015 4575 quam
1029 4495 1150 4575 publicu
1165 4496 1290 4556 societas
1303 4508 1426 4572 quoquc
1442 4487 1532 4571 patrm

468 4603 610 4672 rectatur,
632 4603 703 4658 tunc
720 4597 842 4658 evidens
860 4601 918 4670 est,
934 4595 1012 4657 sicut
1028 4609 1116 4671 grave
1126 4595 1240 4655 crimen
1255 4593 1311 4672 ipsi
1325 4591 1533 4654 committerent

469 4697 507 4763 ab
524 4713 560 4756 ea
570 4695 787 4758 contraderem
808 4695 899 4756 tidem
918 4693 1093 4770 deficiendo,
1109 4694 1150 4754 ite
1161 4693 1284 4769 majoris
1298 4685 1530 4753 adhuccrirninis

468 4813 519 4857 eos
532 4813 598 4858 reos
609 4796 684 4870 lore,
698 4794 751 4855 ubi
765 4795 844 4855 tilios
853 4809 925 4855 euos
941 4793 971 4854 in
983 4793 1102 4856 sceleris
1113 4793 1357 4854 communionem
1372 4788 1533 4851 involunta-
