3559 5675
588 793 696 839 suune.
721 810 760 824 -
782 792 866 840 neuen
886 794 1024 842 correus.
1286 780 1342 845 ill

259 896 407 959 hactenus
421 899 559 960 traditam
570 900 679 979 opponi
696 906 802 979 posset,
814 917 849 962 ex
860 901 914 962 illa
928 902 957 962 id
970 901 1126 980 consequi,
1138 900 1254 962 bomini
1265 916 1343 963 ana·
1410 930 1413 937 ·

259 1002 327 1058 ture
341 999 437 1059 [inem
459 1000 738 1078 quemdcm'iuisse
757 1002 924 1079 prefixum,
944 1001 979 1067 ad
1000 1018 1093 1080 quem
1111 1017 1270 1079 nunquam
1291 1000 1343 1063 ille

257 1104 464 1177 perventurus
483 1102 532 1161 sit.
551 1102 589 1161 At
606 1100 668 1161 baec
682 1101 810 1178 objectio
823 1108 867 1162 est
879 1101 1002 1180 quiidem
1018 1102 1127 1163 eiiicax
1151 1108 1253 1163 contre
1276 1101 1344 1164 illos

257 1216 379 1275 omnes,
399 1202 454 1277 qni
478 1201 606 1281 humani
627 1190 699 1262 boni
723 1207 864 1263 naturam
884 1216 1006 1263 omnem
1026 1202 1230 1281 inuoluptate
1253 1204 1344 1281 atque

257 1300 388 1360 utilitate
410 1303 610 1379 constituunt,
630 1308 659 1363 et
681 1300 790 1364 idcirco
811 1303 927 1364 bonum
950 1302 1105 1365 essentiale
1127 1320 1143 1363 a
1162 1302 1242 1363 bono
1263 1304 1342 1364 ecci-

257 1398 370 1459 deutnli
384 1399 574 1478 distinguere
585 1407 740 1480 nequeunt
756 1424 763 1460 ι
780 1401 813 1461 bi
827 1418 959 1479 namque
974 1402 1052 1462 nibil
1064 1394 1267 1479 habenl'uuod
1281 1419 1343 1464 res-

257 1498 427 1575 pondeant,
442 1518 540 1578 quum
559 1517 654 1578 genus
672 1502 846 1562 humanum
864 1484 1044 1564 universum
1056 1502 1093 1561 iis
1107 1500 1274 1561 ostenditur
1296 1518 1342 1564 ee·

257 1612 323 1656 rere
339 1597 408 1658 illis
419 1598 515 1660 terme
533 1600 686 1678 omnibns,
702 1616 770 1677 que
784 1600 842 1679 ipsi
857 1600 972 1661 bontrm
988 1599 1122 1660 hominis
1138 1596 1299 1678 appellant,
1315 1606 1344 1661 et

257 1698 347 1772 cujus
359 1699 603 1760 consecutionem
617 1700 725 1761 iuturae
737 1698 857 1761 cuidam
867 1700 1028 1760 hominum
1042 1696 1239 1776 generationi,
1249 1698 1343 1775 quam

258 1800 406 1856 eraeteris
421 1796 570 1859 diversam
584 1799 864 1876 comminiscuntur,
880 1800 901 1859 ii
917 1798 1107 1877 pollicentur.
1137 1876 1141 1886 .
1290 1794 1295 1802 “

297 1898 336 1953 nt
349 1912 387 1955 ex
410 1914 479 1957 uera
494 1898 629 1959 doctrimt
646 1898 743 1959 facilis
758 1898 917 1977 ‘responsio
943 1898 1102 1975 colligitur.
1124 1894 1236 1959 Notene
1259 1898 1341 1965 enim

259 1992 417 2055 bominem
438 2014 592 2075 quemque
610 2016 643 2060 uc
657 1999 824 2059 societatem
844 1997 973 2058 destinet
992 1996 1028 2059 ad
1045 1998 1159 2058 bononi
1179 1993 1339 2074 dunestane,

260 2096 337 2170 qrrod
354 2114 464 2157 omncs
477 2105 507 2159 et
524 2100 637 2175 singuli
651 2098 790 2160 homines
803 2100 910 2176 quovis
933 2098 1042 2159 seculo
1057 2102 1085 2158 et
1101 2098 1133 2156 in
1149 2110 1341 2173 quocumque

262 2193 354 2252 utilis
368 2195 498 2256 culture
517 2196 611 2273 gradu
632 2198 750 2273 assequi
772 2212 890 2273 semper
910 2200 1044 2274 possunt.
1066 2196 1183 2257 Etenim
1200 2208 1261 2254 non
1285 2194 1341 2253 isto

264 2294 468 2372 potiusquam
489 2296 544 2356 illo
564 2296 659 2355 ciuilis
677 2295 868 2375 perfectionis
889 2294 986 2371 gradu
1000 2294 1166 2367 obtinetur,
1184 2292 1235 2352 sed
1259 2298 1340 2353 recto

269 2406 324 2449 usu
340 2392 421 2453 illins
437 2394 565 2453 culture
578 2393 685 2470 ciuilis,
701 2393 844 2470 adquam
859 2390 1252 2469 societasjem'pervenerit.
1270 2391 1340 2452 Om-

269 2489 428 2552 bisantem
455 2493 553 2554 ciuilis
575 2493 714 2573 perfectio
733 2496 779 2552 est
799 2496 904 2571 suapte
925 2497 1031 2552 nature
1052 2488 1179 2550 medium
1201 2488 1245 2550 ad
1261 2488 1339 2551 illud

263 2586 371 2649 bonum
386 2592 510 2653 honesti
522 2597 552 2653 et
561 2591 598 2652 ad
612 2592 723 2653 iuture
732 2592 800 2652 vite
808 2590 980 2654 felicitatem
995 2590 1235 2653 subordinatum.
1248 2591 1338 2669 Ergo,

261 2692 528 2768 quantulacunque
543 2691 596 2752 illa
608 2690 729 2752 tandem
746 2691 895 2775 sitmcdo
909 2691 947 2753 ad
962 2691 1038 2753 bene
1049 2707 1152 2754 veram
1165 2690 1339 2752 felicitatem

259 2788 481 2867 umequendam
500 2788 632 2866 adiuvet,
647 2806 756 2870 parum
778 2788 877 2850 relect.
891 2790 1031 2852 Attamen
1046 2782 1339 2850 illimitata'bumeni

258 2889 351 2947 animi
366 2893 477 2948 natura
489 2889 562 2949 setis
576 2888 717 2964 ostendit,
732 2905 767 2949 ex
787 2887 899 2948 divinis
915 2888 1144 2962 intentionibus,
1163 2887 1271 2948 debere
1284 2887 1339 2948 bo-

257 2989 388 3061 minem,
399 2993 467 3047 tum
482 2988 515 3047 in
528 2987 634 3048 ordine
646 2987 841 3062 individuali,
853 2994 919 3046 mm
931 2987 962 3046 in
977 2987 1082 3048 ordine
1096 2986 1210 3059 sociali,
1222 2987 1260 3046 ed
1275 3003 1338 3046 ms·

255 3090 356 3164 jerem
376 3079 503 3166 semper
519 3087 638 3148 tendere
657 3087 882 3166 perfectionem.
899 3085 985 3160 Qirod
1004 3087 1029 3146 si
1044 3103 1080 3146 ex
1094 3084 1230 3147 socordia
1242 3084 1338 3161 negli-

257 3192 319 3265 gat,
334 3191 454 3246 naturae
467 3203 530 3247 sua
543 3185 623 3264 leges
637 3188 738 3264 violat,
753 3187 927 3266 spernitque
940 3185 1043 3248 diuina
1056 3183 1190 3248 consilia.
1284 3191 1286 3196 '

662 3421 867 3484 uultcueus
890 3424 926 3482 tl.

258 3587 300 3648 Dr
311 3585 509 3671 perfectiore,
524 3604 613 3668 wem
626 3585 740 3648 societis
753 3588 916 3648 auctoritas
933 3563 1140 3668 intelligentie
1150 3587 1333 3650 subditorum

438 3705 597 3766 procurare
616 3686 698 3750 debet
717 3687 810 3751 relate
822 3685 863 3749 od
876 3689 1030 3750 Summum
1046 3687 1171 3751 Bonam.

295 3882 368 3943 873.
392 3883 566 3943 dorsennus
581 3866 610 3943 1‘.
633 3915 673 3928 -
687 3882 800 3944 Sociale
810 3881 945 3944 officium
959 3899 1023 3945 sese
1038 3883 1210 3962 perficiendi
1228 3886 1334 3946 contir-

257 3983 411 4042 merimus
423 3980 599 4061 precedenti
614 3982 749 4044 articulo,
772 3984 839 4043 lam
853 3999 992 4061 quaenam
1006 3983 1147 4061 perfectio
1168 3991 1198 4045 et
1221 3985 1333 4062 quibus

255 4079 365 4142 mediis
379 4079 585 4157 conquirenda
606 4083 656 4157 sit,
670 4082 839 4144 doceamus.
856 4081 893 4145 Et
910 4083 1099 4163 perfeetionis
1113 4083 1237 4161 quidem
1249 4084 1333 4144 illius

255 4187 397 4242 naturam
411 4181 494 4241 baud
507 4180 668 4243 diiiiculter
681 4181 962 4262 determinabimus,
975 4186 1040 4260 ejus
1053 4183 1223 4262 subjectum
1236 4183 1332 4244 oonsi-

254 4279 388 4341 derendo
404 4300 412 4341 :
427 4286 458 4340 at
476 4280 514 4340 de
538 4279 646 4341 mediis
670 4281 707 4342 ad
731 4299 797 4342 eam
812 4281 1006 4344 obtinendam
1022 4281 1137 4344 idoneis
1151 4283 1286 4344 dicemus
1299 4297 1334 4343 ea

254 4382 367 4458 solum,
389 4379 512 4459 quaead
531 4381 677 4441 moralem
700 4368 870 4443 doctrinam>
880 4383 1043 4463 pertinent,
1058 4389 1170 4445 caetera
1181 4383 1333 4444 Stetisticer

252 4482 472 4560 permittentes.
483 4480 621 4542 lamrero
630 4480 799 4559 subjectum
811 4481 1026 4560 perficiendum
1036 4483 1194 4544 hominurn
1203 4490 1247 4544 est
1255 4481 1334 4542 mul·

253 4581 352 4643 titudo
366 4581 552 4655 consociata,
562 4597 694 4658 quorum
706 4580 813 4662 triplex
827 4589 871 4643 est
882 4581 1008 4645 leonitas
1023 4585 1212 4665 perfectionis
1224 4599 1328 4662 capax,

255 4681 442 4756 intellectus,
455 4681 607 4760 uoluntas,
622 4683 669 4742 vis
682 4681 857 4744 materialis.
882 4687 923 4746 De
935 4684 1031 4746 tribus
1044 4685 1125 4746 bisce
1142 4682 1332 4745 facultatibus

255 4784 407 4845 socialiter
420 4779 612 4862 perficiendis
626 4797 752 4859 agemus
763 4781 860 4846 tribus
870 4783 1046 4860 singillatim
1064 4781 1220 4863 capitibus.
