3559 5675
473 736 533 805 tta
876 760 956 806 mars
978 760 1137 806 ueroeam,

470 884 502 930 se
518 873 625 929 mutuo
636 862 843 930 eollueten'tur.
864 870 1050 949 Quapropter
1064 884 1133 947 que
1154 864 1306 929 societates
1322 866 1397 927 haue
1417 859 1517 927 laeulta·

470 969 531 1029 tem
540 966 620 1047 juris
629 968 677 1029 sui
691 968 834 1029 violenter
847 968 973 1054 propriis
986 970 1049 1029 suis
1063 984 1191 1047 queque
1200 964 1314 1028 viribus
1328 964 1425 1025 tuendi
1437 966 1517 1044 prima

470 1068 622 1137 amittunt,
646 1070 718 1128 suut
736 1068 873 1128 omnium
893 1068 1021 1128 maxime
1043 1068 1254 1141 elementares,
1270 1065 1427 1126 domestica
1446 1066 1516 1124 uimi-

472 1168 553 1240 ium,
569 1166 684 1240 herilis,
700 1166 844 1237 amicalis,
866 1175 954 1244 atque
972 1168 1013 1227 ita
1028 1184 1126 1246 porro.
1147 1166 1264 1241 Quibus
1284 1164 1402 1242 quidem
1417 1164 1519 1239 singuiis
1572 1242 1573 1255 χ

472 1267 678 1336 societatibus,
704 1267 849 1344 quamdiu
868 1266 970 1327 eirites'
997 1266 1132 1327 noudum
1162 1268 1233 1327 satis
1257 1260 1376 1343 ampla,
1398 1278 1447 1322 nee
1467 1262 1519 1320 satis

473 1366 560 1427 tlrma
574 1372 630 1441 est,
646 1366 696 1447 jus
718 1360 793 1426 illud
816 1366 920 1445 utique
938 1374 1103 1444 competere
1126 1374 1234 1445 potest.
1254 1368 1301 1431 ill,
1319 1365 1370 1424 ubi
1389 1360 1472 1422 uirilis
1484 1378 1519 1419 so-

472 1467 563 1527 cietas
577 1467 643 1542 jam
662 1467 732 1526 satis
751 1463 849 1526 valide
864 1463 901 1527 ati
922 1482 1027 1526 omues
1049 1472 1077 1526 et
1094 1466 1230 1543 singulas
1245 1464 1375 1524 familias
1393 1456 1521 1522 efficaciter

472 1559 597 1625 mendas
611 1563 699 1625 luerit
715 1566 884 1641 consumta,
905 1572 976 1626 tuno
994 1566 1122 1643 siugulis
1143 1566 1268 1625 familiis
1289 1579 1307 1623 a
1328 1565 1448 1631 civitate,
1467 1563 1521 1620 sim

472 1660 601 1740 siugulis
615 1662 780 1725 individuis
794 1682 812 1726 a
825 1657 1054 1744 patrefamilias,
1071 1664 1197 1725 retanda
1219 1676 1264 1724 est
1276 1664 1407 1723 violenta
1425 1678 1522 1721 suorum

472 1764 580 1841 cuique
591 1764 711 1839 jurium
732 1764 885 1840 delensi03
903 1782 969 1843 quae
991 1764 1047 1826 nisi
1069 1762 1225 1824 efficaciter
1240 1762 1441 1841 impediretur,
1455 1762 1522 1818 sorie-

474 1865 563 1923 latem
584 1864 681 1942 ipsam
702 1866 822 1942 penitus
840 1860 992 1925 ersrieret.
1012 1860 1047 1926 lit
1069 1866 1155 1925 sicuti
1174 1864 1334 1924 horarimrm
1364 1862 1523 1922 associatioa

473 1964 589 2023 familia
600 1962 638 2023 ad
651 1964 810 2032 civitatem.
823 1966 966 2027 aeiritate
984 1966 1020 2027 ad
1034 1966 1189 2046 politicum
1202 1966 1340 2041 regimen
1354 1962 1521 2043 progreditur,

473 2057 526 2135 lta,
541 2074 603 2139 quo
615 2064 771 2142 perfectior
784 2067 813 2123 et
826 2064 956 2143 amplior
977 2066 1039 2126 haee
1053 2066 1218 2125 assioeiatio
1239 2064 1351 2137 eradit,
1366 2062 1403 2122 ad
1416 2060 1523 2121 altiorem
1572 2056 1573 2067 ¹

472 2178 590 2241 semper
598 2161 838 2241 iurisdietionem
857 2166 975 2239 negotia
990 2166 1123 2241 graviora
1140 2164 1345 2243 pertinebunt.

513 2254 644 2328 Coeum.
668 2261 697 2324 3.
714 2296 747 2307 -
763 2248 806 2325 Ex
829 2267 927 2341 prima
949 2264 1052 2324 eudem
1075 2263 1152 2342 lege,
1175 2282 1241 2343 quar
1264 2262 1522 2343 bellumpubliruu

473 2380 537 2425 osse
548 2370 682 2441 oportere
697 2366 809 2436 statuit,
831 2364 888 2424 hoo
910 2366 1000 2425 etiam
1010 2364 1173 2440 colligitur,
1190 2362 1359 2424 indiuiduis
1375 2362 1524 2437 belligerar-

473 2462 554 2522 tibus
568 2461 690 2523 nullum
704 2462 784 2522 aliud
796 2466 847 2542 jus
865 2462 1045 2524 offenslvum
1058 2472 1226 2541 competere
1247 2470 1355 2541 praeter
1373 2464 1433 2539 illa,
1451 2474 1523 2537 orrea

473 2558 574 2620 sociali
588 2560 759 2622 auctoritate
773 2560 834 2622 illis
847 2561 959 2623 luerint
978 2562 1111 2640 legitime
1126 2580 1276 2625 eoncessa.

874 2782 1078 2844 auritulus
1100 2783 1152 2843 111.

627 2945 671 3008 Be
682 2957 770 3008 causo
783 2945 819 3007 ol
836 2963 924 3027 parom
938 2947 1044 3008 letiam
1057 2948 1125 3028 peri
1144 2947 1272 3028 lepttima
1287 2957 1395 3027 potest.

521 3145 609 3204 1187.
631 3145 701 3204 Poe.
717 3145 801 3204 586⁸.
817 3175 853 3187 κ
865 3142 982 3204 Bellum
1002 3145 1107 3220 nequit
1118 3146 1188 3221 jure
1202 3145 1326 3220 suscipi,
1348 3145 1405 3204 nisi
1418 3143 1453 3204 oli
1467 3155 1525 3200 roua·

476 3259 569 3303 mune
582 3243 697 3302 bonum
709 3243 898 3321 particularis
911 3244 1069 3316 societatis,
1083 3259 1099 3302 a
1114 3256 1173 3319 qaia
1186 3242 1259 3301 illul
1273 3243 1440 3316 gerentium
1453 3247 1498 3298 est.

517 3347 609 3404 Paua.
631 3377 669 3387 —
691 3347 721 3401 l⁰
735 3342 865 3414 Bellum,
879 3349 913 3403 ut
925 3346 988 3419 jam
1012 3344 1144 3403 vidimus
1168 3354 1200 3401 n.
1228 3339 1317 3416 1183,
1339 3349 1384 3402 est
1401 3345 1475 3401 aetus
1491 3351 1524 3394 so·

476 3442 578 3515 oialis3
603 3449 687 3501 aetus
706 3448 807 3502 autem
830 3445 935 3520 nequit
954 3459 1018 3504 esse
1044 3443 1174 3516 socialis,
1195 3443 1253 3500 nisi
1276 3447 1425 3519 quatenus
1441 3445 1526 3498 uatura

477 3541 580 3601 soeiaii
603 3548 635 3600 et
647 3541 800 3618 principiis
809 3543 977 3603 societatem
990 3543 1240 3604 constituentibus
1250 3547 1294 3602 est
1304 3541 1525 3620 proportionetur.

478 3641 727 3716 atqulsoeietatis
745 3644 894 3718 cujusque
911 3649 1047 3702 naturam
1067 3642 1246 3702 determinat
1260 3644 1448 3720 potissimum
1466 3635 1525 3704 linis,

480 3741 619 3818 adquam
633 3741 683 3801 illa
693 3739 789 3800 tendit
800 3741 893 3819 (tat).
908 3745 995 3816 Ergo,
1004 3751 1037 3802 ut
1050 3743 1164 3802 bellum
1175 3744 1213 3801 sii
1225 3747 1309 3801 aetus
1322 3741 1447 3812 socialis,
1460 3737 1525 3796 oete

479 3842 642 3920 presertim
652 3857 717 3902 esse
729 3843 984 3920 proportionatum
998 3843 1034 3901 au
1049 3843 1140 3901 tinem
1154 3841 1255 3918 illum,
1268 3843 1320 3918 qui
1335 3847 1381 3900 est
1393 3847 1524 3899 eommuur

477 3943 624 4002 soeietatis
641 3943 766 4003 bouum.

412 4102 419 4114 ,
519 4049 551 4102 a·
570 4044 689 4104 Bellum
716 4047 761 4103 est
781 4043 947 4104 necessario
977 4051 1058 4103 aetus
1082 4045 1264 4104 auctoritatis
1288 4043 1407 4104 sopiatis
1435 4029 1523 4116 (11851

478 4145 568 4221 Atqui
579 4145 679 4204 omnia
695 4151 778 4204 aetus
791 4146 974 4204 auerteritatis
992 4146 1111 4204 sociatis
1124 4146 1211 4204 debet
1227 4145 1263 4204 ari
1283 4157 1439 4205 commuue
1453 4133 1523 4218 parti·

475 4243 598 4315 mauris,
619 4245 669 4304 oui
686 4251 803 4321 preest,
817 4246 963 4305 societatis
986 4246 1097 4304 bonnm
1119 4246 1252 4304 ordinari
1274 4245 1371 4322 (456);
1394 4237 1521 4302 auctorite

480 4357 610 4418 numque
622 4344 688 4421 ipsa
700 4343 743 4402 rui
758 4344 840 4405 aliud
860 4352 907 4404 est
918 4361 1012 4420 quam
1031 4349 1084 4422 jus
1100 4345 1259 4406 ordinandi
1274 4347 1311 4405 erl·
1324 4336 1520 4404 communeto-

480 4451 566 4504 nem.
585 4443 792 4519 urgabonae
810 4446 898 4507 debet
918 4462 982 4506 esse
1000 4447 1155 4526 publicum
1171 4449 1259 4507 etiam
1275 4447 1372 4524 quoad
1390 4445 1485 4513 linem,
1497 4435 1522 4494 01·

480 4554 572 4619 quem
583 4545 788 4622 suseipiturae
800 4549 926 4623 geritur,
942 4549 983 4608 ita
996 4552 1030 4607 ut
1042 4549 1163 4608 nonnisi
1177 4548 1215 4607 ob
1227 4561 1385 4608 commuue
1394 4538 1521 4604 societatis.

474 4657 497 4700 a
506 4657 568 4716 que
581 4641 657 4702 illud
672 4644 838 4719 gerentium
851 4654 907 4716 est,
925 4647 1037 4706 tronum
1051 4648 1243 4726 suseipialur.

524 4748 607 4810 mee.
631 4747 697 4812 ros.
721 4749 805 4812 587⁸.
820 4753 986 4814 *Bonum
1004 4755 1150 4813 societatis
1165 4753 1324 4815 honestum
1339 4749 1511 4830 obligatoriam
