3559 5675
469 752 528 814 tls
867 765 946 815 rnuts
968 762 1128 817 sarnatus

510 875 541 932 4⁰
559 875 643 951 Apud
663 891 768 934 omues
791 875 923 951 pirprrtus.
947 892 998 950 per
1018 889 1123 934 omues
1140 875 1252 946 atritas,
1271 863 1439 940 sacerdotes,
1454 881 1512 940 una·

471 990 660 1051 rnrueuuque
670 975 851 1050 religionum
864 975 1004 1042 mimstri,
1020 973 1385 1048 tranquilleexercueruut
1395 966 1444 1024 boc
1454 965 1514 1023 iden

470 1077 520 1151 jus
535 1073 704 1151 possidendi
717 1074 807 1152 pleno
818 1073 953 1134 dominio
967 1073 1047 1134 bona
1058 1073 1150 1132 etiam
1167 1069 1346 1135 immobilia.
1368 1069 1403 1127 iis
1423 1063 1516 1124 alendis

472 1183 502 1234 et
515 1174 617 1235 divino
630 1173 729 1234 cultui
743 1173 929 1252 procurando
943 1171 1109 1248 destinata;
1125 1187 1193 1248 qua
1208 1170 1316 1230 ideireo
1335 1183 1444 1244 semper
1455 1166 1517 1224 luere

473 1273 573 1334 habita
584 1290 667 1334 saera
680 1279 709 1333 et
722 1273 860 1333 omnium
874 1273 1007 1332 maxime
1021 1271 1220 1332 inviolabilia.
1244 1269 1384 1346 AEgyptii.
1400 1265 1519 1326 llerutotn

472 1379 500 1432 et
516 1372 643 1432 ltiodoro
656 1370 757 1431 Siculo
772 1370 908 1445 testibus,
928 1371 1073 1432 trilariem
1090 1371 1177 1432 terris
1194 1371 1258 1430 suis
1276 1367 1414 1429 omatibus
1429 1364 1520 1429 diruis

473 1471 602 1549 primam
618 1477 731 1549 partem
745 1486 811 1530 esse
826 1469 859 1528 in
873 1469 1059 1532 sacerdotum
1075 1469 1165 1548 pleno
1179 1468 1327 1540 dominio,
1344 1465 1378 1524 ad
1396 1462 1522 1538 religionis

473 1572 589 1632 cultum
599 1585 765 1644 eorumque
775 1570 1145 1640 alimoniam‚roluerunt.
1156 1570 1229 1643 Qua
1239 1581 1393 1628 sacrorum
1402 1562 1522 1622 bonorum

475 1671 643 1749 proprietas
661 1669 735 1730 adeo
750 1669 807 1729 luit
820 1669 898 1728 inter
920 1668 989 1730 illos
1011 1669 1206 1744 inviolabilis,
1228 1673 1262 1727 ul
1276 1681 1386 1746 quum,
1406 1664 1474 1724 lame
1490 1663 1522 1720 in·

474 1776 613 1847 grusale,
631 1768 779 1847 losephns
797 1785 903 1828 omnes
923 1769 1076 1846 AEgyptios
1090 1769 1186 1844 coegit
1205 1783 1294 1844 agros
1313 1781 1385 1826 siros
1405 1761 1523 1822 Pharaoni

476 1869 615 1944 vendere,
625 1869 706 1945 quod
720 1869 874 1946 Scriptura
886 1868 918 1927 in
930 1869 1037 1938 Genesi
1051 1876 1165 1943 narrat,
1179 1883 1256 1927 unos
1267 1862 1449 1925 sacerdotum
1459 1875 1523 1934 agros

475 1967 634 2044 exceperit,
646 1967 777 2044 aquibus
786 1974 816 2028 et
827 1975 936 2028 statmo
946 1968 1059 2030 cibaria
1072 1984 1108 2033 ex
1117 1967 1232 2028 horreis
1244 1961 1524 2045 publicisprabebm·

478 2073 539 2140 tur,
549 2072 578 2124 et
588 2065 698 2126 idcirco
708 2081 769 2126 non
783 2072 856 2126 sunt
868 2067 1016 2145 compulsi
1028 2066 1157 2128 vendere
1168 2065 1373 2146 possessiones
1385 2077 1450 2123 suas
1463 2083 1472 2112 r
1484 2058 1523 2134 inl·

478 2165 590 2226 Eadem
609 2180 680 2226 vero
698 2164 907 2227 Chaldaeorum
923 2174 952 2228 et
972 2169 1127 2228 Persarum
1148 2165 1206 2226 luit
1225 2163 1333 2240 religio
1347 2165 1379 2222 in
1392 2159 1525 2222 sacerdota

478 2280 645 2342 eorumque
660 2265 752 2340 bona,
764 2281 833 2341 qua
847 2266 942 2328 nullis
956 2265 1035 2345 apud
1050 2282 1101 2326 aas
1114 2272 1219 2342 gentes
1234 2264 1360 2324 luerunt
1373 2261 1479 2321 tributis
1489 2263 1525 2316 aut

478 2365 677 2440 vectigalibus
689 2365 830 2424 obnoxia.
847 2365 960 2426 Eadem
974 2367 1065 2426 etiam
1081 2365 1263 2426 Druidarum
1275 2363 1366 2424 bouis
1380 2358 1525 2421 immunior

479 2466 517 2528 ab
535 2466 619 2527 omni
641 2465 752 2525 tributo
770 2463 840 2539 luit,
856 2464 971 2526 Camre
986 2464 1015 2524 id
1030 2466 1188 2536 referente,
1208 2466 1239 2524 in
1258 2463 1378 2526 Galliis.
1394 2462 1432 2520 lte
1444 2457 1526 2520 crau

480 2574 582 2626 summ
602 2565 628 2625 si
645 2572 812 2642 queratur,
832 2579 930 2624 uuum
948 2565 1099 2644 Apollinis
1114 2564 1248 2644 Delphici
1267 2562 1413 2642 templum
1427 2557 1526 2620 sufficet

481 2665 668 2742 meminisse,
682 2666 772 2740 euius
786 2664 924 2740 ingentes
938 2664 1048 2724 divitie
1063 2664 1120 2724 srrb
1134 2664 1289 2724 communi
1305 2661 1527 2738 Amphictyonum

481 2761 575 2822 tritela
590 2767 675 2822 erant
686 2761 853 2839 cohocatae3
870 2767 961 2839 atque
973 2761 1005 2820 hi
1025 2763 1195 2839 juramento
1214 2761 1440 2841 pollicebantur,
1459 2754 1527 2828 siqui

482 2859 621 2921 homines
631 2862 716 2939 impii
728 2860 873 2921 auderent
885 2860 964 2921 bona
976 2860 1124 2940 Apollinis
1136 2860 1291 2937 invadere,
1302 2878 1369 2921 sese
1380 2864 1473 2919 contu
1480 2852 1526 2911 illc

483 2978 562 3030 voce,
583 2961 737 3031 manibus.
759 2959 886 3041 pedibus
906 2967 1103 3041 pugnaturos.
1125 2960 1212 3041 Apud
1234 2963 1388 3023 Romanos
1408 2951 1525 3037 parricidii

483 3061 628 3141 supplicio
650 3060 834 3139 plectebatur
855 3077 960 3121 rerum
984 3076 1137 3121 sacramm
1160 3068 1261 3139 raptor
1283 3078 1318 3123 ae
1346 3061 1476 3137 direptor.
1494 3054 1526 3111 Sit

483 3164 565 3222 enim
586 3163 617 3221 in
633 3162 683 3221 llll
694 3160 817 3221 Tabulis
830 3158 897 3237 lege
911 3166 1056 3222 statutum
1071 3166 1135 3221 erat
1150 3181 1157 3219 :
1183 3160 1312 3223 Sacrum
1330 3174 1459 3238 sacroque
1473 3170 1526 3213 corr

467 3261 653 3335 ,orcadarum
666 3259 719 3339 pai
731 3258 891 3339 direpserit
911 3259 1109 3340 reposuitque,
1129 3257 1283 3339 parricide
1301 3267 1371 3321 esto.
1390 3254 1468 3337 Apud
1483 3254 1525 3312 lte·

485 3360 594 3419 braant
609 3358 739 3435 deniqne
752 3368 872 3435 gentem
887 3358 1053 3419 sacerdotes
1065 3376 1099 3421 ac
1112 3359 1228 3433 Levitae,
1248 3367 1356 3439 praeter
1369 3358 1453 3419 urbes
1463 3348 1526 3413 iisrt

485 3456 677 3519 incolendum
698 3458 838 3531 traditas,
861 3474 1043 3536 camposque
1062 3458 1253 3521 suburbanos
1270 3459 1308 3519 ad
1333 3473 1433 3520 eorum
1449 3464 1528 3532 pettit!

486 3556 632 3637 pascenda
645 3556 682 3617 ab
695 3557 733 3617 iis
744 3556 834 3635 pleno
845 3554 980 3617 dominio
991 3574 1154 3636 possessos,
1171 3559 1321 3619 decimam
1332 3558 1462 3619 omnium
1471 3552 1527 3611 true·

486 3664 572 3717 tuum
589 3660 703 3735 partem
718 3656 863 3717 acaum
874 3654 1017 3717 omnibus
1029 3672 1170 3733 agrorum
1186 3657 1321 3718 dominis
1335 3653 1526 3737 percipiebant:

487 3762 597 3834 itaque,
615 3754 741 3817 Philone
761 3756 921 3831 referente,
939 3758 1079 3819 omnium
1100 3764 1185 3819 erent
1205 3758 1251 3818 illi
1271 3759 1304 3817 in
1323 3775 1359 3820 ea
1376 3764 1455 3834 genta
1469 3750 1528 3812 dite

486 3853 621 3935 simp).
672 3837 677 3846 ’

527 3960 593 4019 tarn
605 3972 688 4030 vero,
702 3956 845 4033 quoniam
868 3976 881 4009 r
898 3956 982 4017 omni
997 3956 1029 4017 in
1047 3973 1079 4017 re
1091 3972 1255 4020 consensus
1273 3959 1409 4019 omnium
1422 3952 1526 4033 gendut

489 4057 536 4121 ler
550 4061 665 4116 natura
680 4052 806 4114 dicenda
819 4060 903 4132 esar
922 4054 1034 4117 lectum
1051 4056 1107 4117 hoc
1120 4056 1258 4133 generale
1273 4064 1302 4118 et
1317 4063 1458 4127 consuas,
1470 4044 1525 4129 apti

492 4171 598 4219 omnes
611 4152 740 4233 populos
750 4162 1022 4231 quantumcunque
1036 4154 1178 4217 barbaros
1191 4163 1245 4217 ent
1257 4158 1355 4220 cultos
1374 4156 1449 4218 omni
1466 4156 1525 4215 altit

489 4257 603 4330 rigens,
624 4254 781 4313 manileste
801 4253 930 4313 ostendit
949 4255 1021 4329 jure
1038 4255 1104 4335 ipso
1125 4258 1258 4317 naturali
1276 4258 1333 4321 hoc
1352 4252 1487 4337 postulari,
1504 4252 1525 4305 tt

491 4354 665 4414 sacerdotali
681 4353 781 4414 ordini
794 4353 835 4412 sit
849 4354 1007 4433 proprium
1020 4362 1050 4415 et
1067 4356 1240 4418 inviolabile
1254 4358 1445 4419 materialium
1459 4360 1523 4428 opud
1563 4420 1564 4423 Ἴ

491 4452 672 4528 dominium,
693 4470 711 4511 a
725 4467 909 4528 numenque
922 4451 1058 4514 bumana
1072 4460 1215 4533 potestate
1229 4457 1433 4535 independem.

534 4552 567 4613 5⁰
581 4550 751 4613 cbrrsoaoa
764 4550 909 4630 Emlesia,
930 4552 1099 4613 viventibus
1113 4570 1148 4616 ao
1162 4554 1333 4618 videntibus
1345 4550 1486 4635 spontis,
1501 4559 1522 4602 ¹⁰

524 4694 563 4759 (a)
576 4694 636 4745 Gra.
649 4703 726 4743 seru.
737 4715 767 4730 -
779 4692 813 4758 lb)
837 4692 878 4747 cl.
896 4693 1046 4747 murdrum
1058 4696 1269 4767 historiographos
1289 4704 1315 4753 ct
1329 4700 1389 4763 Μ
1403 4690 1516 4749 msere

495 4764 614 4831 daem,
625 4762 784 4835 apologistae.
