3559 5675
580 737 687 788 suunt.
711 759 750 772 -
772 737 855 786 trane
878 737 1065 790 uuonrcrnns.
1308 727 1364 792 net

289 847 458 919 respectum
477 842 607 905 Fcclesia
626 847 682 907 sihi
702 855 845 927 perpetuo
864 848 1041 925 vindicavit,
1063 854 1206 929 perpetuo
1226 849 1365 931 uindicat,

290 948 435 1021 perpetuo
454 941 626 1006 viridicalrit.
650 947 727 1022 Ergo
747 963 784 1007 ex
806 949 944 1028 pestilera
968 949 1022 1010 illa
1045 947 1179 1011 doctrina
1203 945 1367 1013 hossuetiea

289 1056 369 1120 opus
387 1041 456 1116 erit,
470 1048 505 1103 ut
515 1044 663 1124 principes
677 1045 711 1107 in
723 1052 801 1108 statu
817 1047 948 1127 quodam
962 1053 1111 1130 perpetus
1124 1050 1297 1111 resistentia
1311 1050 1367 1111 acl-

289 1155 396 1202 versus
416 1141 580 1204 &clunem
598 1161 631 1206 se
645 1161 796 1226 suumque
816 1149 952 1227 regimen
966 1149 1053 1211 ciuile
1066 1167 1100 1212 ae
1118 1149 1272 1231 politicum
1286 1167 1366 1212 eom·

289 1246 405 1320 ponant
413 1264 424 1319 3
438 1243 586 1307 nimirum
606 1246 811 1310 inducendum
828 1251 885 1312 erit
903 1249 1154 1316 absurdissimum
1170 1267 1204 1313 ac
1218 1250 1367 1314 scelestis·

289 1341 405 1404 simum
418 1343 496 1406 illud
508 1353 633 1427 syourac
643 1345 785 1411 obtelmo
797 1351 993 1431 separationis
1003 1337 1079 1414 inter
1092 1351 1275 1431 gubernium
1292 1357 1367 1413 mm·

289 1442 394 1521 porale
405 1450 435 1505 et
448 1443 623 1523 religionem
636 1454 725 1526 atque
736 1450 917 1537 Ecclesiam,
931 1453 972 1513 ita
985 1457 1019 1516 ut
1033 1451 1216 1530 gubernium
1235 1452 1368 1516 seculare

289 1542 409 1606 nnllam
432 1561 555 1624 prorsus
577 1547 756 1627 religionem
779 1557 933 1628 agnoscat.
957 1553 1141 1631 atheumque
1163 1569 1229 1614 sese
1251 1550 1370 1632 publice

289 1644 477 1725 profiteatur.
491 1649 582 1727 Atqtu
598 1648 660 1710 hose
679 1651 837 1731 reparatae,
854 1651 918 1714 hmo
931 1652 1029 1736 ciuilis
1040 1652 1186 1733 impietus,
1201 1651 1251 1714 hic
1262 1649 1367 1714 atheis-

287 1761 357 1804 oeae
366 1745 508 1824 politiam
520 1749 648 1810 absurda
664 1757 755 1827 sunt,
772 1752 851 1814 civili
870 1759 900 1814 ct
918 1753 1044 1834 politicas
1060 1769 1181 1832 quoque
1201 1754 1244 1814 rei
1264 1754 1369 1833 perni-

290 1845 385 1920 ciosa,
399 1849 743 1912 omnihusretroseeulis
754 1851 899 1932 inaudita,
912 1871 929 1914 a
941 1855 1073 1916 scelestis
1083 1853 1224 1933 sophistis
1238 1857 1370 1914 recenter

290 1946 426 2026 inventa,
440 1954 475 2009 ut
485 1950 551 2027 jam
570 1952 709 2031 superius
723 1952 922 2015 indicarimus
935 1954 1031 2016 obitur
1049 1954 1135 2016 libris
1150 1953 1186 2015 lV
1200 1960 1231 2016 et
1248 1953 1325 2030 vlit,
1342 1961 1371 2014 et

287 2047 384 2128 paulo
401 2049 500 2112 lunius
517 2065 587 2112 mox
600 2053 805 2132 explicabitur.
827 2055 918 2131 Ergo,
933 2060 989 2116 etc.

333 2151 366 2212 5⁰
386 2151 576 2212 Bossuetieua
590 2151 672 2213 idem
684 2169 767 2213 error
780 2153 909 2229 singulis
923 2153 1062 2232 populis,
1077 2153 1227 2232 quinimo
1241 2151 1370 2232 singulis

292 2249 424 2325 civibus,
432 2248 488 2330 jus
500 2247 657 2311 editionis
666 2249 808 2314 adsersus
822 2252 991 2331 principem
1003 2252 1129 2327 confert,
1144 2253 1186 2313 ita
1204 2259 1249 2326 ut,
1265 2269 1300 2313 ex
1315 2250 1370 2313 hae

289 2348 435 2428 pestilera
448 2349 592 2430 doctrina,
604 2351 642 2412 iis
655 2350 743 2412 liceat
752 2349 789 2411 atl
800 2367 898 2411 eume
911 2350 985 2412 solio
997 2349 1229 2420 deturbandum
1244 2366 1372 2411 novum·

289 2463 353 2526 que
366 2447 640 2525 aliudguhemium
653 2449 896 2517 constituendum
912 2449 1081 2528 convenire,
1090 2449 1269 2530 conspirare,
1283 2465 1371 2527 qnia-

290 2563 413 2626 cunque
427 2549 543 2627 possint
555 2548 691 2610 subsidia
707 2554 737 2610 et
757 2548 930 2627 adjumenta
952 2548 1106 2610 adhibere.
1121 2549 1210 2625 Nam,
1225 2549 1251 2609 si
1272 2545 1371 2610 utilia

295 2653 327 2708 et
341 2647 461 2728 politica
483 2647 570 2710 nullo
582 2655 667 2728 pacto
681 2654 753 2710 sunt
770 2649 886 2729 judicio
901 2649 1106 2712 ecclesiastica
1125 2649 1275 2729 potestatis
1295 2647 1371 2710 sub-

293 2745 364 2826 dita,
389 2747 441 2808 aed
465 2763 588 2828 prorsus
612 2748 762 2828 pertinent
786 2748 824 2810 ad
849 2747 1014 2810 humanam
1037 2749 1182 2830 principis
1203 2748 1371 2824 rationem,

292 2846 399 2910 eodem
409 2850 480 2926 jure
502 2848 557 2909 illa
576 2849 727 2929 pertinent
747 2846 785 2909 atl
804 2848 972 2910 humanans
992 2850 1139 2911 rationem
1161 2848 1369 2927 subditorum3

291 2947 405 3009 horum
425 2964 557 3027 namque
576 2950 651 3011 ratio
666 2966 727 3011 non
749 2956 794 3011 est
808 2949 938 3029 prolecto
957 2952 1068 3031 pejoris
1082 2948 1261 3013 conditionis
1278 2964 1371 3027 quarn

291 3049 370 3111 ratio
382 3049 550 3131 principum
564 3049 615 3129 (o).
631 3052 712 3125 Quin
728 3051 802 3126 imo,
816 3049 843 3111 si
856 3049 992 3113 humana
1004 3051 1104 3112 solum
1119 3051 1214 3112 virtus
1236 3050 1268 3109 in
1286 3050 1373 3129 prin·

291 3150 359 3229 cipe
378 3157 408 3210 et
425 3150 553 3212 subditis
572 3150 724 3231 pensanda
741 3151 791 3228 sit,
810 3150 935 3229 majoris
948 3154 993 3211 est
1013 3150 1154 3229 ponderis
1168 3148 1371 3227 subditorum,

291 3264 388 3329 quam
410 3252 555 3331 principis
576 3251 670 3329 intio3
700 3252 773 3329 quia
794 3252 897 3332 plures
921 3268 1061 3328 numero,
1085 3250 1315 3331 minoribusque
1340 3268 1373 3313 ae

290 3351 409 3431 paucior
418 3351 487 3412 ihus
506 3351 627 3413 errandi
647 3351 791 3432 perieulis
813 3351 880 3431 illi,
903 3368 994 3431 quam
1019 3351 1080 3426 hie,
1097 3358 1169 3415 sunt
1191 3350 1323 3427 obnoxii,
1346 3350 1372 3414 si

291 3450 450 3529 euinque,
463 3452 597 3529 neglecta
616 3451 753 3514 Fcolesiae
767 3452 948 3525 auctoritate,
962 3471 1015 3534 per
1036 3452 1132 3516 solam
1144 3453 1311 3515 humanam
1324 3470 1372 3516 ran

292 3552 406 3613 tionem
423 3567 470 3613 res
486 3552 671 3631 transigitur.
689 3554 779 3631 Ergo,
794 3553 870 3614 siout
884 3570 920 3615 ex
942 3554 1106 3617 bossuetiea
1120 3554 1278 3631 sententia,
1293 3554 1372 3617 nihil

291 3654 424 3734 pertinet
434 3652 472 3714 atl
482 3652 645 3715 Ecclesiam
657 3652 784 3713 delinire
792 3652 866 3730 quid
879 3655 1010 3730 justum,
1025 3654 1100 3731 qnid
1114 3654 1231 3715 licitum
1244 3652 1371 3733 principi

292 3756 327 3815 in
341 3752 469 3815 subditis
483 3753 684 3833 temporaliter
705 3752 909 3830 gubernandis
933 3753 994 3831 sit,
1018 3753 1069 3814 sed
1088 3748 1218 3832 principi
1237 3753 1292 3812 uni
1312 3758 1372 3813 tota

292 3854 359 3916 hare
379 3869 426 3915 res
445 3854 581 3915 humana
592 3868 649 3914 sua
664 3855 779 3914 ratione
797 3858 843 3914 est
859 3852 1036 3933 judicanda,
1053 3853 1111 3928 ita,
1127 3848 1231 3914 eodem
1251 3868 1373 3931 prorsus

289 3960 376 4036 jure,
386 3954 576 4017 subditorum
586 3962 632 4015 est
643 3960 773 4015 statuere
787 3954 821 4014 in
830 3954 953 4033 quihus,
964 3958 994 4015 et
1004 3950 1163 4032 qtramcliu,
1178 3956 1208 4013 et
1221 3950 1372 4031 quomodo

290 4055 420 4136 principi
432 4054 574 4117 obediant
584 4061 614 4116 ct
627 4054 748 4117 obedire
761 4052 910 4136 debeant;
926 4070 960 4115 ac
974 4053 1099 4133 proin-lc
1113 4068 1219 4114 eorum
1234 4066 1372 4131 quoque,

292 4154 334 4216 ol)
349 4154 468 4217 easdem
488 4172 605 4233 causas,
623 4161 668 4217 est
686 4155 811 4217 delinire
823 4172 888 4236 our,
904 4154 1036 4235 quando,
1051 4162 1081 4236 et
1098 4150 1249 4233 quomotlo
1261 4152 1292 4213 in
1307 4152 1373 4213 sin-

291 4256 376 4334 gulis
387 4256 506 4318 ossibus
525 4257 640 4337 possint
655 4255 734 4319 licite
750 4257 911 4338 imperium
927 4255 1069 4337 principis
1084 4252 1263 4332 detrectare,
1283 4269 1372 4316 eum·

326 4459 361 4523 (a)
375 4460 434 4519 est,
446 4457 587 4509 tuscanell
597 4457 707 4523 l'Eglise,
719 4472 781 4509 sous
790 4466 821 4509 en
831 4454 953 4523 appelant
965 4458 988 4507 la
999 4458 1030 4508 lol
1047 4452 1169 4507 naturclle
1180 4460 1205 4506 et
1215 4454 1230 4505 t
1242 4452 1265 4503 la
1276 4452 1372 4511 raison,

292 4545 358 4583 ιιιιιιι
366 4542 471 4595 angono
481 4529 560 4593 qu'un
574 4537 665 4595 peupte
675 4538 714 4580 est
724 4536 778 4580 tont
790 4534 880 4580 autent
889 4542 939 4593 quc
952 4542 996 4579 son
1010 4530 1207 4591 gouternenreul
1220 4524 1371 4589 l'lnterprete

292 4605 403 4667 legitime
413 4606 444 4653 te
454 4607 478 4652 ta
489 4606 571 4651 raison
583 4606 609 4652 et
619 4607 651 4653 ete
663 4604 688 4652 la
704 4609 802 4653 nature.
815 4604 841 4653 a'l
853 4614 915 4653 sous
927 4616 957 4652 en
968 4601 1069 4666 appeler
1082 4603 1095 4651 l
1108 4600 1132 4652 la
1144 4598 1219 4659 lurae.
1230 4599 1245 4648 l
1256 4596 1280 4648 le
1290 4595 1372 4647 haurne

291 4676 387 4800 hem(
405 4688 468 4727 nous
490 4688 590 4727 seruus
608 4678 651 4741 qui
671 4689 724 4728 seru
743 4678 766 4728 le
778 4676 834 4742 plus
855 4677 902 4728 tort
917 4676 1042 4741 ulnulas,
1053 4660 1165 4740 l'lfplisc
1178 4678 1199 4725 et
1213 4658 1298 4731 l'tltot
1309 4672 1329 4719 t.
1346 4678 1372 4727 u,

292 4762 312 4815 P
397 4854 429 4901 ιι.
1174 4824 1213 4900 42
