3559 5675
484 750 542 813 588
890 771 970 818 tonis
992 771 1149 818 xxrunxns

476 895 572 956 quum
585 879 726 940 facillime
740 887 853 958 poterat
868 897 916 942 res
931 887 991 942 tota
1005 897 1058 960 per
1072 881 1223 959 simplices
1238 878 1416 939 locutionum
1428 875 1520 953 aliqua·

476 995 545 1038 rum
557 979 769 1057 explicationes
782 983 920 1060 componi
936 1003 943 1042 ι
963 989 1043 1042 oceo
1056 981 1241 1062 turpissimas
1259 984 1336 1038 artes
1350 977 1386 1037 ab
1399 977 1444 1036 illo
1455 975 1520 1034 adbi-

475 1076 552 1138 bitas
564 1078 602 1138 ad
616 1081 740 1140 consilia
755 1081 913 1142 i'euelonis
929 1082 1032 1142 lurtim
1046 1079 1264 1157 cognoscenda,
1279 1077 1317 1138 ad
1332 1093 1428 1153 regern
1438 1075 1521 1136 lalleu·

475 1175 569 1254 dum,
599 1178 636 1238 ad
661 1181 832 1240 terrendum
859 1181 1031 1242 Pontificem
1064 1199 1073 1242 ε
1109 1180 1153 1240 nil
1180 1179 1247 1240 dico
1278 1178 1317 1238 do
1348 1175 1522 1236 audacissimis
1578 1187 1579 1240 t

476 1279 638 1340 calumniis
648 1281 687 1342 ab
698 1281 803 1343 eodem
814 1283 846 1342 in
858 1285 957 1344 virum
969 1277 1421 1344 castissimumaomitissimum
1431 1275 1522 1352 publice
1578 1275 1579 1318 t

475 1381 627 1457 corrjectis,
642 1383 775 1442 Montani
792 1384 882 1442 etiam
901 1389 930 1442 et
948 1381 1091 1444 Priscilla
1106 1379 1292 1448 nomnibus,
1306 1377 1343 1437 ad
1361 1373 1488 1434 inuidiam
1503 1381 1522 1430 ct
1578 1377 1579 1394 ¹

474 1479 659 1558 suspiciones
672 1481 836 1560 augendas,
851 1483 1007 1562 appellatis
1023 1483 1074 1558 (u).
1090 1483 1164 1554 Quae
1177 1479 1295 1558 quoties
1303 1478 1341 1568 in
1361 1479 1478 1534 mentem
1490 1489 1523 1531 rc-

475 1578 579 1655 dcunt,
602 1595 662 1640 non
676 1598 838 1660 possumus
856 1582 943 1642 nobis
960 1587 1123 1660 temperare
1141 1579 1215 1656 quin
1230 1576 1266 1638 ad
1281 1577 1455 1636 Bossuetum
1467 1571 1524 1630 rele-

477 1693 579 1738 ramus
594 1677 677 1739 illam
691 1681 870 1742 venerabilis
883 1681 1053 1742 cardinalis
1068 1679 1189 1740 Barotxii
1200 1675 1421 1755 querimoniam
1434 1673 1465 1732 de
1475 1689 1524 1731 casn

476 1777 639 1854 llincmari,
654 1795 746 1856 quem
762 1797 834 1842 sane
848 1781 957 1841 iterum
974 1781 1005 1840 in
1019 1781 1161 1840 liossueto
1178 1776 1362 1838 Fenelouem
1376 1779 1434 1832 tatu
1447 1769 1524 1830 crude

475 1875 544 1936 liter
562 1879 725 1954 exagitante
745 1881 987 1956 recognoscimus
1010 1899 1017 1938 ε
1042 1899 1057 1936 r
1078 1879 1103 1941 0
1123 1877 1199 1938 licor
1223 1877 1331 1955 (utque
1350 1893 1367 1934 o
1387 1868 1524 1952 superbio),

475 1977 613 2037 omnium
624 1979 770 2038 virtutum
784 1981 921 2052 exitium,
940 1987 1028 2056 atque
1044 1979 1186 2040 vitiorum
1202 1982 1383 2038 cunctorum
1396 1977 1485 2032 auctor
1495 1975 1524 2030 at·

474 2089 535 2150 que
549 2076 694 2136 nutritor!
717 2077 897 2138 llincmarus
912 2079 978 2155 iste,
996 2078 1049 2156 qui
1067 2077 1210 2137 hacteuus
1228 2075 1266 2136 ab
1283 2071 1524 2134 adolescentiam
1579 2126 1580 2138 ,

475 2173 559 2233 uisus
580 2179 626 2234 est
644 2175 752 2237 llorere
764 2178 889 2238 amentia
911 2181 940 2238 el
957 2177 1099 2256 sapientia
1114 2177 1146 2236 in
1165 2174 1309 2236 omnibus
1330 2171 1466 2239 conciliis,
1483 2181 1524 2244 pre

475 2274 589 2334 catoris
611 2280 760 2354 spectatus
785 2276 823 2337 ab
846 2276 999 2360 omuibus,
1023 2275 1124 2338 cultus
1145 2293 1163 2336 a
1182 2275 1316 2350 regibus,
1339 2287 1427 2350 super
1447 2279 1525 2328 omncs

476 2367 568 2449 buius
592 2374 684 2434 seculi
707 2376 787 2436 viros
817 2375 1036 2436 existimatione
1076 2373 1269 2450 praecellens;
1303 2370 1358 2432 ubi
1388 2365 1471 2429 semel
1493 2379 1524 2422 su

475 2470 599 2548 oblitus,
620 2474 751 2535 tiammo
769 2475 899 2536 iniectus
912 2481 957 2536 est
974 2475 1042 2536 odio
1063 2473 1130 2550 (ubi
1141 2471 1228 2534 mmet
1245 2471 1325 2549 repis
1338 2468 1459 2550 pretione
1470 2479 1526 2542 prc-

474 2568 546 2630 talit
557 2569 699 2634 Ecclesia
708 2573 826 2650 roiate),
842 2575 942 2634 omnis
956 2573 988 2634 in
1006 2590 1041 2635 eo
1059 2589 1128 2634 mox
1141 2569 1335 2650 pulchritudo
1347 2585 1384 2629 ex
1397 2563 1526 2626 uirtutibus

475 2667 586 2728 llorens
598 2672 753 2751 emarcuit,
765 2679 795 2733 et
805 2673 951 2733 exsiccata
962 2673 1083 2752 penitus
1095 2669 1216 2746 excidit,
1227 2673 1318 2746 atque
1330 2681 1447 2728 omnem
1459 2657 1526 2722 simul

475 2765 693 2832 delormitatem
714 2773 939 2853 superinduxit,
960 2771 1033 2833 adeo
1054 2776 1087 2831 ut
1103 2769 1180 2830 nihil
1203 2785 1239 2830 eo
1258 2769 1381 2849 turpius
1400 2757 1526 2840 excogitari

475 2871 614 2947 potuerit.
634 2870 713 2944 Quid
732 2874 816 2933 enim
834 2873 909 2935 adeo
933 2878 1137 2934 monstrosum
1156 2876 1245 2949 atquo
1264 2874 1466 2949 portentosum
1483 2876 1527 2923 ms

475 2970 569 3045 possit
581 2970 614 3031 in
625 2972 753 3049 mundo,
764 2990 857 3053 quam
868 2978 972 3035 contra
983 2972 1175 3051 praepositum
1193 2970 1280 3031 sibia
1295 2972 1358 3030 beo
1372 2972 1456 3047 caput
1468 2966 1526 3024 inlu·

476 3084 618 3143 messere,
635 3072 749 3149 erigere
763 3072 841 3133 male
858 3078 890 3133 et
906 3070 941 3133 ad
959 3068 1072 3131 malum
1085 3074 1197 3130 extorta
1215 3068 1365 3149 superbiae
1380 3081 1490 3135 cornua,
1505 3076 1526 3119 ae

475 3168 619 3229 ventilare
629 3176 810 3249 contemptu,
828 3188 918 3248 quem
930 3186 1120 3249 summopere
1139 3166 1299 3248 multiplici
1316 3168 1440 3229 nomine
1455 3160 1526 3224 colere

477 3270 566 3341 atqua
585 3268 720 3329 venerari
735 3268 898 3341 debuisset,
919 3284 1076 3331 summum
1095 3268 1126 3327 in
1145 3266 1282 3327 Ecclesia
1302 3264 1454 3325 catlxolim
1471 3258 1527 3339 pttti·

476 3370 541 3424 tum
556 3367 694 3429 verticem
708 3385 743 3430 ac
756 3384 847 3430 sacrae
860 3369 1016 3445 religionis
1030 3368 1198 3428 Antistitcm
1216 3364 1277 3445 (bit
1291 3384 1306 3421 a

516 3466 685 3527 Norsxootr
699 3468 730 3529 3.
744 3502 781 3533 τ-
793 3472 865 3531 Duae
879 3474 976 3549 pestes
991 3470 1022 3527 in
1034 3473 1164 3545 quatuor
1176 3467 1311 3528 articulis
1326 3454 1418 3545 supra
1431 3464 1492 3543 (not.
1503 3455 1524 3531 li

477 3566 648 3626 memoratis
668 3570 876 3641 continentur,
902 3576 937 3630 nt
957 3572 1022 3647 jam
1043 3570 1218 3645 innuimus,
1246 3566 1360 3629 scilicet
1383 3556 1526 3626 meimet·

475 3659 579 3724 liemus
593 3663 625 3723 in
639 3668 765 3728 articulo
779 3670 888 3747 primo,
908 3674 937 3730 et
949 3664 1087 3727 coercitio
1101 3668 1241 3744 religiosa
1255 3668 1287 3727 in
1302 3667 1400 3729 tribus
1413 3660 1522 3739 reliquis·

475 3763 540 3823 lam
563 3780 633 3825 vero
653 3766 838 3842 gallicanum
861 3767 1153 3829 machiavellismum
1174 3766 1316 3829 refellunt
1335 3770 1403 3829 tum
1427 3760 1522 3843 quali·

432 3888 441 3915 ε
477 3862 531 3923 bro
546 3864 582 3924 tv
594 3864 738 3941 diximus,
749 3868 908 3946 probantes
924 3884 1013 3930 omne
1035 3868 1204 3928 institutum
1224 3874 1253 3929 et
1266 3884 1389 3929 omnem
1404 3866 1522 3927 actionem

476 3963 622 4024 societatis
634 3966 794 4043 cujuslibet
808 3984 873 4029 esse
885 3966 1032 4029 honestati
1044 3967 1242 4028 essentialiter
1254 3966 1442 4027 subordinate
1456 3960 1520 4033 (titt

476 4061 548 4138 485,
558 4064 661 4125 coroll.
671 4062 714 4143 l),
724 4072 790 4126 tum
801 4083 869 4144 quiae
878 4068 910 4127 in
921 4070 973 4129 ttt·
983 4067 1077 4143 lntjus
1086 4066 1156 4127 libri
1168 4073 1249 4147 parte
1258 4068 1407 4141 dicemus,
1419 4060 1520 4143 capilli

476 4164 513 4224 ad
538 4164 722 4243 probandam
745 4168 934 4230 essentialem
957 4167 1073 4229 ordinis
1098 4174 1128 4230 et
1150 4170 1332 4231 auctoritatis
1355 4169 1480 4231 civilium
1501 4166 1520 4220 el

477 4264 665 4343 politicorum
677 4266 945 4329 subordinationem
959 4270 1017 4331 snb
1030 4268 1235 4331 ecclesiasticis
1254 4267 1359 4331 ordine
1374 4276 1403 4331 et
1417 4261 1520 4329 aucun-

478 4368 548 4423 tate.
573 4364 722 4427 novemus
746 4368 925 4444 gallicanam
949 4386 1020 4431 xero
1041 4370 1212 4431 anarchiem
1243 4370 1411 4449 religiosam
1433 4363 1528 4438 iaciun-

443 4499 446 4505 -
475 4474 542 4535 «tuac
556 4464 867 4545 supractsseruimus,
879 4468 1068 4531 ostendentes
1079 4470 1249 4530 Romanum
1264 4469 1432 4532 Pontificem
1443 4460 1517 4525 solum

505 4682 544 4747 (⁰)
559 4684 710 4750 lichenem..
720 4690 782 4740 ibid.
794 4704 818 4756 p.
832 4696 887 4743 blo.
899 4693 979 4758 -'(b)
993 4693 1081 4746 Baton.
1095 4694 1202 4755 Arraei,
1214 4708 1274 4745 anti.
1288 4699 1343 4757 edd,
1357 4708 1380 4747 n.
1391 4696 1426 4743 tn.
