3559 5675
578 746 689 795 wurdt.
711 762 753 779 ¹·
771 747 856 793 naen
875 746 1024 793 ebruinus.
1297 737 1336 799 19

302 853 338 912 2⁰
349 851 434 915 n'init
446 853 584 915 charitati
594 859 673 917 recte
683 853 825 915 mutuata
837 856 1020 916 contrarium
1031 856 1177 935 eontinet:
1185 859 1257 935 qnia
1266 860 1337 921 ulte-

261 952 322 1011 rius
333 969 470 1015 errorem
481 959 512 1015 et
526 953 724 1017 malnexinde
735 953 781 1016 illi
795 954 999 1033 provenientia
1011 970 1073 1015 non
1091 956 1214 1033 quidem
1228 958 1337 1021 directe

262 1055 291 1110 et
302 1067 356 1129 per
369 1068 404 1113 se
423 1052 505 1127 volo,
519 1052 573 1116 sed
586 1052 688 1115 solum
706 1052 745 1115 ad
768 1070 857 1131 grave
871 1052 988 1115 malurn
1000 1071 1019 1115 a
1032 1070 1083 1115 nro
1095 1056 1337 1135 propellendum,

262 1150 369 1211 velud
391 1166 541 1227 magnum
564 1151 679 1213 bonum
693 1151 904 1213 obtinendum.
919 1152 1337 1217 nteharttasrecteordmata

263 1251 364 1331 utique
378 1252 430 1313 vei
452 1252 640 1329 me-obliget,
657 1253 705 1315 vei
718 1253 797 1315 milri
809 1254 918 1316 saltem
936 1256 1089 1332 permittit,
1111 1261 1144 1316 ut
1155 1257 1231 1318 mihi
1256 1260 1340 1339 prius

261 1350 434 1421 consulam,
447 1352 616 1413 necessaria
626 1352 704 1413 bona
717 1352 794 1412 milri
809 1352 1027 1432 comparando.
1041 1356 1130 1433 Ergo,
1144 1361 1200 1420 ete.

298 1448 369 1511 752
387 1442 532 1513 cosona
542 1448 571 1511 l.
586 1484 621 1499 -·
635 1453 680 1513 lin
701 1450 739 1512 iis
752 1467 822 1528 quae
835 1451 964 1513 breviter
982 1451 1016 1511 in
1030 1458 1178 1530 poslrema
1194 1456 1341 1533 positione

264 1550 472 1613 molirmnnda
484 1550 629 1627 diximus,
641 1550 836 1613 manifestum
851 1550 1054 1613 iitdiscrimsn
1068 1551 1150 1629 quod
1161 1554 1239 1613 inter
1248 1558 1342 1633 nqui-

264 1650 453 1712 sumnonem
472 1656 503 1711 et
521 1650 716 1713 mandacium
729 1649 897 1711 intercedit
915 1651 990 1711 Nam
1003 1650 1194 1713 mendacium
1211 1655 1345 1715 consistit

266 1749 465 1812 amomum
478 1750 510 1810 in
525 1750 646 1827 loquela
656 1750 826 1827 cogitationi
837 1751 997 1811 contraria.
1012 1736 1115 1829 ltaque
1125 1752 1206 1829 qnod
1221 1753 1346 1815 mende-

268 1849 343 1911 cium
354 1849 453 1911 elficit
464 1850 625 1911 intrinseco
638 1849 755 1911 malurn
769 1866 831 1911 non
844 1855 891 1913 est
904 1848 1043 1911 voluntas
1060 1844 1185 1913 alterius
1195 1850 1347 1933 decipien-

269 1948 309 2024 di,
318 1950 467 2029 sedquod
476 1950 577 2029 ipsum
587 1949 882 2030 porsedceuptiosit.
893 1950 1018 2027 utrem,
1030 1950 1062 2011 in
1073 1950 1188 2013 bellicis
1198 1957 1348 2031 stratage-

271 2049 410 2125 matibus,
421 2049 487 2111 dux
498 2050 625 2129 positive
635 2050 702 2112 vult
713 2049 808 2113 hostis
818 2050 1023 2128 deceptionem
1037 2070 1045 2110 ε
1057 2052 1189 2112 attamen
1202 2052 1281 2117 licita
1295 2055 1348 2117 illa

274 2154 353 2227 sunt;
366 2150 445 2229 quia
455 2149 571 2212 scilicet
583 2150 724 2229 protectio
734 2156 764 2212 et
777 2150 924 2227 regressio
937 2157 966 2211 et
983 2151 1127 2217 simulata
1146 2152 1253 2215 itinera
1262 2170 1351 2215 eser·

275 2250 342 2311 nun
353 2250 478 2311 nullam
492 2266 547 2329 por
565 2266 599 2313 sc
611 2250 838 2318 determinatum
853 2250 1099 2327 significationem
1112 2250 1234 2313 habent.
1250 2255 1350 2327 Quare

281 2344 738 2429 aquirmetiorerum,quamvis
747 2350 942 2427 subobscure,
954 2349 1040 2428 dicit3
1051 2351 1243 2413 mendacium
1254 2370 1270 2414 e
1280 2370 1350 2415 con·

284 2450 364 2511 narb
377 2450 493 2512 salsum
510 2450 654 2527 loquitur.
678 2453 756 2528 Ergo
768 2450 962 2527 aequivocatio
976 2466 1037 2511 non
1057 2456 1102 2512 est
1118 2468 1170 2531 per
1191 2468 1223 2513 se
1245 2452 1350 2534 decep·

278 2550 326 2628 fio,
346 2558 377 2613 at
399 2548 595 2613 mendacium
611 2554 658 2613 est
673 2550 801 2629 positiva
816 2548 1010 2614 contradictio
1028 2550 1106 2611 inter
1126 2549 1280 2623 homiaem
1300 2572 1350 2616 ox·

275 2656 389 2713 wnum
402 2659 435 2714 et
444 2653 610 2713 internum.
627 2653 714 2728 item,
728 2650 922 2729 aequivocatio
938 2650 1019 2712 mela
1031 2652 1207 2729 estqnendc
1220 2653 1349 2717 altemm

273 2750 574 2831 privatbonodebito.
586 2750 788 2828 At,qnoniam
799 2766 860 2811 non
870 2766 960 2815 omne
971 2750 1086 2813 bonum
1096 2750 1181 2812 alteri
1191 2751 1347 2827 debemus,

271 2853 377 2917 idcirco
396 2870 462 2916 non
481 2869 600 2932 semper
621 2851 813 2928 aequivocatio
834 2851 915 2912 mala
936 2857 992 2914 est.
1017 2850 1205 2914 Mendacium
1226 2859 1347 2934 autem,

269 2958 321 3017 etsi
341 2955 465 3018 malum
487 2951 598 3014 directe
623 2969 685 3014 non
705 2952 789 3029 velit,
806 2953 883 3030 quin
903 2954 966 3012 imo
978 2951 1033 3012 etsi
1047 2951 1084 3012 ad
1099 2953 1214 3012 bonum
1225 2953 1349 3032 aliquod

267 3054 470 3118 obtinendum
483 3051 672 3128 adhibeatur,
690 3051 771 3112 mala
783 3061 903 3130 semper
917 3050 1060 3128 est,quie
1073 3057 1118 3110 est
1131 3067 1229 3129 perse
1243 3052 1348 3132 decep

268 3156 317 3232 tio,
329 3155 473 3232 adeoquo
484 3167 602 3231 semper
612 3150 756 3232 deceptio,
773 3148 911 3210 videlicet
922 3149 1067 3228 oppositio
1080 3149 1214 3212 hominis
1234 3154 1348 3214 externi

267 3272 335 3317 eum
348 3257 486 3316 interno.
502 3254 596 3330 igitur
607 3251 758 3314 mendacii
768 3249 884 3312 malitia
898 3249 994 3312 oritur
1005 3265 1041 3320 es
1064 3250 1192 3328 eoquod
1218 3250 1292 3314 illud
1307 3255 1348 3316 sit

267 3355 473 3418 essentialiter
484 3352 684 3414 antinetumle
696 3360 726 3413 et
735 3350 925 3428 antisociale3
937 3355 967 3410 at
978 3348 1092 3411 malitia
1105 3351 1347 3429 aequivocationis

266 3458 362 3518 omnir
383 3473 423 3517 ex
444 3453 556 3515 damno
574 3452 680 3514 illicito
693 3468 822 3530 quoper
834 3450 971 3512 accidens
996 3450 1070 3511 alter
1094 3449 1233 3528 allicitur,
1248 3469 1345 3531 quum

266 3557 391 3619 veritate
404 3554 465 3616 sibi
478 3553 577 3615 debila
589 3552 735 3632 privatur.

305 3659 448 3720 (baem
465 3657 495 3714 2.
510 3653 702 3716 -Olticium
716 3651 885 3713 veracitatis
899 3648 1051 3714 serrendae
1065 3657 1095 3712 et
1103 3653 1155 3728 jus
1170 3651 1205 3712 ad
1217 3653 1345 3716 alienam
1417 3663 1419 3667 ’

266 3759 462 3822 voracitatem
476 3759 611 3834 speciant
622 3753 770 3834 precipue
788 3767 850 3813 non
864 3751 900 3812 ad
917 3750 1063 3812 individui
1076 3752 1278 3832 commodum,
1294 3756 1344 3817 sed

265 3858 304 3920 ad
316 3857 438 3919 bonum
453 3853 612 3927 societatis,
627 3860 662 3914 nt
673 3865 712 3914 ex
722 3851 845 3933 comoll⁰
858 3851 1034 3930 precedenti
1048 3857 1170 3912 constat.
1189 3853 1265 3914 Hinc
1277 3871 1347 3916 vero

266 3957 466 4036 consequitur
488 3955 610 4016 nullum
632 3951 823 4014 individuum
842 3965 928 4030 posse
949 3949 1020 4010 huic
1037 3951 1100 4027 juri
1122 3953 1305 4028 renuntiare,
1318 3961 1348 4015 et

267 4059 355 4122 nulla
368 4056 543 4120 sumnum
556 4069 643 4133 posse
658 4066 842 4130 quemquam
855 4049 893 4110 ub
912 4048 968 4110 hoc
983 4049 1082 4110 cilicio
1097 4049 1228 4120 liberari.
1249 4053 1346 4126 Quin·

268 4161 332 4222 imo
344 4175 385 4222 ne
406 4158 532 4221 societm
545 4155 668 4235 quidem
679 4156 745 4234 ipsa
763 4153 934 4233 potestluri
948 4152 993 4212 illi
1007 4152 1190 4214 renuntiare.
1207 4155 1281 4216 Nem
1296 4173 1347 4218 so·

268 4261 362 4322 cletas
374 4259 586 4340 potestutiqne
599 4253 752 4316 interdum
764 4255 895 4334 seipsam
909 4249 1081 4327 dissolvere,
1096 4258 1126 4313 et
1135 4253 1178 4313 sic
1189 4255 1347 4317 materiam

269 4358 373 4438 legum
385 4357 547 4421 socialiom
558 4353 749 4430 subtrabere3
766 4358 807 4424 at,
822 4351 970 4430 quamdiu
985 4355 1121 4424 remanet
1135 4353 1272 4428 societas,
1286 4371 1348 4416 non

269 4467 366 4539 potest
383 4460 523 4540 sibiipsa
537 4471 716 4539 repugnare,
732 4455 874 4532 legesque
894 4453 1041 4514 creatoris
1055 4453 1234 4531 transgredi.
1313 4485 1315 4490 ·

312 4565 445 4625 (onom
461 4563 491 4622 3.
501 4593 542 4605 —-
555 4557 645 4620 Aliud
656 4561 703 4621 est
714 4551 865 4616 affirmare
875 4553 963 4615 aliter
974 4569 1066 4632 quam
1077 4553 1253 4631 cogitamus,
1264 4555 1347 4616 aliud

271 4667 317 4724 est
329 4663 425 4725 celare
438 4661 520 4740 quod
535 4659 716 4736 cogitamus.
733 4655 856 4717 Falsum
872 4655 956 4732 loqui
975 4660 1120 4733 repugnat
1132 4655 1279 4716 sermonis
1293 4673 1350 4718 na·

272 4769 368 4838 turre,
390 4762 526 4841 adeoque
544 4775 664 4841 semper
687 4756 805 4818 malurn
829 4762 898 4832 est:
918 4761 949 4816 at
967 4769 1075 4816 sensus
1095 4761 1231 4832 nostros,
1253 4773 1348 4834 quum
