3559 5675
560 751 667 798 Sllffl.
692 770 728 785 ·-
751 751 837 799 elcan
855 754 1006 802 stetim.

648 923 857 1035 anniculus
878 972 931 1034 lll.

390 1155 448 1232 ‚De
466 1157 629 1241 precipuo
642 1158 826 1221 matrimonii
837 1156 946 1240 lepidio
961 1150 1159 1224 naturalibus.

274 1346 351 1409 813.
378 1348 450 1423 Pus.
471 1346 558 1409 391¹.
580 1348 644 1409 lnx
662 1348 704 1408 le.
720 1379 761 1395 -·
776 1346 1001 1430 Matrimonium
1019 1350 1113 1429 libere
1133 1351 1171 1413 ab
1192 1358 1321 1433 utroque

234 1451 371 1527 conjuge
390 1447 532 1510 contrahi
552 1446 651 1523 debet,
670 1446 805 1525 adeoquo
823 1454 890 1509 tum
908 1449 1052 1511 uiolentia
1073 1457 1138 1513 tum
1154 1467 1237 1515 error
1255 1455 1323 1533 qni·

235 1564 364 1627 cunque
373 1548 409 1609 in
424 1564 458 1609 re
471 1547 625 1609 assumti
636 1552 823 1610 contractum
837 1548 1024 1611 matrimonii
1037 1550 1160 1613 nullum
1178 1532 1320 1617 alliciunt.

274 1652 377 1711 Peon.
389 1654 434 1711 '1¹
453 1662 542 1710 rans.
554 1680 596 1693 -
612 1651 641 1707 t·
656 1647 880 1711 Matrimonium
895 1655 941 1711 ost
957 1650 1080 1712 societas
1092 1654 1246 1713 communi
1258 1656 1325 1733 jure

235 1757 358 1810 naturae
382 1748 531 1809 omnibns
559 1748 706 1827 permissa
736 1753 766 1809 et
795 1748 876 1809 nulli
902 1756 1057 1830 praecepta.
1090 1752 1168 1829 Ergo
1189 1750 1325 1815 humana

238 1852 357 1929 quaeis
375 1850 551 1924 auctoritas,
571 1848 650 1909 siout
672 1848 777 1927 nequit
798 1848 898 1911 ullum
918 1848 1075 1913 hominem
1094 1869 1112 1915 a
1132 1852 1324 1915 matrimonio

238 1950 419 2029 prohibere,
443 1950 485 2010 ita
497 1948 591 2015 etiam
610 1946 733 2009 nullum
753 1947 910 2011 hominem
929 1950 1074 2029 patented
1095 1952 1323 2017 matrimonium

241 2048 391 2127 obligare.

279 2148 313 2209 2·
343 2147 575 2210 llatrimonium
600 2153 645 2209 est
666 2147 790 2210 societas
811 2148 932 2225 intima,
962 2148 1099 2212 amicalis
1122 2156 1152 2212 ot
1170 2157 1322 2233 perpetua.

242 2250 319 2328 Ergo
339 2266 467 2313 necesse
477 2248 604 2311 omuino
618 2253 664 2309 est
675 2254 710 2309 nt
724 2250 873 2329 reciproca
884 2248 995 2311 indolis
1006 2252 1170 2331 proportio,
1182 2260 1211 2315 ct
1221 2256 1326 2317 existi·
1369 2244 1373 2253 ’

249 2353 378 2412 matioet
389 2350 505 2411 fidncia
527 2349 606 2410 inter
625 2349 771 2426 conjuges
792 2348 989 2411 intercedant.
1006 2353 1083 2427 Ergo
1101 2367 1221 2415 necesse
1235 2361 1327 2419 estut

253 2450 345 2512 libere
355 2451 488 2529 quisque
503 2449 655 2529 possitvel
668 2436 793 2529 prorsus'
807 2448 1032 2511 amatrimonio
1042 2450 1203 2530 abstinere,
1218 2452 1243 2513 si
1258 2455 1326 2517 talis

250 2551 277 2610 ei
299 2551 422 2613 societas
439 2566 502 2611 non
524 2549 652 2628 placeat,
675 2549 723 2611 uel
737 2566 806 2610 eam
824 2565 984 2630 personam
1004 2551 1062 2611 sibi
1085 2554 1326 2632 conjungendam

245 2651 383 2727 seligere,
405 2664 476 2728 quae
496 2650 554 2729 ipsi
573 2649 713 2711 arrideat.
739 2650 770 2710 Si
793 2649 874 2711 enim
895 2650 965 2728 qttis
979 2651 1027 2712 vel
1045 2651 1082 2712 ad
1098 2654 1326 2719 matrimonium

242 2749 321 2827 qnod
336 2750 467 2811 omnino
479 2748 613 2828 respuit,
628 2748 742 2809 invitus
765 2748 951 2829 impellatur,
967 2750 1014 2815 vel
1033 2767 1103 2812 curn
1121 2770 1327 2834 personaque
1418 2806 1421 2811 .

242 2850 288 2911 illi
314 2867 379 2913 non
397 2852 509 2931 placet,
533 2851 648 2912 inritus
667 2853 881 2928 conjungatur,
906 2867 1101 2930 nequaquam
1125 2855 1232 2933 poterit
1258 2869 1335 2932 erga·

241 2954 407 3028 coniugem
422 2950 533 3012 habere
546 2951 687 3014 intimam
699 2950 785 3011 illam
798 2949 963 3012 affectuum
983 2953 1227 3016 communionem
1252 2961 1283 3018 et
1295 2955 1329 3015 ll-

241 3049 379 3126 duoiam,
395 3069 464 3128 quta
477 3050 612 3112 societati
627 3049 746 3112 amicali
761 3049 929 3111 essentialis
944 3055 999 3110 est.
1017 3053 1106 3126 Ergo,
1122 3057 1179 3113 etc.

284 3153 380 3211 t‘non.
396 3152 428 3209 2·
440 3165 519 3210 erus
532 3165 574 3212 ax
588 3163 710 3212 antone.
732 3177 774 3195 -·
793 3150 869 3210 Nam
896 3147 927 3208 1ο
939 3148 1169 3209 matrimonium
1188 3155 1235 3212 est
1256 3167 1327 3213 oon·

242 3256 356 3311 tractus
366 3249 505 3327 quddam.
517 3251 608 3328 Atqui
618 3255 788 3311 conuectos
800 3236 930 3327 quilibet
941 3263 1002 3310 non
1015 3248 1049 3308 lrt
1062 3248 1120 3310 nisi
1133 3265 1186 3328 per
1198 3249 1327 3314 liberum

240 3349 451 3413 contrahentis
470 3365 653 3415 eonsensum
678 3369 687 3412 ι
710 3353 740 3412 et
762 3347 817 3410 ubi
839 3347 984 3410 violentia
1007 3349 1187 3426 intercessit,
1200 3367 1328 3430 nequa-

241 3469 336 3529 quam
359 3451 458 3529 pactio
489 3451 567 3512 lacta
599 3455 646 3512 est
669 3466 722 3530 per
743 3447 871 3511 liberam
901 3447 1106 3512 contrahentis
1130 3445 1324 3514 rolrintatam.

243 3555 336 3629 lingo,
350 3557 412 3612 etc.
531 3605 540 3618 ,

282 3657 318 3713 2·
342 3655 439 3714 Nemo
464 3650 651 3732 potestvelle
671 3649 751 3728 quod
774 3651 905 3726 ignorat.
930 3650 1011 3728 Ergo
1029 3651 1083 3728 qui
1104 3651 1162 3714 tale
1175 3653 1327 3733 quoddam

245 3753 478 3819 matrimonium
492 3750 589 3812 voluit
611 3767 647 3812 ex
668 3766 769 3810 errore
783 3751 815 3809 in
829 3765 862 3810 re
882 3748 1046 3826 essentiali,
1063 3766 1165 3812 reuera
1187 3752 1263 3814 illud
1276 3771 1329 3818 no·

244 3852 321 3926 lnit;
334 3853 413 3932 quia
427 3868 494 3913 rem
515 3852 602 3912 illam
616 3851 815 3912 essentialem
835 3848 946 3926 noluit,
960 3865 1031 3929 que
1049 3867 1096 3912 res
1113 3869 1132 3912 a
1149 3852 1201 3914 tali
1221 3857 1327 3917 matri·
1435 3889 1436 3892 =

245 3955 349 4015 monio
371 3951 585 4032 inseparabilis
613 3956 669 4013 est.
693 3950 804 4028 Atqui,
830 3949 884 4010 ubi
910 3949 992 4012 deest
1020 3949 1097 4012 liber
1123 3953 1326 4019 contrahentis
1396 3993 1398 3998 ·

245 4069 426 4129 consensus,
441 4050 540 4130 pactio
553 4050 640 4112 nulla
654 4057 709 4111 est.
726 4052 815 4127 Ergo,
830 4055 886 4112 otc.

286 4152 358 4214 ⁸14.
387 4153 529 4214 Conone.
553 4183 592 4196 -
614 4151 667 4211 Est
684 4149 784 4228 igitur·
797 4149 936 4212 naturale
951 4151 1005 4228 jus
1026 4151 1175 4229 cujusque
1195 4152 1327 4218 hominis

248 4252 344 4316 libera
366 4253 417 4315 sui
439 4253 581 4332 conjugis
593 4251 706 4316 electio.
727 4253 841 4313 Tamen
854 4250 919 4313 haec
938 4249 1043 4313 electio
1060 4250 1148 4314 debet
1166 4253 1328 4332 prudenter

249 4353 312 4416 lieri
337 4377 346 4412 r
371 4355 474 4432 agitur
495 4353 578 4415 enirn
601 4351 639 4413 de
663 4357 806 4431 perpetuo
827 4351 959 4412 duorum
981 4352 1118 4414 conuictu
1139 4353 1273 4435 aulaeque
1289 4358 1326 4420 de

248 4460 392 4534 perpetua
403 4455 566 4532 utriusque
578 4452 718 4514 felicitate
731 4457 784 4514 aut
795 4451 967 4514 infelicitate
978 4451 1009 4512 in
1020 4451 1076 4514 lrao
1087 4453 1157 4514 vitu.
1169 4457 1258 4534 Ergo,
1273 4459 1325 4521 uhi

250 4557 316 4634 onis
329 4557 365 4617 in
386 4558 517 4635 conjuge
536 4554 595 4617 sibi
618 4552 755 4633 eligendo
772 4552 979 4634 imprudenter
1003 4559 1083 4632 agat,
1097 4555 1325 4635 prudentiorum

250 4658 384 4720 eorrsiliis
396 4658 463 4736 regi
483 4656 583 4719 dohet.
600 4656 675 4718 ilinc
688 4655 784 4717 oritur
794 4653 929 4716 liliorum
948 4652 1079 4717 officium
1100 4655 1326 4738 obtemperandi

252 4757 388 4836 prudenti
405 4762 566 4839 parentum
576 4754 731 4821 directioni
742 4753 776 4819 in
789 4755 910 4834 negotio
923 4753 979 4820 hoc
992 4755 1169 4836 gravissimo
1189 4759 1257 4822 talis
1268 4761 1324 4828 sini
