3559 5675
570 775 677 820 sum.
701 795 740 806 -
762 775 847 826 uses
868 774 970 820 aoros.
1254 757 1310 828 ltl'l

256 881 296 944 rel
312 879 465 944 commisso
478 880 528 942 rel
545 882 656 942 omisso
675 881 916 960 provenientem,
926 879 1043 957 iudicia
1056 880 1089 941 in
1102 881 1225 959 ancipiti
1245 882 1312 962 pri-

257 999 328 1040 mum
349 981 505 1057 haerentia,
529 980 614 1041 facile
635 979 758 1056 deinde,
783 981 958 1060 passionum
980 982 1093 1060 impetu
1114 988 1251 1058 urgento,
1272 981 1311 1047 ed

255 1084 382 1158 majorem
394 1079 553 1140 utilitatem
566 1077 666 1140 delicti
679 1080 831 1140 commissi
841 1079 1049 1143 atlirmandem
1063 1085 1231 1146 excurrerit.

286 1179 314 1238 l·
324 1179 411 1240 Debet
422 1179 511 1248 nulla
520 1179 684 1258 punitionis
694 1177 871 1258 effugiendae
883 1197 952 1260 spes
964 1179 1107 1259 relinqui.
1116 1181 1148 1241 Si
1157 1197 1219 1258 qua
1228 1181 1311 1248 enirn

253 1296 308 1356 spes
325 1277 471 1356 ejusmodi
495 1279 635 1356 supersit,
652 1278 732 1340 haud
754 1279 915 1340 difficulter
932 1296 980 1354 ea,
1000 1281 1171 1357 passionum
1186 1281 1312 1343 fallaciis

254 1377 423 1454 amplificata,
438 1378 516 1438 attile
529 1377 670 1456 delictum
685 1377 749 1438 lore
761 1379 944 1441 inanimum
958 1377 1090 1439 inducet.
1103 1381 1194 1454 Ergo,
1203 1387 1259 1442 etc.

285 1477 346 1536 oea
371 1477 505 1538 Conone.
524 1509 566 1522 -
585 1479 654 1550 Οιιο
674 1478 809 1541 severius
828 1479 947 1559 punitio
968 1477 1152 1538 conditiones
1172 1478 1312 1558 superius

252 1575 393 1652 explicatae
415 1575 559 1652 servabit,
577 1593 612 1638 eo
630 1577 740 1638 melius
757 1582 867 1638 evertet
885 1577 1075 1638 securitatem
1092 1577 1175 1636 illam
1188 1593 1250 1652 qua
1263 1576 1314 1638 de·

253 1675 339 1736 ticum
359 1691 422 1734 sese
445 1680 547 1750 tegere
571 1674 686 1750 studet,
707 1693 804 1754 quum
829 1675 867 1738 ad
893 1675 1040 1736 scelerum
1069 1677 1312 1740 communionem

253 1777 342 1852 querit
358 1776 496 1836 incautos
510 1775 643 1843 allicere.
666 1777 812 1839 Ceterum
832 1776 1017 1838 conditiones
1038 1777 1097 1838 illm
1117 1775 1203 1836 ralde
1220 1793 1314 1850 gene-

253 1875 316 1936 rales
336 1882 364 1936 et
385 1875 476 1955 plane
501 1875 669 1938 theoreticae
691 1876 790 1938 adhuc
812 1883 896 1954 sunt,
910 1893 1075 1954 earumque
1094 1877 1253 1958 applicatio
1274 1876 1313 1936 ad

254 1991 325 2034 rasus
335 1974 560 2050 determinatos,
574 1977 633 2036 nisi
646 1975 713 2038 atits
726 1976 843 2055 legibus
860 1977 956 2053 magis
970 1977 1106 2057 practicis
1118 1981 1311 2055 preparetur,

256 2072 363 2134 titteris
375 2074 542 2134 admodum
566 2074 668 2137 lutura
680 2081 733 2136 est.
749 2076 809 2136 Has
828 2076 922 2152 igitur
931 2075 1013 2152 leges
1032 2075 1070 2138 ad
1085 2074 1200 2156 praxim
1214 2074 1312 2152 magis

256 2169 398 2232 recedentes
414 2173 446 2234 in
459 2173 662 2250 sequentibus
675 2173 871 2252 positionibus
887 2173 1052 2237 trademus.

555 2524 558 2532 V
655 2431 817 2494 nnrtcau
838 2431 890 2492 tlt.

316 2641 354 2703 tte
361 2643 530 2722 punitionis
541 2643 730 2744 proportione
740 2651 873 2727 respectu
879 2629 1014 2727 peram
1025 2641 1229 2726 delinquentia.

282 2852 332 2915 965
355 2856 423 2918 Pos.
439 2854 528 2917 173¹.
540 2856 712 2919 -Socialis
722 2857 838 2937 punitio
851 2856 950 2931 debet,
962 2874 997 2916 ex
1012 2872 1097 2933 aequa
1109 2857 1309 2937 proportione,

252 2957 302 3010 tum
315 2953 346 3013 ad
358 2954 568 3035 delinquentis
580 2957 724 3035 indolem,
739 2962 804 3018 tum
815 2957 853 3019 ad
866 2955 994 3035 gradum
1007 2954 1234 3016 inordinationis
1244 2972 1310 3033 quae

252 3048 276 3109 in
288 3050 383 3115 delicto
397 3056 454 3129 sit,
469 3054 698 3120 accommodari.
769 3046 771 3051 ’
840 3042 841 3047 “

281 3152 363 3215 Pana.
375 3191 413 3200 -
427 3160 496 3219 Duo
506 3159 625 3221 termini
636 3158 830 3237 alegislatcre
840 3158 1095 3237 inpmnaquaque
1104 3152 1312 3216 constituenda

251 3258 310 3311 sunt
320 3258 489 3321 necessario
502 3258 732 3339 determinaret,
748 3261 894 3323 nimirum
908 3256 1037 3337 qualitas
1051 3256 1134 3317 illius
1148 3260 1176 3316 et
1190 3255 1310 3333 quanti·

252 3356 287 3410 tas
302 3369 310 3413 :
328 3356 390 3417 sine
409 3360 464 3419 his
485 3376 617 3438 namque
637 3360 755 3423 duobus
773 3378 828 3423 nee
849 3358 1069 3441 proportionata
1087 3372 1163 3433 esse,
1179 3372 1234 3415 nec
1249 3354 1310 3417 ullo

251 3459 319 3527 pecto
340 3458 462 3518 realiter
485 3460 608 3521 existere
631 3458 748 3541 punitio
770 3468 875 3541 potest.
900 3461 990 3538 Atqm
1013 3462 1037 3520 l.
1062 3473 1156 3537 poenae
1179 3454 1311 3547 qualitas

251 3546 366 3615 debctad
380 3573 517 3635 personae
527 3558 729 3643 delinquentis
741 3560 873 3622 indolem
885 3557 1113 3621 accommodari.
1127 3556 1201 3617 Nam
1218 3560 1310 3638 t⁰pro

252 3650 317 3709 varia
326 3652 530 3737 delinquentis
545 3658 646 3719 indole
658 3661 741 3719 varia
754 3662 842 3721 etiam
853 3667 899 3720 est
915 3659 1051 3737 ejusdem
1064 3654 1165 3717 delicti
1177 3653 1290 3713 malitia
1297 3667 1308 3731 3

251 3742 324 3807 debet
335 3761 437 3815 autem
453 3757 569 3833 punitio
579 3774 642 3818 esse
653 3758 750 3819 delicti
765 3760 887 3820 malitiae
901 3760 1133 3838 proportionata.

284 3850 311 3905 θ’
323 3852 375 3913 Pro
397 3856 482 3933 varia
504 3854 707 3934 delinquentis
729 3858 830 3935 indple
849 3860 951 3920 varius
971 3863 1016 3919 est
1033 3857 1154 3920 effectus
1170 3857 1310 3933 moralis,

251 3960 329 4019 quem
355 3958 435 4011 certa
454 3970 582 4032 quasque
604 3972 692 4035 poene
710 3958 741 4017 in
761 3957 954 4035 delinquente
977 3958 1083 4035 punito
1103 3956 1208 4033 gignit.
1232 3954 1310 4033 Ergo

251 4058 307 4117 ‘1¹1ae
319 4064 404 4127 prena
414 4052 447 4113 in
462 4058 541 4113 certo
554 4056 655 4135 aliquo
669 4056 942 4137 delinquenteapta
956 4062 1001 4119 est
1015 4056 1051 4119 ad
1066 4056 1199 4117 ordinem
1215 4056 1245 4114 in
1259 4053 1311 4114 illo

253 4150 479 4229 restaurandum,
490 4154 519 4212 in
535 4154 592 4215 alio
605 4156 797 4235 delinquente
807 4158 841 4219 ed
856 4158 997 4220 cumdem
1010 4147 1099 4218 finem
1111 4152 1310 4217 obtinendum

253 4240 421 4311 insufficiens
442 4256 528 4315 esset.
545 4256 634 4333 Atqui
656 4274 774 4335 poenam
795 4259 918 4319 societas
936 4257 1023 4319 debet
1036 4254 1258 4318 accommodare
1273 4253 1309 4314 ad

252 4342 372 4408 ordinem
387 4350 419 4411 in
435 4350 629 4430 delinquente
644 4356 872 4419 restaurandum
885 4358 979 4435 (949).
995 4360 1082 4434 Ergo,
1098 4363 1154 4417 eto.

287 4444 319 4503 ll.
335 4448 462 4512 Evidens
477 4459 523 4513 est
538 4454 568 4515 in
582 4470 669 4535 poena
683 4473 802 4535 quaque
815 4458 1043 4518 determinanda
1056 4456 1235 4518 servandam
1247 4470 1312 4514 esse

255 4543 310 4617 tius
327 4548 546 4629 proportionem
561 4570 630 4617 cum
648 4555 748 4635 delicti
770 4559 923 4634 gravitate.
945 4558 1035 4635 Atqui
1049 4559 1113 4619 haec
1132 4558 1231 4619 delicti
1246 4572 1312 4630 gra·

253 4640 317 4801 tans
329 4655 371 4708 est
383 4650 495 4729 gradus
513 4654 742 4718 inordinationis
760 4657 879 4718 socialis
893 4676 911 4717 a
924 4656 1033 4720 delicto
1049 4658 1207 4739 producta.
1222 4658 1311 4732 Ergo,

255 4754 267 4797 e
293 4787 300 4802 ι
682 4759 688 4765 .
