<?xml version="1.0" encoding="UTF-8"?>
<!DOCTYPE html PUBLIC "-//W3C//DTD XHTML 1.0 Transitional//EN"
    "http://www.w3.org/TR/xhtml1/DTD/xhtml1-transitional.dtd">
<html xmlns="http://www.w3.org/1999/xhtml" xml:lang="en" lang="en">
 <head>
  <title>
</title>
<meta http-equiv="Content-Type" content="text/html;charset=utf-8" />
  <meta name='ocr-system' content='tesseract 3.04.00' />
  <meta name='ocr-capabilities' content='ocr_page ocr_carea ocr_par ocr_line ocrx_word'/>
</head>
<body>
  <div class='ocr_page' id='page_1' title='image "./jurisnaturalisu00bensgoog/jurisnaturalisu00bensgoog_0700.png"; bbox 0 0 3559 5675; ppageno 0'>
   <div class='ocr_carea' id='block_1_1' title="bbox 423 734 1091 810">
    <p class='ocr_par' dir='ltr' id='par_1_1' title="bbox 423 734 1091 810">
     <span class='ocr_line' id='line_1_1' title="bbox 423 734 1091 810; baseline 0.004 -11"><span class='ocrx_word' id='word_1_1' title='bbox 423 734 487 799; x_wconf 79' lang='lat' dir='ltr'>eve</span> <span class='ocrx_word' id='word_1_2' title='bbox 832 756 912 805; x_wconf 82' lang='lat' dir='ltr'>rums</span> <span class='ocrx_word' id='word_1_3' title='bbox 933 754 1091 810; x_wconf 74' lang='lat' dir='ltr'>ermerus</span> 
     </span>
    </p>
   </div>
   <div class='ocr_carea' id='block_1_2' title="bbox 376 860 1501 4835">
    <p class='ocr_par' dir='ltr' id='par_1_2' title="bbox 423 860 1501 1141">
     <span class='ocr_line' id='line_1_2' title="bbox 423 860 1501 943; baseline 0.003 -21"><span class='ocrx_word' id='word_1_4' title='bbox 423 876 585 936; x_wconf 82' lang='lat' dir='ltr'>personum</span> <span class='ocrx_word' id='word_1_5' title='bbox 600 860 792 937; x_wconf 76' lang='lat' dir='ltr'>interrogare,</span> <span class='ocrx_word' id='word_1_6' title='bbox 812 878 908 943; x_wconf 83' lang='lat' dir='ltr'>sque</span> <span class='ocrx_word' id='word_1_7' title='bbox 925 864 1082 933; x_wconf 73' lang='lat' dir='ltr'>sinceram.</span> <span class='ocrx_word' id='word_1_8' title='bbox 1101 864 1210 923; x_wconf 68' lang='lat' dir='ltr'>oerum</span> <span class='ocrx_word' id='word_1_9' title='bbox 1232 872 1267 919; x_wconf 82' lang='lat' dir='ltr'>ec</span> <span class='ocrx_word' id='word_1_10' title='bbox 1284 862 1381 923; x_wconf 75' lang='lat' dir='ltr'>tutem</span> <span class='ocrx_word' id='word_1_11' title='bbox 1395 876 1501 925; x_wconf 79' lang='lat' dir='ltr'>eumin</span> 
     </span>
     <span class='ocr_line' id='line_1_3' title="bbox 424 958 1501 1034; baseline 0 -8"><span class='ocrx_word' id='word_1_12' title='bbox 424 960 560 1026; x_wconf 79' lang='lat' dir='ltr'>nondun</span> <span class='ocrx_word' id='word_1_13' title='bbox 581 960 713 1028; x_wconf 77' lang='lat' dir='ltr'>hauriet.</span> <span class='ocrx_word' id='word_1_14' title='bbox 728 964 874 1025; x_wconf 86' lang='lat' dir='ltr'>nimirum</span> <span class='ocrx_word' id='word_1_15' title='bbox 893 965 1059 1027; x_wconf 82' lang='lat' dir='ltr'>nilomano</span> <span class='ocrx_word' id='word_1_16' title='bbox 1075 958 1227 1034; x_wconf 86' lang='lat' dir='ltr'>Pontifice,</span> <span class='ocrx_word' id='word_1_17' title='bbox 1244 958 1382 1025; x_wconf 86' lang='lat' dir='ltr'>omniurn</span> <span class='ocrx_word' id='word_1_18' title='bbox 1402 960 1501 1025; x_wconf 81' lang='lat' dir='ltr'>Eccle-</span> 
     </span>
     <span class='ocr_line' id='line_1_4' title="bbox 423 1059 982 1141; baseline 0 -20"><span class='ocrx_word' id='word_1_19' title='bbox 423 1059 535 1121; x_wconf 74' lang='lat' dir='ltr'>mrum</span> <span class='ocrx_word' id='word_1_20' title='bbox 553 1062 638 1121; x_wconf 83' lang='lat' dir='ltr'>Patre</span> <span class='ocrx_word' id='word_1_21' title='bbox 649 1077 683 1123; x_wconf 81' lang='lat' dir='ltr'>nc</span> <span class='ocrx_word' id='word_1_22' title='bbox 693 1062 815 1123; x_wconf 86' lang='lat' dir='ltr'>Ductore</span> <span class='ocrx_word' id='word_1_23' title='bbox 829 1080 982 1141; x_wconf 81' lang='lat' dir='ltr'>supremo.</span> 
     </span>
    </p>

    <p class='ocr_par' dir='ltr' id='par_1_3' title="bbox 408 1158 1500 3028">
     <span class='ocr_line' id='line_1_5' title="bbox 462 1158 1500 1241; baseline 0.002 -20"><span class='ocrx_word' id='word_1_24' title='bbox 462 1160 551 1221; x_wconf 77' lang='lat'><strong>3164.</strong></span> <span class='ocrx_word' id='word_1_25' title='bbox 570 1162 699 1223; x_wconf 72' lang='lat' dir='ltr'>Coeum.</span> <span class='ocrx_word' id='word_1_26' title='bbox 714 1164 874 1234; x_wconf 84' lang='lat' dir='ltr'>-Qunnti</span> <span class='ocrx_word' id='word_1_27' title='bbox 889 1162 1035 1225; x_wconf 79' lang='lat' dir='ltr'>momenti</span> <span class='ocrx_word' id='word_1_28' title='bbox 1050 1160 1113 1223; x_wconf 83' lang='lat' dir='ltr'>hec</span> <span class='ocrx_word' id='word_1_29' title='bbox 1125 1163 1274 1241; x_wconf 83' lang='lat' dir='ltr'>postremo</span> <span class='ocrx_word' id='word_1_30' title='bbox 1288 1158 1396 1239; x_wconf 84' lang='lat' dir='ltr'>positio</span> <span class='ocrx_word' id='word_1_31' title='bbox 1406 1160 1500 1223; x_wconf 85' lang='lat' dir='ltr'>etiem</span> 
     </span>
     <span class='ocr_line' id='line_1_6' title="bbox 419 1256 1499 1339; baseline 0.003 -21"><span class='ocrx_word' id='word_1_32' title='bbox 419 1258 453 1319; x_wconf 90' lang='lat' dir='ltr'>iu</span> <span class='ocrx_word' id='word_1_33' title='bbox 466 1258 573 1321; x_wconf 86' lang='lat' dir='ltr'>ordine</span> <span class='ocrx_word' id='word_1_34' title='bbox 595 1261 677 1321; x_wconf 84' lang='lat' dir='ltr'>cirili</span> <span class='ocrx_word' id='word_1_35' title='bbox 697 1267 728 1321; x_wconf 88' lang='lat' dir='ltr'>et</span> <span class='ocrx_word' id='word_1_36' title='bbox 749 1262 868 1339; x_wconf 90' lang='lat' dir='ltr'>politico</span> <span class='ocrx_word' id='word_1_37' title='bbox 882 1264 932 1333; x_wconf 83' lang='lat' dir='ltr'>sit.</span> <span class='ocrx_word' id='word_1_38' title='bbox 951 1261 1070 1339; x_wconf 84' lang='lat' dir='ltr'>magnis</span> <span class='ocrx_word' id='word_1_39' title='bbox 1089 1258 1220 1339; x_wconf 86' lang='lat' dir='ltr'>prolecto</span> <span class='ocrx_word' id='word_1_40' title='bbox 1233 1256 1418 1321; x_wconf 83' lang='lat' dir='ltr'>clamoribus</span> <span class='ocrx_word' id='word_1_41' title='bbox 1442 1266 1499 1321; x_wconf 75' lang='lat' dir='ltr'>les</span> 
     </span>
     <span class='ocr_line' id='line_1_7' title="bbox 421 1356 1500 1437; baseline 0.002 -18"><span class='ocrx_word' id='word_1_42' title='bbox 421 1360 500 1419; x_wconf 79' lang='lat' dir='ltr'>tetur</span> <span class='ocrx_word' id='word_1_43' title='bbox 516 1360 617 1434; x_wconf 76' lang='lat' dir='ltr'>jorna</span> <span class='ocrx_word' id='word_1_44' title='bbox 638 1358 742 1421; x_wconf 85' lang='lat' dir='ltr'>multis</span> <span class='ocrx_word' id='word_1_45' title='bbox 763 1360 873 1421; x_wconf 88' lang='lat' dir='ltr'>seculis</span> <span class='ocrx_word' id='word_1_46' title='bbox 888 1360 1040 1425; x_wconf 82' lang='lat' dir='ltr'>Orientale</span> <span class='ocrx_word' id='word_1_47' title='bbox 1063 1364 1150 1419; x_wconf 88' lang='lat' dir='ltr'>vetus</span> <span class='ocrx_word' id='word_1_48' title='bbox 1174 1357 1351 1437; x_wconf 83' lang='lat' dir='ltr'>imperium,</span> <span class='ocrx_word' id='word_1_49' title='bbox 1371 1356 1500 1421; x_wconf 87' lang='lat' dir='ltr'>infinitis</span> 
     </span>
     <span class='ocr_line' id='line_1_8' title="bbox 420 1456 1496 1535; baseline 0.004 -20"><span class='ocrx_word' id='word_1_50' title='bbox 420 1456 505 1534; x_wconf 83' lang='lat' dir='ltr'>prius</span> <span class='ocrx_word' id='word_1_51' title='bbox 527 1457 695 1534; x_wconf 87' lang='lat' dir='ltr'>erroribus,</span> <span class='ocrx_word' id='word_1_52' title='bbox 710 1460 819 1526; x_wconf 84' lang='lat' dir='ltr'>turbis.</span> <span class='ocrx_word' id='word_1_53' title='bbox 836 1462 987 1523; x_wconf 77' lang='lat' dir='ltr'>intestinis</span> <span class='ocrx_word' id='word_1_54' title='bbox 1015 1459 1104 1521; x_wconf 90' lang='lat' dir='ltr'>hellis</span> <span class='ocrx_word' id='word_1_55' title='bbox 1120 1474 1154 1519; x_wconf 82' lang='lat' dir='ltr'>en</span> <span class='ocrx_word' id='word_1_56' title='bbox 1173 1456 1304 1519; x_wconf 74' lang='lat' dir='ltr'>cennos</span> <span class='ocrx_word' id='word_1_57' title='bbox 1325 1462 1496 1535; x_wconf 66' lang='lat' dir='ltr'>vastatum</span> 
     </span>
     <span class='ocr_line' id='line_1_9' title="bbox 415 1551 1498 1637; baseline 0.003 -21"><span class='ocrx_word' id='word_1_58' title='bbox 415 1551 565 1616; x_wconf 80' lang='lat' dir='ltr'>horrende</span> <span class='ocrx_word' id='word_1_59' title='bbox 578 1554 687 1617; x_wconf 88' lang='lat' dir='ltr'>deinde</span> <span class='ocrx_word' id='word_1_60' title='bbox 700 1561 869 1637; x_wconf 67' lang='lat' dir='ltr'>captivitate</span> <span class='ocrx_word' id='word_1_61' title='bbox 883 1576 919 1624; x_wconf 83' lang='lat' dir='ltr'>nc</span> <span class='ocrx_word' id='word_1_62' title='bbox 937 1559 1015 1621; x_wconf 81' lang='lat' dir='ltr'>loeda</span> <span class='ocrx_word' id='word_1_63' title='bbox 1031 1555 1167 1619; x_wconf 82' lang='lat' dir='ltr'>hnrhnrie</span> <span class='ocrx_word' id='word_1_64' title='bbox 1186 1571 1375 1633; x_wconf 87' lang='lat' dir='ltr'>oppressum.</span> <span class='ocrx_word' id='word_1_65' title='bbox 1392 1558 1427 1617; x_wconf 94' lang='lat' dir='ltr'>lu</span> <span class='ocrx_word' id='word_1_66' title='bbox 1441 1556 1498 1619; x_wconf 92' lang='lat' dir='ltr'>hoc</span> 
     </span>
     <span class='ocr_line' id='line_1_10' title="bbox 415 1654 1497 1738; baseline 0.004 -23"><span class='ocrx_word' id='word_1_67' title='bbox 415 1654 498 1715; x_wconf 89' lang='lat' dir='ltr'>enim</span> <span class='ocrx_word' id='word_1_68' title='bbox 511 1654 664 1719; x_wconf 83' lang='lat' dir='ltr'>mulorum</span> <span class='ocrx_word' id='word_1_69' title='bbox 677 1660 816 1722; x_wconf 86' lang='lat' dir='ltr'>omniurn</span> <span class='ocrx_word' id='word_1_70' title='bbox 828 1660 956 1738; x_wconf 85' lang='lat' dir='ltr'>pelagus</span> <span class='ocrx_word' id='word_1_71' title='bbox 970 1664 1084 1721; x_wconf 84' lang='lat' dir='ltr'>constet</span> <span class='ocrx_word' id='word_1_72' title='bbox 1103 1674 1154 1717; x_wconf 87' lang='lat' dir='ltr'>cas</span> <span class='ocrx_word' id='word_1_73' title='bbox 1166 1661 1282 1733; x_wconf 85' lang='lat' dir='ltr'>gentes,</span> <span class='ocrx_word' id='word_1_74' title='bbox 1303 1654 1379 1717; x_wconf 87' lang='lat' dir='ltr'>olim</span> <span class='ocrx_word' id='word_1_75' title='bbox 1394 1656 1497 1719; x_wconf 84' lang='lat' dir='ltr'>claris-</span> 
     </span>
     <span class='ocr_line' id='line_1_11' title="bbox 414 1752 1496 1837; baseline 0.002 -20"><span class='ocrx_word' id='word_1_76' title='bbox 414 1752 523 1825; x_wconf 75' lang='lat' dir='ltr'>sium,</span> <span class='ocrx_word' id='word_1_77' title='bbox 549 1754 644 1820; x_wconf 87' lang='lat' dir='ltr'>tuisse</span> <span class='ocrx_word' id='word_1_78' title='bbox 668 1758 815 1837; x_wconf 71' lang='lat' dir='ltr'>paularim</span> <span class='ocrx_word' id='word_1_79' title='bbox 833 1758 977 1819; x_wconf 83' lang='lat' dir='ltr'>adductas</span> <span class='ocrx_word' id='word_1_80' title='bbox 999 1766 1062 1835; x_wconf 86' lang='lat' dir='ltr'>tum</span> <span class='ocrx_word' id='word_1_81' title='bbox 1086 1772 1211 1819; x_wconf 86' lang='lat' dir='ltr'>suorum</span> <span class='ocrx_word' id='word_1_82' title='bbox 1230 1755 1415 1835; x_wconf 84' lang='lat' dir='ltr'>principum,</span> <span class='ocrx_word' id='word_1_83' title='bbox 1429 1760 1496 1819; x_wconf 91' lang='lat' dir='ltr'>turn</span> 
     </span>
     <span class='ocr_line' id='line_1_12' title="bbox 416 1856 1495 1937; baseline 0.005 -25"><span class='ocrx_word' id='word_1_84' title='bbox 416 1869 543 1915; x_wconf 87' lang='lat' dir='ltr'>suornm</span> <span class='ocrx_word' id='word_1_85' title='bbox 565 1856 779 1935; x_wconf 82' lang='lat' dir='ltr'>Episcoporurn</span> <span class='ocrx_word' id='word_1_86' title='bbox 795 1860 959 1921; x_wconf 85' lang='lat' dir='ltr'>temeritate</span> <span class='ocrx_word' id='word_1_87' title='bbox 974 1875 1008 1921; x_wconf 84' lang='lat' dir='ltr'>nn</span> <span class='ocrx_word' id='word_1_88' title='bbox 1023 1856 1185 1937; x_wconf 76' lang='lat' dir='ltr'>superhia3</span> <span class='ocrx_word' id='word_1_89' title='bbox 1201 1871 1333 1935; x_wconf 86' lang='lat' dir='ltr'>quorum</span> <span class='ocrx_word' id='word_1_90' title='bbox 1349 1856 1451 1931; x_wconf 86' lang='lat' dir='ltr'>elteri,</span> <span class='ocrx_word' id='word_1_91' title='bbox 1463 1858 1495 1917; x_wconf 92' lang='lat' dir='ltr'>in</span> 
     </span>
     <span class='ocr_line' id='line_1_13' title="bbox 412 1952 1494 2036; baseline 0.009 -28"><span class='ocrx_word' id='word_1_92' title='bbox 412 1952 560 2019; x_wconf 80' lang='lat' dir='ltr'>rebusad</span> <span class='ocrx_word' id='word_1_93' title='bbox 579 1955 773 2023; x_wconf 71' lang='lat' dir='ltr'>christianam</span> <span class='ocrx_word' id='word_1_94' title='bbox 795 1959 887 2021; x_wconf 87' lang='lat' dir='ltr'>tidem</span> <span class='ocrx_word' id='word_1_95' title='bbox 901 1976 935 2021; x_wconf 87' lang='lat' dir='ltr'>ac</span> <span class='ocrx_word' id='word_1_96' title='bbox 950 1958 1146 2036; x_wconf 75' lang='lat' dir='ltr'>disciplinam</span> <span class='ocrx_word' id='word_1_97' title='bbox 1167 1955 1398 2035; x_wconf 83' lang='lat' dir='ltr'>pertinentibus,</span> <span class='ocrx_word' id='word_1_98' title='bbox 1422 1973 1494 2018; x_wconf 87' lang='lat' dir='ltr'>suus</span> 
     </span>
     <span class='ocr_line' id='line_1_14' title="bbox 414 2054 1495 2136; baseline 0.005 -20"><span class='ocrx_word' id='word_1_99' title='bbox 414 2054 514 2128; x_wconf 81' lang='lat' dir='ltr'>ponus</span> <span class='ocrx_word' id='word_1_100' title='bbox 527 2055 687 2133; x_wconf 80' lang='lat' dir='ltr'>Episcopus</span> <span class='ocrx_word' id='word_1_101' title='bbox 707 2057 765 2123; x_wconf 82' lang='lat' dir='ltr'>sihi</span> <span class='ocrx_word' id='word_1_102' title='bbox 786 2057 922 2121; x_wconf 86' lang='lat' dir='ltr'>subditos</span> <span class='ocrx_word' id='word_1_103' title='bbox 942 2076 1035 2136; x_wconf 83' lang='lat' dir='ltr'>quem</span> <span class='ocrx_word' id='word_1_104' title='bbox 1055 2060 1225 2119; x_wconf 83' lang='lat' dir='ltr'>Romanum</span> <span class='ocrx_word' id='word_1_105' title='bbox 1241 2055 1417 2119; x_wconf 82' lang='lat' dir='ltr'>Pontificem</span> <span class='ocrx_word' id='word_1_106' title='bbox 1438 2074 1495 2121; x_wconf 83' lang='lat' dir='ltr'>nu-</span> 
     </span>
     <span class='ocr_line' id='line_1_15' title="bbox 413 2148 1494 2239; baseline 0.009 -30"><span class='ocrx_word' id='word_1_107' title='bbox 413 2148 478 2214; x_wconf 85' lang='lat' dir='ltr'>nire</span> <span class='ocrx_word' id='word_1_108' title='bbox 492 2151 667 2231; x_wconf 82' lang='lat' dir='ltr'>voluerunt3</span> <span class='ocrx_word' id='word_1_109' title='bbox 683 2154 780 2234; x_wconf 82' lang='lat' dir='ltr'>elteri,</span> <span class='ocrx_word' id='word_1_110' title='bbox 796 2162 831 2217; x_wconf 90' lang='lat' dir='ltr'>ut</span> <span class='ocrx_word' id='word_1_111' title='bbox 848 2156 914 2218; x_wconf 85' lang='lat' dir='ltr'>lieri</span> <span class='ocrx_word' id='word_1_112' title='bbox 929 2158 1023 2229; x_wconf 80' lang='lat' dir='ltr'>volet,</span> <span class='ocrx_word' id='word_1_113' title='bbox 1042 2174 1097 2222; x_wconf 90' lang='lat' dir='ltr'>suo</span> <span class='ocrx_word' id='word_1_114' title='bbox 1110 2155 1208 2239; x_wconf 89' lang='lat' dir='ltr'>potius</span> <span class='ocrx_word' id='word_1_115' title='bbox 1222 2154 1349 2235; x_wconf 89' lang='lat' dir='ltr'>principi</span> <span class='ocrx_word' id='word_1_116' title='bbox 1370 2171 1494 2233; x_wconf 73' lang='lat' dir='ltr'>sumque</span> 
     </span>
     <span class='ocr_line' id='line_1_16' title="bbox 412 2250 1494 2335; baseline 0.006 -24"><span class='ocrx_word' id='word_1_117' title='bbox 412 2251 494 2327; x_wconf 71' lang='lat' dir='ltr'>groti</span> <span class='ocrx_word' id='word_1_118' title='bbox 507 2250 625 2315; x_wconf 80' lang='lat' dir='ltr'>edulnri</span> <span class='ocrx_word' id='word_1_119' title='bbox 639 2270 732 2331; x_wconf 82' lang='lat' dir='ltr'>quam</span> <span class='ocrx_word' id='word_1_120' title='bbox 753 2256 922 2322; x_wconf 78' lang='lat' dir='ltr'>christiano</span> <span class='ocrx_word' id='word_1_121' title='bbox 943 2258 1099 2335; x_wconf 88' lang='lat' dir='ltr'>religionis</span> <span class='ocrx_word' id='word_1_122' title='bbox 1121 2256 1318 2320; x_wconf 73' lang='lat' dir='ltr'>incolumitati</span> <span class='ocrx_word' id='word_1_123' title='bbox 1333 2255 1494 2317; x_wconf 86' lang='lat' dir='ltr'>consulere</span> 
     </span>
     <span class='ocr_line' id='line_1_17' title="bbox 412 2349 1493 2437; baseline -0.001 -22"><span class='ocrx_word' id='word_1_124' title='bbox 412 2349 568 2415; x_wconf 78' lang='lat' dir='ltr'>thiduere.</span> <span class='ocrx_word' id='word_1_125' title='bbox 589 2355 748 2421; x_wconf 76' lang='lat' dir='ltr'>Testeutur</span> <span class='ocrx_word' id='word_1_126' title='bbox 768 2356 902 2436; x_wconf 85' lang='lat' dir='ltr'>idipsum</span> <span class='ocrx_word' id='word_1_127' title='bbox 916 2359 1025 2433; x_wconf 82' lang='lat' dir='ltr'>civilis,</span> <span class='ocrx_word' id='word_1_128' title='bbox 1047 2357 1158 2437; x_wconf 94' lang='lat' dir='ltr'>politici</span> <span class='ocrx_word' id='word_1_129' title='bbox 1183 2372 1217 2417; x_wconf 87' lang='lat' dir='ltr'>ec</span> <span class='ocrx_word' id='word_1_130' title='bbox 1237 2354 1371 2433; x_wconf 83' lang='lat' dir='ltr'>religiosi</span> <span class='ocrx_word' id='word_1_131' title='bbox 1390 2358 1493 2420; x_wconf 86' lang='lat' dir='ltr'>omnis</span> 
     </span>
     <span class='ocr_line' id='line_1_18' title="bbox 412 2450 1492 2533; baseline 0.002 -18"><span class='ocrx_word' id='word_1_132' title='bbox 412 2450 528 2523; x_wconf 75' lang='lat' dir='ltr'>othim</span> <span class='ocrx_word' id='word_1_133' title='bbox 541 2453 697 2521; x_wconf 76' lang='lat' dir='ltr'>subversio</span> <span class='ocrx_word' id='word_1_134' title='bbox 710 2462 741 2519; x_wconf 88' lang='lat' dir='ltr'>et</span> <span class='ocrx_word' id='word_1_135' title='bbox 751 2456 936 2521; x_wconf 76' lang='lat' dir='ltr'>calemitntee</span> <span class='ocrx_word' id='word_1_136' title='bbox 957 2455 1208 2529; x_wconf 79' lang='lat' dir='ltr'>innumerabiles,</span> <span class='ocrx_word' id='word_1_137' title='bbox 1220 2471 1296 2533; x_wconf 85' lang='lat' dir='ltr'>quus</span> <span class='ocrx_word' id='word_1_138' title='bbox 1309 2455 1341 2515; x_wconf 91' lang='lat' dir='ltr'>iu</span> <span class='ocrx_word' id='word_1_139' title='bbox 1360 2454 1492 2517; x_wconf 77' lang='lat' dir='ltr'>Gelliam</span> 
     </span>
     <span class='ocr_line' id='line_1_19' title="bbox 409 2548 1492 2635; baseline 0.007 -26"><span class='ocrx_word' id='word_1_140' title='bbox 409 2548 493 2613; x_wconf 79' lang='lat' dir='ltr'>hanc</span> <span class='ocrx_word' id='word_1_141' title='bbox 506 2567 641 2616; x_wconf 80' lang='lat' dir='ltr'>nostram</span> <span class='ocrx_word' id='word_1_142' title='bbox 652 2557 807 2635; x_wconf 79' lang='lat' dir='ltr'>superiore</span> <span class='ocrx_word' id='word_1_143' title='bbox 820 2556 921 2621; x_wconf 87' lang='lat' dir='ltr'>seculo</span> <span class='ocrx_word' id='word_1_144' title='bbox 944 2556 1040 2620; x_wconf 83' lang='lat' dir='ltr'>tuisse</span> <span class='ocrx_word' id='word_1_145' title='bbox 1055 2558 1186 2617; x_wconf 79' lang='lat' dir='ltr'>invectas</span> <span class='ocrx_word' id='word_1_146' title='bbox 1200 2570 1252 2633; x_wconf 92' lang='lat' dir='ltr'>per</span> <span class='ocrx_word' id='word_1_147' title='bbox 1267 2568 1415 2635; x_wconf 80' lang='lat' dir='ltr'>paganam</span> <span class='ocrx_word' id='word_1_148' title='bbox 1431 2554 1492 2617; x_wconf 92' lang='lat' dir='ltr'>Lu·</span> 
     </span>
     <span class='ocr_line' id='line_1_20' title="bbox 408 2648 1491 2733; baseline 0.011 -28"><span class='ocrx_word' id='word_1_149' title='bbox 408 2648 686 2731; x_wconf 77' lang='lat' dir='ltr'>rovicisuperhiam</span> <span class='ocrx_word' id='word_1_150' title='bbox 695 2662 726 2720; x_wconf 87' lang='lat' dir='ltr'>et</span> <span class='ocrx_word' id='word_1_151' title='bbox 734 2656 1129 2733; x_wconf 78' lang='lat' dir='ltr'>audaciam,etgullicnnam</span> <span class='ocrx_word' id='word_1_152' title='bbox 1140 2654 1311 2733; x_wconf 84' lang='lat' dir='ltr'>aliquorum</span> <span class='ocrx_word' id='word_1_153' title='bbox 1320 2652 1491 2719; x_wconf 73' lang='lat' dir='ltr'>tresorum</span> 
     </span>
     <span class='ocr_line' id='line_1_21' title="bbox 410 2751 1491 2835; baseline 0.003 -22"><span class='ocrx_word' id='word_1_154' title='bbox 410 2751 605 2820; x_wconf 78' lang='lat' dir='ltr'>temeritatem</span> <span class='ocrx_word' id='word_1_155' title='bbox 619 2760 648 2817; x_wconf 91' lang='lat' dir='ltr'>et</span> <span class='ocrx_word' id='word_1_156' title='bbox 660 2756 841 2826; x_wconf 79' lang='lat' dir='ltr'>vecordiam,</span> <span class='ocrx_word' id='word_1_157' title='bbox 856 2757 997 2834; x_wconf 84' lang='lat' dir='ltr'>superius</span> <span class='ocrx_word' id='word_1_158' title='bbox 1013 2755 1211 2817; x_wconf 81' lang='lat' dir='ltr'>indicavimus</span> <span class='ocrx_word' id='word_1_159' title='bbox 1225 2754 1336 2835; x_wconf 76' lang='grc'>(1325).</span> <span class='ocrx_word' id='word_1_160' title='bbox 1357 2752 1491 2817; x_wconf 85' lang='lat' dir='ltr'>Consule</span> 
     </span>
     <span class='ocr_line' id='line_1_22' title="bbox 410 2849 1492 2940; baseline -0.002 -23"><span class='ocrx_word' id='word_1_161' title='bbox 410 2849 448 2917; x_wconf 81' lang='lat' dir='ltr'>de</span> <span class='ocrx_word' id='word_1_162' title='bbox 470 2856 599 2930; x_wconf 82' lang='lat' dir='ltr'>utreque</span> <span class='ocrx_word' id='word_1_163' title='bbox 617 2872 652 2918; x_wconf 91' lang='lat' dir='ltr'>re</span> <span class='ocrx_word' id='word_1_164' title='bbox 671 2855 851 2920; x_wconf 85' lang='lat' dir='ltr'>christianos</span> <span class='ocrx_word' id='word_1_165' title='bbox 875 2857 1144 2940; x_wconf 76' lang='lat' dir='ltr'>historiographos,</span> <span class='ocrx_word' id='word_1_166' title='bbox 1167 2855 1332 2936; x_wconf 75' lang='lat' dir='ltr'>presertim</span> <span class='ocrx_word' id='word_1_167' title='bbox 1353 2853 1492 2916; x_wconf 83' lang='lat' dir='ltr'>liohrhn-</span> 
     </span>
     <span class='ocr_line' id='line_1_23' title="bbox 408 2956 820 3028; baseline 0.015 -19"><span class='ocrx_word' id='word_1_168' title='bbox 408 2965 507 3028; x_wconf 85' lang='lat' dir='ltr'>crum,</span> <span class='ocrx_word' id='word_1_169' title='bbox 521 2959 593 3017; x_wconf 87' lang='lat' dir='ltr'>tom.</span> <span class='ocrx_word' id='word_1_170' title='bbox 608 2956 660 3026; x_wconf 81' lang='lat'>21,</span> <span class='ocrx_word' id='word_1_171' title='bbox 676 2957 716 3018; x_wconf 71' lang='lat'>26</span> <span class='ocrx_word' id='word_1_172' title='bbox 729 2962 758 3018; x_wconf 93' lang='lat' dir='ltr'>et</span> <span class='ocrx_word' id='word_1_173' title='bbox 771 2959 820 3018; x_wconf 76' lang='lat'>28.</span> 
     </span>
    </p>

    <p class='ocr_par' dir='ltr' id='par_1_4' title="bbox 408 3053 1490 3236">
     <span class='ocr_line' id='line_1_24' title="bbox 450 3053 1490 3138; baseline 0.004 -26"><span class='ocrx_word' id='word_1_174' title='bbox 450 3053 537 3119; x_wconf 77' lang='lat'><strong>1³65.</strong></span> <span class='ocrx_word' id='word_1_175' title='bbox 554 3057 620 3118; x_wconf 84' lang='lat' dir='ltr'>Poe.</span> <span class='ocrx_word' id='word_1_176' title='bbox 642 3057 725 3120; x_wconf 72' lang='lat' dir='ltr'>otte</span> <span class='ocrx_word' id='word_1_177' title='bbox 741 3089 778 3102; x_wconf 89' lang='lat'>-</span> <span class='ocrx_word' id='word_1_178' title='bbox 791 3057 939 3122; x_wconf 75' lang='lat' dir='ltr'>seculms</span> <span class='ocrx_word' id='word_1_179' title='bbox 963 3063 1089 3138; x_wconf 82' lang='lat' dir='ltr'>potestus</span> <span class='ocrx_word' id='word_1_180' title='bbox 1111 3061 1228 3119; x_wconf 88' lang='lat' dir='ltr'>tenetur</span> <span class='ocrx_word' id='word_1_181' title='bbox 1247 3059 1369 3116; x_wconf 83' lang='lat' dir='ltr'>summo</span> <span class='ocrx_word' id='word_1_182' title='bbox 1389 3053 1490 3116; x_wconf 87' lang='lat' dir='ltr'>studio</span> 
     </span>
     <span class='ocr_line' id='line_1_25' title="bbox 408 3151 1465 3236; baseline -0.007 -18"><span class='ocrx_word' id='word_1_183' title='bbox 408 3159 562 3220; x_wconf 76' lang='lat' dir='ltr'>curnem</span> <span class='ocrx_word' id='word_1_184' title='bbox 577 3155 649 3219; x_wconf 82' lang='lat' dir='ltr'>noni</span> <span class='ocrx_word' id='word_1_185' title='bbox 659 3157 780 3236; x_wconf 84' lang='lat' dir='ltr'>aptique</span> <span class='ocrx_word' id='word_1_186' title='bbox 795 3157 934 3236; x_wconf 79' lang='lat' dir='ltr'>Episcopi</span> <span class='ocrx_word' id='word_1_187' title='bbox 949 3156 1079 3234; x_wconf 87' lang='lat' dir='ltr'>singulis</span> <span class='ocrx_word' id='word_1_188' title='bbox 1093 3154 1233 3220; x_wconf 83' lang='lat' dir='ltr'>Ecclesiis</span> <span class='ocrx_word' id='word_1_189' title='bbox 1252 3151 1465 3233; x_wconf 76' lang='lat' dir='ltr'>preficiantur.</span> 
     </span>
    </p>

    <p class='ocr_par' dir='ltr' id='par_1_5' title="bbox 389 3251 1486 4638">
     <span class='ocr_line' id='line_1_26' title="bbox 450 3251 1486 3336; baseline -0.002 -22"><span class='ocrx_word' id='word_1_190' title='bbox 450 3252 542 3316; x_wconf 78' lang='lat' dir='ltr'>Peon.</span> <span class='ocrx_word' id='word_1_191' title='bbox 562 3258 592 3314; x_wconf 89' lang='lat'>1·</span> <span class='ocrx_word' id='word_1_192' title='bbox 610 3255 759 3318; x_wconf 83' lang='lat' dir='ltr'>Secvrlnris</span> <span class='ocrx_word' id='word_1_193' title='bbox 781 3258 934 3336; x_wconf 77' lang='lat' dir='ltr'>potestatis</span> <span class='ocrx_word' id='word_1_194' title='bbox 955 3257 1112 3336; x_wconf 86' lang='lat' dir='ltr'>proprium</span> <span class='ocrx_word' id='word_1_195' title='bbox 1130 3263 1159 3316; x_wconf 90' lang='lat' dir='ltr'>et</span> <span class='ocrx_word' id='word_1_196' title='bbox 1179 3254 1395 3332; x_wconf 84' lang='lat' dir='ltr'>gravissimum</span> <span class='ocrx_word' id='word_1_197' title='bbox 1417 3251 1486 3314; x_wconf 88' lang='lat' dir='ltr'>offi-</span> 
     </span>
     <span class='ocr_line' id='line_1_27' title="bbox 405 3351 1485 3438; baseline -0.003 -24"><span class='ocrx_word' id='word_1_198' title='bbox 405 3353 489 3418; x_wconf 85' lang='lat' dir='ltr'>cium</span> <span class='ocrx_word' id='word_1_199' title='bbox 507 3360 553 3414; x_wconf 86' lang='lat' dir='ltr'>est</span> <span class='ocrx_word' id='word_1_200' title='bbox 571 3355 610 3418; x_wconf 86' lang='lat' dir='ltr'>iis</span> <span class='ocrx_word' id='word_1_201' title='bbox 624 3372 641 3416; x_wconf 83' lang='lat' dir='ltr'>n</span> <span class='ocrx_word' id='word_1_202' title='bbox 653 3358 767 3434; x_wconf 76' lang='lat' dir='ltr'>quihus</span> <span class='ocrx_word' id='word_1_203' title='bbox 780 3359 913 3420; x_wconf 76' lang='lat' dir='ltr'>maxime</span> <span class='ocrx_word' id='word_1_204' title='bbox 936 3355 1076 3438; x_wconf 84' lang='lat' dir='ltr'>publicus</span> <span class='ocrx_word' id='word_1_205' title='bbox 1090 3355 1163 3417; x_wconf 88' lang='lat' dir='ltr'>ordo</span> <span class='ocrx_word' id='word_1_206' title='bbox 1177 3361 1206 3416; x_wconf 90' lang='lat' dir='ltr'>et</span> <span class='ocrx_word' id='word_1_207' title='bbox 1226 3351 1397 3434; x_wconf 74' lang='lat' dir='ltr'>temporalis</span> <span class='ocrx_word' id='word_1_208' title='bbox 1420 3353 1485 3414; x_wconf 87' lang='lat' dir='ltr'>leli·</span> 
     </span>
     <span class='ocr_line' id='line_1_28' title="bbox 407 3453 1484 3536; baseline -0.003 -21"><span class='ocrx_word' id='word_1_209' title='bbox 407 3453 480 3517; x_wconf 82' lang='lat' dir='ltr'>u&#39;tss</span> <span class='ocrx_word' id='word_1_210' title='bbox 499 3453 640 3530; x_wconf 88' lang='lat' dir='ltr'>pendent,</span> <span class='ocrx_word' id='word_1_211' title='bbox 662 3456 795 3520; x_wconf 79' lang='lat' dir='ltr'>merium</span> <span class='ocrx_word' id='word_1_212' title='bbox 807 3455 965 3532; x_wconf 84' lang='lat' dir='ltr'>diligentie</span> <span class='ocrx_word' id='word_1_213' title='bbox 979 3456 1157 3536; x_wconf 87' lang='lat' dir='ltr'>prospicere.</span> <span class='ocrx_word' id='word_1_214' title='bbox 1175 3456 1226 3516; x_wconf 80' lang='lat' dir='ltr'>Eut</span> <span class='ocrx_word' id='word_1_215' title='bbox 1248 3458 1349 3514; x_wconf 85' lang='lat' dir='ltr'>autem</span> <span class='ocrx_word' id='word_1_216' title='bbox 1368 3457 1484 3514; x_wconf 87' lang='lat' dir='ltr'>certum</span> 
     </span>
     <span class='ocr_line' id='line_1_29' title="bbox 406 3551 1485 3634; baseline -0.001 -23"><span class='ocrx_word' id='word_1_217' title='bbox 406 3557 435 3611; x_wconf 91' lang='lat' dir='ltr'>et</span> <span class='ocrx_word' id='word_1_218' title='bbox 448 3553 642 3611; x_wconf 83' lang='lat' dir='ltr'>menifestum</span> <span class='ocrx_word' id='word_1_219' title='bbox 657 3571 692 3612; x_wconf 84' lang='lat' dir='ltr'>ex</span> <span class='ocrx_word' id='word_1_220' title='bbox 708 3555 746 3613; x_wconf 93' lang='lat' dir='ltr'>iis</span> <span class='ocrx_word' id='word_1_221' title='bbox 765 3573 832 3631; x_wconf 84' lang='lat' dir='ltr'>quae</span> <span class='ocrx_word' id='word_1_222' title='bbox 847 3558 989 3634; x_wconf 89' lang='lat' dir='ltr'>superius</span> <span class='ocrx_word' id='word_1_223' title='bbox 1009 3553 1109 3630; x_wconf 82' lang='grc'>(1317)</span> <span class='ocrx_word' id='word_1_224' title='bbox 1131 3551 1365 3632; x_wconf 76' lang='lat' dir='ltr'>disputavimus,</span> <span class='ocrx_word' id='word_1_225' title='bbox 1380 3551 1485 3630; x_wconf 91' lang='lat' dir='ltr'>publi-</span> 
     </span>
     <span class='ocr_line' id='line_1_30' title="bbox 404 3651 1484 3737; baseline 0 -25"><span class='ocrx_word' id='word_1_226' title='bbox 404 3668 472 3712; x_wconf 84' lang='lat' dir='ltr'>cum</span> <span class='ocrx_word' id='word_1_227' title='bbox 499 3652 636 3714; x_wconf 82' lang='lat' dir='ltr'>ordinem</span> <span class='ocrx_word' id='word_1_228' title='bbox 659 3669 693 3714; x_wconf 83' lang='lat' dir='ltr'>nr</span> <span class='ocrx_word' id='word_1_229' title='bbox 720 3655 915 3733; x_wconf 82' lang='lat' dir='ltr'>temporalem</span> <span class='ocrx_word' id='word_1_230' title='bbox 940 3656 1036 3734; x_wconf 74' lang='lat' dir='ltr'>ipsum</span> <span class='ocrx_word' id='word_1_231' title='bbox 1062 3652 1244 3737; x_wconf 89' lang='lat' dir='ltr'>populorum</span> <span class='ocrx_word' id='word_1_232' title='bbox 1270 3651 1484 3714; x_wconf 81' lang='lat' dir='ltr'>inlicitulnme</span> 
     </span>
     <span class='ocr_line' id='line_1_31' title="bbox 404 3751 1483 3834; baseline -0.003 -20"><span class='ocrx_word' id='word_1_233' title='bbox 404 3753 578 3816; x_wconf 81' lang='lat' dir='ltr'>moralitatis</span> <span class='ocrx_word' id='word_1_234' title='bbox 592 3771 626 3818; x_wconf 85' lang='lat' dir='ltr'>ac</span> <span class='ocrx_word' id='word_1_235' title='bbox 639 3755 792 3834; x_wconf 76' lang='lat' dir='ltr'>religionis</span> <span class='ocrx_word' id='word_1_236' title='bbox 807 3763 884 3818; x_wconf 76' lang='lat' dir='ltr'>statu</span> <span class='ocrx_word' id='word_1_237' title='bbox 900 3755 1029 3818; x_wconf 82' lang='lat' dir='ltr'>maxime</span> <span class='ocrx_word' id='word_1_238' title='bbox 1045 3755 1183 3834; x_wconf 86' lang='lat' dir='ltr'>pendere.</span> <span class='ocrx_word' id='word_1_239' title='bbox 1200 3753 1290 3832; x_wconf 74' lang='lat' dir='ltr'>Atqui</span> <span class='ocrx_word' id='word_1_240' title='bbox 1305 3751 1483 3815; x_wconf 76' lang='lat' dir='ltr'>moralitatis</span> 
     </span>
     <span class='ocr_line' id='line_1_32' title="bbox 400 3847 1482 3934; baseline -0.002 -20"><span class='ocrx_word' id='word_1_241' title='bbox 400 3853 597 3931; x_wconf 80' lang='lat' dir='ltr'>ecmligionis</span> <span class='ocrx_word' id='word_1_242' title='bbox 608 3861 703 3915; x_wconf 79' lang='lat' dir='ltr'>status</span> <span class='ocrx_word' id='word_1_243' title='bbox 713 3857 746 3914; x_wconf 91' lang='lat' dir='ltr'>in</span> <span class='ocrx_word' id='word_1_244' title='bbox 759 3871 941 3932; x_wconf 85' lang='lat' dir='ltr'>unoquoquo</span> <span class='ocrx_word' id='word_1_245' title='bbox 951 3853 1062 3934; x_wconf 92' lang='lat' dir='ltr'>populo</span> <span class='ocrx_word' id='word_1_246' title='bbox 1076 3853 1145 3916; x_wconf 73' lang='lat' dir='ltr'>tulis</span> <span class='ocrx_word' id='word_1_247' title='bbox 1155 3859 1221 3931; x_wconf 88' lang='lat' dir='ltr'>post</span> <span class='ocrx_word' id='word_1_248' title='bbox 1231 3855 1346 3914; x_wconf 85' lang='lat' dir='ltr'>centurn</span> <span class='ocrx_word' id='word_1_249' title='bbox 1358 3847 1482 3927; x_wconf 80' lang='lat' dir='ltr'>aliquod</span> 
     </span>
     <span class='ocr_line' id='line_1_33' title="bbox 400 3947 1483 4038; baseline -0.004 -25"><span class='ocrx_word' id='word_1_250' title='bbox 400 3961 519 4036; x_wconf 86' lang='lat' dir='ltr'>tempus</span> <span class='ocrx_word' id='word_1_251' title='bbox 532 3955 700 4015; x_wconf 85' lang='lat' dir='ltr'>necessario</span> <span class='ocrx_word' id='word_1_252' title='bbox 714 3961 769 4030; x_wconf 84' lang='lat' dir='ltr'>est,</span> <span class='ocrx_word' id='word_1_253' title='bbox 783 3955 907 4032; x_wconf 83' lang='lat' dir='ltr'>qualern</span> <span class='ocrx_word' id='word_1_254' title='bbox 924 3956 990 4032; x_wconf 83' lang='lat' dir='ltr'>ejus</span> <span class='ocrx_word' id='word_1_255' title='bbox 1004 3957 1167 4038; x_wconf 74' lang='lat' dir='ltr'>Episcopus</span> <span class='ocrx_word' id='word_1_256' title='bbox 1180 3953 1245 4012; x_wconf 83' lang='lat' dir='ltr'>suis</span> <span class='ocrx_word' id='word_1_257' title='bbox 1255 3951 1339 4011; x_wconf 83' lang='lat' dir='ltr'>curis</span> <span class='ocrx_word' id='word_1_258' title='bbox 1348 3965 1384 4010; x_wconf 84' lang='lat' dir='ltr'>eo</span> <span class='ocrx_word' id='word_1_259' title='bbox 1395 3947 1483 4009; x_wconf 85' lang='lat' dir='ltr'>leho-</span> 
     </span>
     <span class='ocr_line' id='line_1_34' title="bbox 400 4048 1481 4135; baseline -0.006 -18"><span class='ocrx_word' id='word_1_260' title='bbox 400 4057 484 4118; x_wconf 88' lang='lat' dir='ltr'>rihus</span> <span class='ocrx_word' id='word_1_261' title='bbox 496 4058 661 4135; x_wconf 88' lang='lat' dir='ltr'>perleccrit.</span> <span class='ocrx_word' id='word_1_262' title='bbox 678 4059 754 4116; x_wconf 81' lang='lat' dir='ltr'>Num</span> <span class='ocrx_word' id='word_1_263' title='bbox 768 4054 969 4118; x_wconf 78' lang='lat' dir='ltr'>moralitatem</span> <span class='ocrx_word' id='word_1_264' title='bbox 983 4073 1016 4116; x_wconf 82' lang='lat' dir='ltr'>oc</span> <span class='ocrx_word' id='word_1_265' title='bbox 1030 4053 1208 4132; x_wconf 80' lang='lat' dir='ltr'>religionem</span> <span class='ocrx_word' id='word_1_266' title='bbox 1221 4051 1386 4116; x_wconf 82' lang='lat' dir='ltr'>efficaciter</span> <span class='ocrx_word' id='word_1_267' title='bbox 1400 4048 1481 4130; x_wconf 87' lang='lat' dir='ltr'>apud</span> 
     </span>
     <span class='ocr_line' id='line_1_35' title="bbox 398 4152 1482 4239; baseline -0.007 -21"><span class='ocrx_word' id='word_1_268' title='bbox 398 4159 524 4239; x_wconf 85' lang='lat' dir='ltr'>populos</span> <span class='ocrx_word' id='word_1_269' title='bbox 540 4159 713 4232; x_wconf 52' lang='lat' dir='ltr'>restitocrm</span> <span class='ocrx_word' id='word_1_270' title='bbox 728 4175 778 4217; x_wconf 73' lang='lat' dir='ltr'>ens</span> <span class='ocrx_word' id='word_1_271' title='bbox 793 4173 971 4217; x_wconf 82' lang='lat' dir='ltr'>conservare</span> <span class='ocrx_word' id='word_1_272' title='bbox 991 4161 1019 4216; x_wconf 87' lang='lat' dir='ltr'>el</span> <span class='ocrx_word' id='word_1_273' title='bbox 1040 4173 1162 4233; x_wconf 84' lang='lat' dir='ltr'>augere,</span> <span class='ocrx_word' id='word_1_274' title='bbox 1177 4155 1231 4215; x_wconf 83' lang='lat' dir='ltr'>soli</span> <span class='ocrx_word' id='word_1_275' title='bbox 1252 4153 1386 4214; x_wconf 88' lang='lat' dir='ltr'>ministri</span> <span class='ocrx_word' id='word_1_276' title='bbox 1405 4152 1482 4212; x_wconf 89' lang='lat' dir='ltr'>divi·</span> 
     </span>
     <span class='ocr_line' id='line_1_36' title="bbox 395 4252 1482 4340; baseline -0.011 -18"><span class='ocrx_word' id='word_1_277' title='bbox 395 4259 534 4322; x_wconf 77' lang='lat' dir='ltr'>mensae</span> <span class='ocrx_word' id='word_1_278' title='bbox 557 4261 613 4320; x_wconf 88' lang='lat' dir='ltr'>hoc</span> <span class='ocrx_word' id='word_1_279' title='bbox 635 4259 765 4320; x_wconf 85' lang='lat' dir='ltr'>ordinati</span> <span class='ocrx_word' id='word_1_280' title='bbox 786 4263 930 4340; x_wconf 83' lang='lat' dir='ltr'>possunt;</span> <span class='ocrx_word' id='word_1_281' title='bbox 953 4255 1032 4336; x_wconf 88' lang='lat' dir='ltr'>qnod</span> <span class='ocrx_word' id='word_1_282' title='bbox 1054 4255 1207 4318; x_wconf 86' lang='lat' dir='ltr'>evidenter</span> <span class='ocrx_word' id='word_1_283' title='bbox 1225 4253 1379 4330; x_wconf 86' lang='lat' dir='ltr'>colligitur</span> <span class='ocrx_word' id='word_1_284' title='bbox 1393 4267 1429 4311; x_wconf 89' lang='lat' dir='ltr'>ex</span> <span class='ocrx_word' id='word_1_285' title='bbox 1444 4252 1482 4311; x_wconf 84' lang='lat' dir='ltr'>iis</span> 
     </span>
     <span class='ocr_line' id='line_1_37' title="bbox 393 4351 1480 4437; baseline -0.004 -21"><span class='ocrx_word' id='word_1_286' title='bbox 393 4373 462 4435; x_wconf 85' lang='lat' dir='ltr'>ane</span> <span class='ocrx_word' id='word_1_287' title='bbox 483 4361 639 4437; x_wconf 65' lang='lat' dir='ltr'>perspicue</span> <span class='ocrx_word' id='word_1_288' title='bbox 659 4359 696 4419; x_wconf 87' lang='lat' dir='ltr'>de</span> <span class='ocrx_word' id='word_1_289' title='bbox 714 4359 876 4435; x_wconf 84' lang='lat' dir='ltr'>gentilium</span> <span class='ocrx_word' id='word_1_290' title='bbox 897 4356 1146 4436; x_wconf 89' lang='lat' dir='ltr'>philosophorum</span> <span class='ocrx_word' id='word_1_291' title='bbox 1162 4355 1363 4432; x_wconf 77' lang='lat' dir='ltr'>humanaeque</span> <span class='ocrx_word' id='word_1_292' title='bbox 1377 4351 1480 4412; x_wconf 90' lang='lat' dir='ltr'>omnis</span> 
     </span>
     <span class='ocr_line' id='line_1_38' title="bbox 389 4451 1478 4538; baseline -0.003 -24"><span class='ocrx_word' id='word_1_293' title='bbox 389 4456 442 4516; x_wconf 79' lang='lat' dir='ltr'>vet</span> <span class='ocrx_word' id='word_1_294' title='bbox 454 4456 499 4516; x_wconf 91' lang='lat' dir='ltr'>vis</span> <span class='ocrx_word' id='word_1_295' title='bbox 514 4459 559 4518; x_wconf 87' lang='lat' dir='ltr'>vel</span> <span class='ocrx_word' id='word_1_296' title='bbox 576 4459 729 4520; x_wconf 80' lang='lat' dir='ltr'>imlustriae</span> <span class='ocrx_word' id='word_1_297' title='bbox 741 4457 876 4519; x_wconf 82' lang='lat' dir='ltr'>absoluta</span> <span class='ocrx_word' id='word_1_298' title='bbox 891 4457 1069 4538; x_wconf 78' lang='lat' dir='ltr'>impotentia</span> <span class='ocrx_word' id='word_1_299' title='bbox 1079 4457 1117 4517; x_wconf 81' lang='lat' dir='ltr'>ed</span> <span class='ocrx_word' id='word_1_300' title='bbox 1136 4456 1219 4518; x_wconf 91' lang='lat' dir='ltr'>hunc</span> <span class='ocrx_word' id='word_1_301' title='bbox 1230 4453 1324 4516; x_wconf 83' lang='lat' dir='ltr'>finem</span> <span class='ocrx_word' id='word_1_302' title='bbox 1338 4451 1478 4512; x_wconf 82' lang='lat' dir='ltr'>obtinen-</span> 
     </span>
     <span class='ocr_line' id='line_1_39' title="bbox 393 4555 1475 4638; baseline -0.004 -24"><span class='ocrx_word' id='word_1_303' title='bbox 393 4555 468 4615; x_wconf 89' lang='lat' dir='ltr'>dum</span> <span class='ocrx_word' id='word_1_304' title='bbox 488 4557 565 4618; x_wconf 89' lang='lat' dir='ltr'>lihro</span> <span class='ocrx_word' id='word_1_305' title='bbox 586 4560 693 4635; x_wconf 85' lang='lat' dir='ltr'>qrrinto</span> <span class='ocrx_word' id='word_1_306' title='bbox 711 4560 953 4638; x_wconf 63' lang='lat' dir='ltr'>(miuomilcaris</span> <span class='ocrx_word' id='word_1_307' title='bbox 970 4559 1144 4634; x_wconf 75' lang='lat' dir='ltr'>sontnrgo</span> <span class='ocrx_word' id='word_1_308' title='bbox 1162 4555 1226 4618; x_wconf 84' lang='lat' dir='ltr'>tulis</span> <span class='ocrx_word' id='word_1_309' title='bbox 1239 4557 1269 4618; x_wconf 91' lang='lat' dir='ltr'>iu</span> <span class='ocrx_word' id='word_1_310' title='bbox 1290 4565 1475 4630; x_wconf 84' lang='lat' dir='ltr'>unoquoque</span> 
     </span>
    </p>

    <p class='ocr_par' dir='ltr' id='par_1_6' title="bbox 376 4654 1471 4835">
     <span class='ocr_line' id='line_1_40' title="bbox 386 4654 1471 4737; baseline -0.006 -20"><span class='ocrx_word' id='word_1_311' title='bbox 386 4655 512 4732; x_wconf 74' lang='lat' dir='ltr'>nvipnlo.</span> <span class='ocrx_word' id='word_1_312' title='bbox 534 4673 672 4733; x_wconf 80' lang='lat' dir='ltr'>processu</span> <span class='ocrx_word' id='word_1_313' title='bbox 693 4661 845 4737; x_wconf 83' lang='lat' dir='ltr'>temporis.</span> <span class='ocrx_word' id='word_1_314' title='bbox 859 4659 916 4717; x_wconf 81' lang='lat' dir='ltr'>erit</span> <span class='ocrx_word' id='word_1_315' title='bbox 940 4658 1117 4718; x_wconf 68' lang='lat' dir='ltr'>moralitatis</span> <span class='ocrx_word' id='word_1_316' title='bbox 1137 4663 1166 4715; x_wconf 89' lang='lat' dir='ltr'>et</span> <span class='ocrx_word' id='word_1_317' title='bbox 1190 4654 1344 4732; x_wconf 82' lang='lat' dir='ltr'>religionis</span> <span class='ocrx_word' id='word_1_318' title='bbox 1364 4657 1471 4720; x_wconf 79' lang='lat' dir='ltr'>steine,</span> 
     </span>
     <span class='ocr_line' id='line_1_41' title="bbox 376 4751 1468 4835; baseline -0.003 -22"><span class='ocrx_word' id='word_1_319' title='bbox 376 4755 481 4830; x_wconf 67' lang='lat' dir='ltr'>quiles</span> <span class='ocrx_word' id='word_1_320' title='bbox 507 4757 557 4816; x_wconf 85' lang='lat' dir='ltr'>ille</span> <span class='ocrx_word' id='word_1_321' title='bbox 578 4757 718 4817; x_wconf 82' lang='lat' dir='ltr'>hebuerit</span> <span class='ocrx_word' id='word_1_322' title='bbox 744 4757 896 4819; x_wconf 79' lang='lat' dir='ltr'>Pororhor</span> <span class='ocrx_word' id='word_1_323' title='bbox 918 4756 1054 4835; x_wconf 79' lang='lat' dir='ltr'>aliosque</span> <span class='ocrx_word' id='word_1_324' title='bbox 1076 4753 1205 4818; x_wconf 82' lang='lat' dir='ltr'>Clericus</span> <span class='ocrx_word' id='word_1_325' title='bbox 1232 4755 1270 4816; x_wconf 80' lang='lat' dir='ltr'>ed</span> <span class='ocrx_word' id='word_1_326' title='bbox 1293 4751 1468 4829; x_wconf 72' lang='lat' dir='ltr'>religionum</span> 
     </span>
    </p>
   </div>
   <div class='ocr_carea' id='block_1_3' title="bbox 0 0 1784 5675">
    <p class='ocr_par' dir='ltr' id='par_1_7' title="bbox 0 0 1784 5675">
     <span class='ocr_line' id='line_1_42' title="bbox 0 0 1784 5675; baseline 0 6"><span class='ocrx_word' id='word_1_327' title='bbox 0 0 1784 5675; x_wconf 95' lang='lat' dir='ltr'> </span> 
     </span>
    </p>
   </div>
  </div>
 </body>
</html>
