3559 5675
599 744 708 793 suun.
731 765 771 789 η
792 746 877 793 nunu
897 747 1044 793 serimus.
1314 738 1347 801 di

264 852 474 917 obtinendum
495 850 590 911 tinem
607 850 648 911 ob
660 867 753 927 quem
767 852 945 931 suscipitur,
967 852 1043 929 quin
1066 853 1127 915 imo
1147 855 1219 917 huie
1240 858 1291 919 tini
1305 859 1355 921 di-

264 960 344 1015 reete
365 952 563 1014 adversatur.
578 949 656 1031 Nem
680 952 819 1013 duellum
833 952 871 1013 ed
894 952 1040 1013 honorem
1064 952 1210 1015 tuendum
1225 958 1354 1039 suseipi-

263 1060 323 1115 tur.
338 1053 438 1131 Atqui
454 1056 487 1111 1⁰
503 1055 621 1114 amau
628 1052 785 1130 ejusmodi
800 1068 902 1132 pugna
922 1058 952 1113 et
971 1051 1135 1113 adversarii
1149 1054 1258 1117 oocisio
1276 1057 1354 1117 nihil

263 1170 392 1235 prorsus
405 1150 447 1213 ad
466 1166 575 1212 meum
587 1149 734 1226 honorem
745 1153 881 1214 conferre
894 1158 1031 1231 possunt.
1046 1153 1166 1239 Etenim
1180 1154 1258 1231 quod
1276 1162 1354 1219 stre-

263 1269 323 1315 nue
348 1249 579 1331 pugnaverim,
602 1249 684 1327 quod
704 1251 911 1313 adversarium
936 1252 1109 1327 strenuum,
1132 1253 1220 1315 nulle
1242 1257 1355 1321 ratione

262 1353 397 1433 probae
419 1355 552 1431 puerunt
572 1365 623 1411 me
644 1351 745 1420 virum
759 1352 891 1431 probum
905 1358 934 1413 et
946 1350 1107 1413 honestum
1125 1369 1202 1429 esse,
1216 1360 1268 1417 eut
1280 1372 1354 1419 oon·

263 1453 431 1515 tumeliam
445 1467 510 1529 que
522 1450 562 1512 ab
574 1449 745 1513 edversario
765 1450 890 1514 effeetus
902 1452 964 1527 ini,
979 1452 1125 1530 injustam
1143 1453 1237 1517 fuisse
1246 1476 1254 1529 ;
1270 1456 1353 1535 quod

265 1554 396 1616 evidens
410 1558 473 1615 eet.

301 1658 334 1716 2·
359 1652 514 1717 nueuum
536 1668 555 1714 a
574 1667 625 1713 me
647 1659 823 1731 surreptum
845 1652 955 1715 honori
971 1668 1038 1715 meo
1058 1652 1228 1731 plurimum
1249 1671 1355 1719 nouere

264 1756 364 1819 debet.
382 1754 463 1817 uam
473 1752 574 1815 aliena
585 1750 623 1812 de
636 1769 686 1814 me
699 1752 804 1831 opinio
817 1768 879 1815 non
893 1758 991 1828 poten
1000 1751 1125 1815 aliunde
1137 1770 1228 1831 quam
1240 1772 1276 1817 ex
1287 1771 1356 1816 nee

267 1857 385 1919 ratione
396 1852 510 1931 egendi
523 1851 644 1925 deduei.
661 1853 752 1929 utqui
772 1852 913 1914 duellum
927 1853 1079 1933 privatum
1103 1852 1142 1915 oh
1163 1870 1214 1915 eun
1235 1847 1354 1931 museo,

268 1972 344 2037 quoe
365 1970 470 2034 nupm
493 1951 707 2030 induerimus,
732 1952 822 2028 inire,
845 1953 1010 2036 pernarum
1037 1959 1081 2015 oet
1106 1959 1136 2014 et
1159 1954 1300 2032 iniquum
1327 1963 1357 2019 et

269 2073 396 2137 prorsus
419 2052 533 2115 inutile
546 2052 586 2114 ed
600 2044 693 2114 finem
707 2054 871 2132 intentum,
887 2058 921 2114 ut
937 2054 1002 2130 jem
1017 2052 1160 2115 vidimus.
1173 2055 1253 2135 Ergo
1265 2054 1356 2117 duel-

270 2154 335 2217 lum
348 2172 367 2217 a
378 2172 432 2215 me
448 2154 562 2215 initum
574 2152 746 2231 cuicunque
756 2156 823 2216 uiro
836 2153 976 2233 prudenti
988 2152 1161 2231 opinionem
1176 2153 1214 2215 de
1233 2171 1282 2219 me
1303 2155 1356 2217 in·-

273 2262 353 2333 geret
381 2262 536 2332 tanquam
563 2250 602 2313 de
629 2251 753 2314 homine
776 2253 905 2315 barbaro
928 2258 958 2314 et
981 2253 1088 2331 iniquo
1110 2259 1140 2315 et
1162 2253 1286 2317 furioso.
1310 2253 1355 2317 Ad

278 2370 431 2416 summum
457 2352 513 2413 tali
534 2350 636 2436 medio
656 2351 792 2414 obtinere
805 2368 930 2433 possum
953 2350 1173 2415 observantiam
1193 2352 1355 2430 quemdum

283 2462 427 2516 externam
458 2470 522 2530 que
546 2468 660 2515 oerum
684 2458 715 2513 et
736 2452 888 2513 immitem
912 2451 1069 2513 hominem
1095 2453 1236 2531 prosequi
1261 2453 1359 2515 soient

276 2572 377 2620 omues
397 2555 456 2632 qui
470 2553 564 2615 illum
576 2558 690 2615 norunt
702 2570 821 2632 semper
834 2558 972 2633 peretum
991 2552 1029 2613 ed
1040 2552 1155 2615 ferrum
1166 2549 1353 2631 distringen-

272 2655 359 2731 dum,
372 2654 497 2733 quotieo
516 2651 640 2715 velleri
658 2653 763 2731 edique
781 2669 814 2713 ee
835 2651 975 2731 effectuum
998 2652 1111 2730 injurie
1125 2655 1284 2731 putruerit.
1301 2657 1354 2717 Ni·

271 2758 385 2817 mirum
405 2754 468 2816 heo
492 2754 610 2815 ratione
629 2753 777 2816 honorem
800 2752 891 2814 ilium
912 2752 1014 2815 nolum
1036 2752 1215 2829 obtinuero,
1239 2754 1271 2813 in
1294 2770 1356 2833 quo

268 2856 427 2920 hahentur
449 2854 527 2916 latro
548 2859 579 2916 et
592 2854 732 2929 emerius,
747 2869 880 2930 quorum
904 2852 1016 2914 eeilieet
1037 2852 1140 2914 vultur
1160 2852 1271 2915 cedem
1291 2856 1356 2934 epi·

267 2963 370 3019 raum
389 2955 558 3018 hanutum
570 2968 724 3032 quemque
738 2953 896 3017 hominem
903 2953 1166 3032 perterrefaciunt.
1190 2956 1280 3030 Ergo,
1294 2963 1351 3017 ete.

307 3057 382 3120 773.
408 3058 542 3126 Corone.
565 3059 653 3114 1.-
673 3057 708 3114 in
731 3054 880 3131 positione
902 3051 1056 3131 probanda
1078 3051 1170 3114 loouti
1191 3069 1298 3114 eumue
1317 3054 1355 3116 de

267 3157 375 3220 duello
392 3153 437 3216 ud
458 3161 593 3227 morter,
612 3154 835 3234 supposuimuu
844 3150 958 3214 scilieet
971 3149 1109 3213 duellum
1129 3151 1199 3211 iniri
1216 3167 1286 3214 eum
1305 3153 1355 3217 in·

267 3259 409 3320 untione
430 3252 623 3318 oonoertendi
645 3253 739 3316 donee
757 3252 832 3315 alter
845 3269 882 3312 ex
901 3249 1080 3312 adversariis
1102 3249 1216 3311 lethali.
1229 3250 1355 3326 vulnere

270 3357 460 3420 nmmoesm
483 3354 581 3418 eadat.
603 3355 671 3415 Jem
693 3354 720 3414 ei
741 3351 879 3414 duellum
900 3349 1083 3430 enueipiutur
1096 3366 1166 3412 eum
1189 3351 1355 3414 intentione

192 3478 200 3494 ·
269 3457 434 3539 pugnandi
446 3455 549 3516 nolum
561 3471 654 3534 unque
666 3453 706 3516 od
713 3451 847 3535 prtum
859 3449 1040 3532 nequirem,
1064 3437 1240 3530 quenquam
1255 3453 1355 3518 minor

270 3559 357 3620 illius
372 3557 550 3618 immanitas
568 3556 621 3631 sit,
635 3551 741 3623 omnio
761 3561 860 3615 temen
873 3557 904 3613 et
917 3551 1024 3630 inique
1041 3557 1071 3612 et
1083 3550 1215 3622 absurdo
1225 3554 1357 3616 eontinet
1413 3633 1415 3640 y

271 3675 340 3738 qim
361 3659 397 3719 in
416 3655 521 3718 duello
543 3654 583 3720 ed
603 3659 731 3717 mortem
745 3653 969 3732 comperimus.
993 3653 1071 3716 dam
1095 3654 1125 3711 1·
1146 3651 1180 3712 in
1196 3650 1298 3713 duello
1317 3652 1352 3714 ud

260 3761 411 3841 ‚primum
433 3756 616 3833 sanguinem
636 3754 720 3816 adest
743 3752 809 3821 sine
829 3751 924 3813 dubio
946 3767 1037 3828 greve
1059 3750 1230 3830 perieulum
1250 3753 1356 3816 mortis

273 3857 448 3924 edremrio
468 3853 642 3918 intercede.
656 3857 708 3918 Fet
720 3854 804 3917 enim
817 3852 1004 3932 impossibile
1017 3853 1058 3914 ite
1071 3853 1149 3916 ietue
1170 3855 1202 3914 in
1213 3856 1354 3916 eonomi-

273 3961 322 4022 nie
339 3965 419 4021 estu
433 3955 598 4031 moderari,
612 3961 648 4016 ut
664 3961 783 4018 certum
797 3953 837 4014 sit
851 3937 1011 4029 nunquam
1024 3951 1087 4014 iore
1100 3957 1134 4012 ut
1147 3952 1270 4016 mortulo
1284 3954 1356 4016 rut..

274 4077 334 4120 nur
357 4056 531 4134 indigetur.
554 4057 633 4132 Ergo
654 4055 709 4132 qui
728 4052 786 4116 ule
807 4051 947 4114 duellum
970 4051 1095 4126 ineunt,
1114 4067 1179 4112 sese
1203 4059 1357 4132 exponunt

275 4157 416 4238 perium
424 4163 456 4218 et
467 4153 627 4217 homieidii
640 4160 671 4216 et
680 4153 802 4218 ouieidii
815 4149 1032 4216 committendi.
1047 4181 1088 4196 -
1099 4155 1133 4212 2⁰
1147 4151 1270 4214 Privato
1291 4155 1356 4216 rin·

274 4253 363 4322 diem
372 4257 490 4320 malitia
502 4256 594 4316 etiem
611 4253 715 4316 inhoe
728 4251 831 4316 duello
844 4251 940 4314 adest.
952 4281 993 4298 -
1003 4251 1034 4312 3⁰
1049 4250 1121 4312 Tale
1134 4250 1192 4312 hoe
1203 4249 1355 4331 duellum,

275 4360 352 4421 deut
375 4355 518 4420 duellum
540 4355 577 4416 ed
603 4359 743 4430 mortem,
765 4367 821 4414 nee
842 4357 887 4412 est
914 4350 1129 4426 defenderer
1146 4351 1354 4432 iusupugnn.

273 4491 315 4508 ..
324 4457 360 4519 to
372 4461 428 4521 Est
440 4456 579 4518 medium
593 4453 684 4534 plene
700 4455 836 4532 ineptum
858 4451 896 4512 ud
910 4451 1002 4512 tinem
1017 4450 1072 4528 qui
1085 4449 1266 4529 intenditur5
1281 4455 1357 4531 quin

276 4560 337 4622 imo
354 4559 405 4622 illi
422 4557 621 4620 vehementer
633 4554 820 4616 adversetur.
835 4580 876 4596 -·
894 4551 926 4612 5ο
947 4551 1012 4612 Non
1035 4555 1081 4614 eet
1101 4565 1188 4627 nque
1208 4555 1357 4631 proportio

276 4659 354 4722 inter
368 4657 487 4720 vulnus
498 4654 580 4734 quod
595 4653 766 4715 edoereerio
777 4651 916 4727 indigere
927 4649 997 4726 quio
1010 4653 1108 4729 peret,
1124 4654 1154 4708 et
1165 4647 1289 4710 honoris
1303 4665 1356 4712 ve·

276 4777 346 4822 nem
369 4756 456 4821 iiiam
469 4755 615 4836 speeiem,
628 4753 668 4818 ob
688 4767 783 4828 quum
795 4749 935 4812 duellum
944 4748 1119 4827 puroipitur.
1141 4747 1252 4812 Omnes
1265 4749 1357 4826 igitur·
