<?xml version="1.0" encoding="UTF-8"?>
<!DOCTYPE html PUBLIC "-//W3C//DTD XHTML 1.0 Transitional//EN"
    "http://www.w3.org/TR/xhtml1/DTD/xhtml1-transitional.dtd">
<html xmlns="http://www.w3.org/1999/xhtml" xml:lang="en" lang="en">
 <head>
  <title>
</title>
<meta http-equiv="Content-Type" content="text/html;charset=utf-8" />
  <meta name='ocr-system' content='tesseract 3.04.00' />
  <meta name='ocr-capabilities' content='ocr_page ocr_carea ocr_par ocr_line ocrx_word'/>
</head>
<body>
  <div class='ocr_page' id='page_1' title='image "./jurisnaturalisu00bensgoog_0120.png"; bbox 0 0 3559 5675; ppageno 0'>
   <div class='ocr_carea' id='block_1_1' title="bbox 478 775 1144 837">
    <p class='ocr_par' dir='ltr' id='par_1_1' title="bbox 478 775 1144 837">
     <span class='ocr_line' id='line_1_1' title="bbox 478 775 1144 837; baseline -0.012 0"><span class='ocrx_word' id='word_1_1' title='bbox 478 775 536 837; x_wconf 72' lang='lat' dir='ltr'>tlt</span> <span class='ocrx_word' id='word_1_2' title='bbox 885 786 965 835; x_wconf 78' lang='lat' dir='ltr'>ovinis</span> <span class='ocrx_word' id='word_1_3' title='bbox 987 784 1144 833; x_wconf 71' lang='lat' dir='ltr'>seruulus</span> 
     </span>
    </p>
   </div>
   <div class='ocr_carea' id='block_1_2' title="bbox 471 888 1592 4890">
    <p class='ocr_par' dir='ltr' id='par_1_2' title="bbox 471 888 1531 1471">
     <span class='ocr_line' id='line_1_2' title="bbox 471 888 1528 969; baseline -0.016 -8"><span class='ocrx_word' id='word_1_4' title='bbox 471 910 632 961; x_wconf 87' lang='lat' dir='ltr'>commune</span> <span class='ocrx_word' id='word_1_5' title='bbox 639 891 766 969; x_wconf 66' lang='lat' dir='ltr'>bonum</span> <span class='ocrx_word' id='word_1_6' title='bbox 772 889 851 968; x_wconf 86' lang='lat' dir='ltr'>quod</span> <span class='ocrx_word' id='word_1_7' title='bbox 860 892 898 953; x_wconf 85' lang='lat' dir='ltr'>ab</span> <span class='ocrx_word' id='word_1_8' title='bbox 905 908 1003 957; x_wconf 86' lang='lat' dir='ltr'>earam</span> <span class='ocrx_word' id='word_1_9' title='bbox 1010 891 1196 954; x_wconf 77' lang='lat' dir='ltr'>familiarum</span> <span class='ocrx_word' id='word_1_10' title='bbox 1203 888 1281 952; x_wconf 86' lang='lat' dir='ltr'>bono</span> <span class='ocrx_word' id='word_1_11' title='bbox 1291 900 1528 965; x_wconf 77' lang='lat' dir='ltr'>magnoperepen·</span> 
     </span>
     <span class='ocr_line' id='line_1_3' title="bbox 472 986 1527 1073; baseline -0.011 -14"><span class='ocrx_word' id='word_1_12' title='bbox 472 997 572 1059; x_wconf 85' lang='lat' dir='ltr'>debat.</span> <span class='ocrx_word' id='word_1_13' title='bbox 580 994 628 1057; x_wconf 86' lang='lat' dir='ltr'>Sic</span> <span class='ocrx_word' id='word_1_14' title='bbox 635 991 937 1073; x_wconf 81' lang='lat' dir='ltr'>apudludaeosunius</span> <span class='ocrx_word' id='word_1_15' title='bbox 944 993 1040 1055; x_wconf 79' lang='lat' dir='ltr'>tdbns</span> <span class='ocrx_word' id='word_1_16' title='bbox 1051 990 1205 1055; x_wconf 82' lang='lat' dir='ltr'>exsdnctio</span> <span class='ocrx_word' id='word_1_17' title='bbox 1212 989 1444 1069; x_wconf 80' lang='lat' dir='ltr'>precipueseper</span> <span class='ocrx_word' id='word_1_18' title='bbox 1453 986 1527 1047; x_wconf 83' lang='lat' dir='ltr'>otius</span> 
     </span>
     <span class='ocr_line' id='line_1_4' title="bbox 473 1086 1528 1174; baseline -0.012 -16"><span class='ocrx_word' id='word_1_19' title='bbox 473 1096 573 1174; x_wconf 75' lang='lat' dir='ltr'>gentis</span> <span class='ocrx_word' id='word_1_20' title='bbox 592 1111 626 1157; x_wconf 88' lang='lat' dir='ltr'>ae</span> <span class='ocrx_word' id='word_1_21' title='bbox 638 1092 796 1171; x_wconf 77' lang='lat' dir='ltr'>religionis</span> <span class='ocrx_word' id='word_1_22' title='bbox 815 1092 911 1171; x_wconf 86' lang='lat' dir='ltr'>ipsine</span> <span class='ocrx_word' id='word_1_23' title='bbox 930 1093 963 1155; x_wconf 88' lang='lat' dir='ltr'>in</span> <span class='ocrx_word' id='word_1_24' title='bbox 981 1092 1143 1157; x_wconf 78' lang='lat' dir='ltr'>discrimen</span> <span class='ocrx_word' id='word_1_25' title='bbox 1162 1094 1306 1161; x_wconf 87' lang='lat' dir='ltr'>recesset,</span> <span class='ocrx_word' id='word_1_26' title='bbox 1320 1086 1528 1167; x_wconf 80' lang='lat' dir='ltr'>atqueinregi·</span> 
     </span>
     <span class='ocr_line' id='line_1_5' title="bbox 474 1188 1528 1267; baseline -0.011 -11"><span class='ocrx_word' id='word_1_27' title='bbox 474 1195 557 1256; x_wconf 89' lang='lat' dir='ltr'>mine</span> <span class='ocrx_word' id='word_1_28' title='bbox 575 1191 689 1255; x_wconf 85' lang='lat' dir='ltr'>teudalr&#39;</span> <span class='ocrx_word' id='word_1_29' title='bbox 708 1191 824 1253; x_wconf 76' lang='lat' dir='ltr'>eversio</span> <span class='ocrx_word' id='word_1_30' title='bbox 843 1191 937 1254; x_wconf 84' lang='lat' dir='ltr'>unius</span> <span class='ocrx_word' id='word_1_31' title='bbox 961 1193 1073 1254; x_wconf 87' lang='lat' dir='ltr'>nobilis</span> <span class='ocrx_word' id='word_1_32' title='bbox 1091 1190 1214 1253; x_wconf 81' lang='lat' dir='ltr'>tamilla</span> <span class='ocrx_word' id='word_1_33' title='bbox 1239 1188 1354 1266; x_wconf 74' lang='lat' dir='ltr'>regim</span> <span class='ocrx_word' id='word_1_34' title='bbox 1376 1188 1528 1267; x_wconf 78' lang='lat' dir='ltr'>polesuten</span> 
     </span>
     <span class='ocr_line' id='line_1_6' title="bbox 474 1286 1531 1372; baseline -0.01 -16"><span class='ocrx_word' id='word_1_35' title='bbox 474 1310 538 1357; x_wconf 94' lang='lat' dir='ltr'>uno</span> <span class='ocrx_word' id='word_1_36' title='bbox 554 1311 571 1355; x_wconf 92' lang='lat' dir='ltr'>e</span> <span class='ocrx_word' id='word_1_37' title='bbox 587 1292 684 1353; x_wconf 89' lang='lat' dir='ltr'>firmis</span> <span class='ocrx_word' id='word_1_38' title='bbox 696 1291 762 1353; x_wconf 89' lang='lat' dir='ltr'>suis</span> <span class='ocrx_word' id='word_1_39' title='bbox 773 1290 921 1372; x_wconf 87' lang='lat' dir='ltr'>praesidiis</span> <span class='ocrx_word' id='word_1_40' title='bbox 939 1291 1085 1372; x_wconf 83' lang='lat' dir='ltr'>privabat.</span> <span class='ocrx_word' id='word_1_41' title='bbox 1100 1290 1213 1353; x_wconf 84' lang='lat' dir='ltr'>llinrm</span> <span class='ocrx_word' id='word_1_42' title='bbox 1232 1304 1303 1366; x_wconf 72' lang='lat' dir='ltr'>crgo</span> <span class='ocrx_word' id='word_1_43' title='bbox 1316 1304 1376 1350; x_wconf 91' lang='lat' dir='ltr'>non</span> <span class='ocrx_word' id='word_1_44' title='bbox 1390 1292 1433 1349; x_wconf 88' lang='lat' dir='ltr'>est</span> <span class='ocrx_word' id='word_1_45' title='bbox 1443 1286 1531 1362; x_wconf 71' lang='lat' dir='ltr'>singu·</span> 
     </span>
     <span class='ocr_line' id='line_1_7' title="bbox 475 1384 1530 1471; baseline -0.009 -17"><span class='ocrx_word' id='word_1_46' title='bbox 475 1394 589 1455; x_wconf 89' lang='lat' dir='ltr'>laribus</span> <span class='ocrx_word' id='word_1_47' title='bbox 599 1391 782 1471; x_wconf 87' lang='lat' dir='ltr'>quibusdam</span> <span class='ocrx_word' id='word_1_48' title='bbox 801 1388 918 1469; x_wconf 79' lang='lat' dir='ltr'>legibus</span> <span class='ocrx_word' id='word_1_49' title='bbox 935 1394 1008 1470; x_wconf 84' lang='lat' dir='ltr'>jnra</span> <span class='ocrx_word' id='word_1_50' title='bbox 1030 1390 1213 1455; x_wconf 85' lang='lat' dir='ltr'>successoria</span> <span class='ocrx_word' id='word_1_51' title='bbox 1235 1385 1315 1469; x_wconf 88' lang='lat' dir='ltr'>apud</span> <span class='ocrx_word' id='word_1_52' title='bbox 1327 1386 1441 1449; x_wconf 83' lang='lat' dir='ltr'>ludaeos</span> <span class='ocrx_word' id='word_1_53' title='bbox 1460 1384 1530 1445; x_wconf 86' lang='lat' dir='ltr'>etin</span> 
     </span>
    </p>

    <p class='ocr_par' dir='ltr' id='par_1_3' title="bbox 474 1491 1592 1571">
     <span class='ocr_line' id='line_1_8' title="bbox 474 1491 1592 1571; baseline -0.004 -14"><span class='ocrx_word' id='word_1_54' title='bbox 474 1494 644 1557; x_wconf 76' lang='lat' dir='ltr'>feudalibus</span> <span class='ocrx_word' id='word_1_55' title='bbox 666 1493 767 1571; x_wconf 78' lang='lat' dir='ltr'>regnis</span> <span class='ocrx_word' id='word_1_56' title='bbox 785 1491 985 1555; x_wconf 87' lang='lat' dir='ltr'>determinata</span> <span class='ocrx_word' id='word_1_57' title='bbox 1004 1492 1109 1555; x_wconf 87' lang='lat' dir='ltr'>luisse.</span> <span class='ocrx_word' id='word_1_58' title='bbox 1591 1498 1592 1543; x_wconf 77' lang='lat'>3</span> 
     </span>
    </p>

    <p class='ocr_par' dir='ltr' id='par_1_4' title="bbox 474 1584 1530 1758">
     <span class='ocr_line' id='line_1_9' title="bbox 511 1584 1530 1673; baseline -0.013 -14"><span class='ocrx_word' id='word_1_59' title='bbox 511 1597 585 1661; x_wconf 73' lang='grc'><strong>867.</strong></span> <span class='ocrx_word' id='word_1_60' title='bbox 608 1592 964 1657; x_wconf 76' lang='lat' dir='ltr'>Poes.420·.-civi1ls</span> <span class='ocrx_word' id='word_1_61' title='bbox 984 1594 1144 1657; x_wconf 82' lang='lat' dir='ltr'>auctoritas</span> <span class='ocrx_word' id='word_1_62' title='bbox 1164 1596 1336 1673; x_wconf 87' lang='lat' dir='ltr'>perpetuam</span> <span class='ocrx_word' id='word_1_63' title='bbox 1356 1584 1530 1653; x_wconf 80' lang='lat' dir='ltr'>succensioni-</span> 
     </span>
     <span class='ocr_line' id='line_1_10' title="bbox 474 1693 977 1758; baseline -0.004 -1"><span class='ocrx_word' id='word_1_64' title='bbox 474 1694 532 1758; x_wconf 88' lang='lat' dir='ltr'>bus</span> <span class='ocrx_word' id='word_1_65' title='bbox 541 1694 730 1758; x_wconf 87' lang='lat' dir='ltr'>hereditariis</span> <span class='ocrx_word' id='word_1_66' title='bbox 742 1694 867 1756; x_wconf 86' lang='lat' dir='ltr'>tutelam</span> <span class='ocrx_word' id='word_1_67' title='bbox 879 1693 977 1755; x_wconf 85' lang='lat' dir='ltr'>debet.</span> 
     </span>
    </p>

    <p class='ocr_par' dir='ltr' id='par_1_5' title="bbox 474 1784 1592 2379">
     <span class='ocr_line' id='line_1_11' title="bbox 514 1784 1592 1875; baseline -0.014 -17"><span class='ocrx_word' id='word_1_68' title='bbox 514 1799 609 1860; x_wconf 77' lang='lat' dir='ltr'>Peon.</span> <span class='ocrx_word' id='word_1_69' title='bbox 623 1796 729 1856; x_wconf 82' lang='lat' dir='ltr'>-lua</span> <span class='ocrx_word' id='word_1_70' title='bbox 741 1795 961 1856; x_wconf 83' lang='lat' dir='ltr'>successorium</span> <span class='ocrx_word' id='word_1_71' title='bbox 975 1794 1103 1875; x_wconf 86' lang='lat' dir='ltr'>pertinet</span> <span class='ocrx_word' id='word_1_72' title='bbox 1117 1794 1154 1857; x_wconf 90' lang='lat' dir='ltr'>ed</span> <span class='ocrx_word' id='word_1_73' title='bbox 1170 1798 1224 1874; x_wconf 79' lang='lat' dir='ltr'>lus</span> <span class='ocrx_word' id='word_1_74' title='bbox 1237 1792 1366 1855; x_wconf 87' lang='lat' dir='ltr'>dominii</span> <span class='ocrx_word' id='word_1_75' title='bbox 1384 1784 1530 1851; x_wconf 59' lang='lat' dir='ltr'>memoli·</span> <span class='ocrx_word' id='word_1_76' title='bbox 1591 1828 1592 1843; x_wconf 56' lang='lat'><em>2</em></span> 
     </span>
     <span class='ocr_line' id='line_1_12' title="bbox 474 1888 1532 1974; baseline -0.01 -14"><span class='ocrx_word' id='word_1_77' title='bbox 474 1916 551 1974; x_wconf 82' lang='lat' dir='ltr'>raon,</span> <span class='ocrx_word' id='word_1_78' title='bbox 577 1897 690 1959; x_wconf 83' lang='lat' dir='ltr'>scilicet</span> <span class='ocrx_word' id='word_1_79' title='bbox 701 1912 763 1974; x_wconf 86' lang='lat' dir='ltr'>quo</span> <span class='ocrx_word' id='word_1_80' title='bbox 775 1896 961 1957; x_wconf 79' lang='lat' dir='ltr'>consortium</span> <span class='ocrx_word' id='word_1_81' title='bbox 974 1896 1055 1957; x_wconf 91' lang='lat' dir='ltr'>civili</span> <span class='ocrx_word' id='word_1_82' title='bbox 1076 1897 1207 1959; x_wconf 79' lang='lat' dir='ltr'>societati</span> <span class='ocrx_word' id='word_1_83' title='bbox 1220 1894 1378 1957; x_wconf 86' lang='lat' dir='ltr'>subditum</span> <span class='ocrx_word' id='word_1_84' title='bbox 1396 1888 1489 1971; x_wconf 82' lang='lat' dir='ltr'>pollet.</span> <span class='ocrx_word' id='word_1_85' title='bbox 1505 1892 1532 1949; x_wconf 87' lang='lat' dir='ltr'>ut</span> 
     </span>
     <span class='ocr_line' id='line_1_13' title="bbox 475 1988 1531 2079; baseline -0.009 -20"><span class='ocrx_word' id='word_1_86' title='bbox 475 2014 572 2079; x_wconf 86' lang='lat' dir='ltr'>nuper</span> <span class='ocrx_word' id='word_1_87' title='bbox 584 1996 743 2077; x_wconf 86' lang='lat' dir='ltr'>probatum</span> <span class='ocrx_word' id='word_1_88' title='bbox 757 2001 802 2057; x_wconf 89' lang='lat' dir='ltr'>cst</span> <span class='ocrx_word' id='word_1_89' title='bbox 814 2012 869 2057; x_wconf 89' lang='lat' dir='ltr'>nu.</span> <span class='ocrx_word' id='word_1_90' title='bbox 889 1992 961 2071; x_wconf 81' lang='lat' dir='ltr'>aot,</span> <span class='ocrx_word' id='word_1_91' title='bbox 981 1997 1050 2057; x_wconf 78' lang='lat'><strong>865.</strong></span> <span class='ocrx_word' id='word_1_92' title='bbox 1069 1997 1236 2059; x_wconf 84' lang='lat' dir='ltr'>lloceutam</span> <span class='ocrx_word' id='word_1_93' title='bbox 1249 1996 1302 2073; x_wconf 85' lang='lat' dir='ltr'>jns</span> <span class='ocrx_word' id='word_1_94' title='bbox 1315 1997 1431 2057; x_wconf 87' lang='lat' dir='ltr'>noneat</span> <span class='ocrx_word' id='word_1_95' title='bbox 1441 1988 1531 2052; x_wconf 81' lang='lat' dir='ltr'>tracei-</span> 
     </span>
     <span class='ocr_line' id='line_1_14' title="bbox 477 2090 1533 2179; baseline -0.011 -17"><span class='ocrx_word' id='word_1_96' title='bbox 477 2101 599 2178; x_wconf 88' lang='lat' dir='ltr'>torium‚</span> <span class='ocrx_word' id='word_1_97' title='bbox 614 2097 666 2161; x_wconf 86' lang='lat' dir='ltr'>sed</span> <span class='ocrx_word' id='word_1_98' title='bbox 683 2103 823 2161; x_wconf 90' lang='lat' dir='ltr'>constans</span> <span class='ocrx_word' id='word_1_99' title='bbox 836 2104 867 2161; x_wconf 92' lang='lat' dir='ltr'>et</span> <span class='ocrx_word' id='word_1_100' title='bbox 880 2104 988 2160; x_wconf 86' lang='lat' dir='ltr'>natura</span> <span class='ocrx_word' id='word_1_101' title='bbox 1004 2114 1059 2161; x_wconf 82' lang='lat' dir='ltr'>sua</span> <span class='ocrx_word' id='word_1_102' title='bbox 1069 2103 1249 2179; x_wconf 84' lang='lat' dir='ltr'>perpetuum</span> <span class='ocrx_word' id='word_1_103' title='bbox 1262 2096 1340 2159; x_wconf 89' lang='lat' dir='ltr'>sicut</span> <span class='ocrx_word' id='word_1_104' title='bbox 1358 2096 1423 2177; x_wconf 90' lang='lat' dir='ltr'>ipsa</span> <span class='ocrx_word' id='word_1_105' title='bbox 1436 2090 1533 2155; x_wconf 84' lang='lat' dir='ltr'>lanilia</span> 
     </span>
     <span class='ocr_line' id='line_1_15' title="bbox 475 2195 1533 2280; baseline -0.012 -16"><span class='ocrx_word' id='word_1_106' title='bbox 475 2204 619 2280; x_wconf 85' lang='lat' dir='ltr'>perpetue</span> <span class='ocrx_word' id='word_1_107' title='bbox 632 2204 686 2259; x_wconf 90' lang='lat' dir='ltr'>est.</span> <span class='ocrx_word' id='word_1_108' title='bbox 702 2198 793 2275; x_wconf 77' lang='lat' dir='ltr'>Atqui</span> <span class='ocrx_word' id='word_1_109' title='bbox 811 2198 936 2261; x_wconf 86' lang='lat' dir='ltr'>societas</span> <span class='ocrx_word' id='word_1_110' title='bbox 948 2195 1138 2280; x_wconf 76' lang='lat' dir='ltr'>protarelico</span> <span class='ocrx_word' id='word_1_111' title='bbox 1155 2196 1237 2261; x_wconf 87' lang='lat' dir='ltr'>omui</span> <span class='ocrx_word' id='word_1_112' title='bbox 1256 2197 1320 2275; x_wconf 88' lang='lat' dir='ltr'>juri</span> <span class='ocrx_word' id='word_1_113' title='bbox 1338 2195 1533 2259; x_wconf 77' lang='lat' dir='ltr'>consortomn</span> 
     </span>
     <span class='ocr_line' id='line_1_16' title="bbox 475 2298 1311 2379; baseline -0.006 -17"><span class='ocrx_word' id='word_1_114' title='bbox 475 2316 544 2378; x_wconf 77' lang='lat' dir='ltr'>que</span> <span class='ocrx_word' id='word_1_115' title='bbox 557 2301 603 2362; x_wconf 91' lang='lat' dir='ltr'>illi</span> <span class='ocrx_word' id='word_1_116' title='bbox 617 2299 760 2375; x_wconf 87' lang='lat' dir='ltr'>subsunt,</span> <span class='ocrx_word' id='word_1_117' title='bbox 776 2300 903 2361; x_wconf 86' lang='lat' dir='ltr'>tutelam</span> <span class='ocrx_word' id='word_1_118' title='bbox 917 2298 1004 2361; x_wconf 87' lang='lat' dir='ltr'>debet</span> <span class='ocrx_word' id='word_1_119' title='bbox 1023 2298 1055 2379; x_wconf 89' lang='lat' dir='ltr'>(l.</span> <span class='ocrx_word' id='word_1_120' title='bbox 1076 2299 1131 2378; x_wconf 81' lang='lat' dir='ltr'>vll.</span> <span class='ocrx_word' id='word_1_121' title='bbox 1146 2300 1236 2377; x_wconf 75' lang='lat' dir='ltr'>Ergo,</span> <span class='ocrx_word' id='word_1_122' title='bbox 1255 2302 1311 2361; x_wconf 86' lang='lat' dir='ltr'>etc.</span> 
     </span>
    </p>

    <p class='ocr_par' dir='ltr' id='par_1_6' title="bbox 475 2392 1534 2680">
     <span class='ocr_line' id='line_1_17' title="bbox 516 2392 1534 2463; baseline -0.013 0"><span class='ocrx_word' id='word_1_123' title='bbox 516 2401 587 2463; x_wconf 82' lang='grc'><strong>868.</strong></span> <span class='ocrx_word' id='word_1_124' title='bbox 611 2402 680 2462; x_wconf 75' lang='lat' dir='ltr'>l‘os.</span> <span class='ocrx_word' id='word_1_125' title='bbox 696 2398 944 2462; x_wconf 62' lang='lat' dir='ltr'>tate-civille</span> <span class='ocrx_word' id='word_1_126' title='bbox 953 2399 1075 2461; x_wconf 87' lang='lat' dir='ltr'>societas</span> <span class='ocrx_word' id='word_1_127' title='bbox 1085 2399 1210 2460; x_wconf 88' lang='lat' dir='ltr'>tutelam</span> <span class='ocrx_word' id='word_1_128' title='bbox 1219 2397 1307 2459; x_wconf 87' lang='lat' dir='ltr'>debet</span> <span class='ocrx_word' id='word_1_129' title='bbox 1316 2392 1534 2459; x_wconf 81' lang='lat' dir='ltr'>sumesslonibue</span> 
     </span>
     <span class='ocr_line' id='line_1_18' title="bbox 475 2496 1534 2581; baseline -0.01 -17"><span class='ocrx_word' id='word_1_130' title='bbox 475 2500 719 2577; x_wconf 83' lang='lat' dir='ltr'>testamentariis,</span> <span class='ocrx_word' id='word_1_131' title='bbox 733 2501 824 2563; x_wconf 88' lang='lat' dir='ltr'>etlam</span> <span class='ocrx_word' id='word_1_132' title='bbox 837 2500 1008 2565; x_wconf 73' lang='lat' dir='ltr'>urentibus</span> <span class='ocrx_word' id='word_1_133' title='bbox 1028 2500 1226 2581; x_wconf 87' lang='lat' dir='ltr'>acceptatione</span> <span class='ocrx_word' id='word_1_134' title='bbox 1239 2514 1308 2579; x_wconf 80' lang='lat' dir='ltr'>quc</span> <span class='ocrx_word' id='word_1_135' title='bbox 1323 2496 1458 2561; x_wconf 77' lang='lat' dir='ltr'>testamu</span> <span class='ocrx_word' id='word_1_136' title='bbox 1467 2508 1534 2555; x_wconf 88' lang='lat' dir='ltr'>nor·</span> 
     </span>
     <span class='ocr_line' id='line_1_19' title="bbox 476 2601 744 2680; baseline -0.007 -17"><span class='ocrx_word' id='word_1_137' title='bbox 476 2608 537 2663; x_wconf 88' lang='lat' dir='ltr'>tem</span> <span class='ocrx_word' id='word_1_138' title='bbox 550 2601 744 2680; x_wconf 71' lang='lat' dir='ltr'>precesserit.</span> 
     </span>
    </p>

    <p class='ocr_par' dir='ltr' id='par_1_7' title="bbox 476 2698 1537 3286">
     <span class='ocr_line' id='line_1_20' title="bbox 515 2698 1534 2781; baseline -0.001 -18"><span class='ocrx_word' id='word_1_139' title='bbox 515 2704 610 2763; x_wconf 82' lang='lat' dir='ltr'>Peon.</span> <span class='ocrx_word' id='word_1_140' title='bbox 636 2705 664 2761; x_wconf 81' lang='grc' dir='ltr'>ι·</span> <span class='ocrx_word' id='word_1_141' title='bbox 683 2715 822 2764; x_wconf 79' lang='lat' dir='ltr'>aces-</span> <span class='ocrx_word' id='word_1_142' title='bbox 836 2700 978 2775; x_wconf 82' lang='lat' dir='ltr'>Quandiu</span> <span class='ocrx_word' id='word_1_143' title='bbox 1004 2702 1133 2781; x_wconf 84' lang='lat' dir='ltr'>quisque</span> <span class='ocrx_word' id='word_1_144' title='bbox 1151 2701 1244 2781; x_wconf 87' lang='lat' dir='ltr'>vivit,</span> <span class='ocrx_word' id='word_1_145' title='bbox 1262 2698 1387 2765; x_wconf 86' lang='lat' dir='ltr'>evidens</span> <span class='ocrx_word' id='word_1_146' title='bbox 1405 2704 1449 2763; x_wconf 85' lang='lat' dir='ltr'>est</span> <span class='ocrx_word' id='word_1_147' title='bbox 1464 2706 1534 2778; x_wconf 78' lang='lat' dir='ltr'>pont</span> 
     </span>
     <span class='ocr_line' id='line_1_21' title="bbox 476 2796 1534 2884; baseline -0.01 -16"><span class='ocrx_word' id='word_1_148' title='bbox 476 2799 691 2868; x_wconf 78' lang='lat' dir='ltr'>illumdesuis</span> <span class='ocrx_word' id='word_1_149' title='bbox 709 2802 799 2866; x_wconf 86' lang='lat' dir='ltr'>bonis</span> <span class='ocrx_word' id='word_1_150' title='bbox 821 2801 915 2866; x_wconf 83' lang='lat' dir='ltr'>libere</span> <span class='ocrx_word' id='word_1_151' title='bbox 937 2802 1191 2884; x_wconf 66' lang='lat' dir='ltr'>disponeretur,</span> <span class='ocrx_word' id='word_1_152' title='bbox 1213 2808 1303 2884; x_wconf 92' lang='lat' dir='ltr'>prout</span> <span class='ocrx_word' id='word_1_153' title='bbox 1324 2801 1456 2876; x_wconf 87' lang='lat' dir='ltr'>libuerit,</span> <span class='ocrx_word' id='word_1_154' title='bbox 1476 2796 1534 2860; x_wconf 87' lang='lat' dir='ltr'>alic·</span> 
     </span>
     <span class='ocr_line' id='line_1_22' title="bbox 477 2896 1537 2984; baseline -0.004 -20"><span class='ocrx_word' id='word_1_155' title='bbox 477 2903 578 2966; x_wconf 86' lang='lat' dir='ltr'>nando</span> <span class='ocrx_word' id='word_1_156' title='bbox 590 2903 690 2966; x_wconf 89' lang='lat' dir='ltr'>solum</span> <span class='ocrx_word' id='word_1_157' title='bbox 702 2918 757 2983; x_wconf 88' lang='lat' dir='ltr'>pro</span> <span class='ocrx_word' id='word_1_158' title='bbox 772 2920 836 2966; x_wconf 78' lang='lat' dir='ltr'>sua</span> <span class='ocrx_word' id='word_1_159' title='bbox 849 2905 955 2966; x_wconf 90' lang='lat' dir='ltr'>mortis</span> <span class='ocrx_word' id='word_1_160' title='bbox 976 2911 1121 2984; x_wconf 89' lang='lat' dir='ltr'>tempore,</span> <span class='ocrx_word' id='word_1_161' title='bbox 1135 2903 1226 2966; x_wconf 89' lang='lat' dir='ltr'>salvis</span> <span class='ocrx_word' id='word_1_162' title='bbox 1240 2909 1341 2968; x_wconf 90' lang='lat' dir='ltr'>tamen</span> <span class='ocrx_word' id='word_1_163' title='bbox 1361 2903 1464 2966; x_wconf 87' lang='lat' dir='ltr'>alienis</span> <span class='ocrx_word' id='word_1_164' title='bbox 1476 2896 1537 2978; x_wconf 81' lang='lat' dir='ltr'>lun&#39;·</span> 
     </span>
     <span class='ocr_line' id='line_1_23' title="bbox 476 2996 1533 3086; baseline -0.009 -18"><span class='ocrx_word' id='word_1_165' title='bbox 476 3004 547 3084; x_wconf 80' lang='lat' dir='ltr'>bus,</span> <span class='ocrx_word' id='word_1_166' title='bbox 560 3023 588 3067; x_wconf 87' lang='lat' dir='ltr'>v.</span> <span class='ocrx_word' id='word_1_167' title='bbox 602 3023 648 3086; x_wconf 78' lang='lat' dir='ltr'>p..</span> <span class='ocrx_word' id='word_1_168' title='bbox 667 3005 896 3068; x_wconf 69' lang='lat' dir='ltr'>sustentationis</span> <span class='ocrx_word' id='word_1_169' title='bbox 909 3005 981 3067; x_wconf 86' lang='lat' dir='ltr'>filiis</span> <span class='ocrx_word' id='word_1_170' title='bbox 1002 3005 1187 3081; x_wconf 79' lang='lat' dir='ltr'>recesserim,</span> <span class='ocrx_word' id='word_1_171' title='bbox 1206 3005 1274 3067; x_wconf 76' lang='lat' dir='ltr'>eris</span> <span class='ocrx_word' id='word_1_172' title='bbox 1293 3004 1387 3066; x_wconf 87' lang='lat' dir='ltr'>alieni</span> <span class='ocrx_word' id='word_1_173' title='bbox 1407 2996 1533 3068; x_wconf 81' lang='lat' dir='ltr'>solvendi,</span> 
     </span>
     <span class='ocr_line' id='line_1_24' title="bbox 477 3102 1536 3186; baseline -0.005 -18"><span class='ocrx_word' id='word_1_174' title='bbox 477 3112 656 3186; x_wconf 85' lang='lat' dir='ltr'>sumptuum</span> <span class='ocrx_word' id='word_1_175' title='bbox 665 3105 702 3167; x_wconf 90' lang='lat' dir='ltr'>ad</span> <span class='ocrx_word' id='word_1_176' title='bbox 717 3105 905 3184; x_wconf 84' lang='lat' dir='ltr'>sepulturam</span> <span class='ocrx_word' id='word_1_177' title='bbox 921 3105 1080 3179; x_wconf 85' lang='lat' dir='ltr'>lectorum,</span> <span class='ocrx_word' id='word_1_178' title='bbox 1092 3109 1122 3166; x_wconf 89' lang='lat' dir='ltr'>el</span> <span class='ocrx_word' id='word_1_179' title='bbox 1134 3105 1265 3166; x_wconf 75' lang='lat' dir='ltr'>diorum</span> <span class='ocrx_word' id='word_1_180' title='bbox 1276 3103 1462 3184; x_wconf 77' lang='lat' dir='ltr'>huiusmodi.</span> <span class='ocrx_word' id='word_1_181' title='bbox 1474 3102 1536 3175; x_wconf 74' lang='lat' dir='ltr'>lrgo</span> 
     </span>
     <span class='ocr_line' id='line_1_25' title="bbox 477 3203 1429 3286; baseline -0.004 -16"><span class='ocrx_word' id='word_1_182' title='bbox 477 3207 602 3270; x_wconf 83' lang='lat' dir='ltr'>societas</span> <span class='ocrx_word' id='word_1_183' title='bbox 614 3205 703 3268; x_wconf 82' lang='lat' dir='ltr'>debet</span> <span class='ocrx_word' id='word_1_184' title='bbox 714 3203 829 3286; x_wconf 73' lang='lat' dir='ltr'>hocius</span> <span class='ocrx_word' id='word_1_185' title='bbox 840 3208 990 3284; x_wconf 72' lang='lat' dir='ltr'>cujusque</span> <span class='ocrx_word' id='word_1_186' title='bbox 1004 3203 1154 3267; x_wconf 88' lang='lat' dir='ltr'>individui</span> <span class='ocrx_word' id='word_1_187' title='bbox 1167 3203 1325 3268; x_wconf 80' lang='lat' dir='ltr'>efficeriter</span> <span class='ocrx_word' id='word_1_188' title='bbox 1339 3206 1429 3268; x_wconf 90' lang='lat' dir='ltr'>tueri.</span> 
     </span>
    </p>

    <p class='ocr_par' dir='ltr' id='par_1_8' title="bbox 478 3301 1592 4890">
     <span class='ocr_line' id='line_1_26' title="bbox 517 3301 1536 3385; baseline -0.007 -18"><span class='ocrx_word' id='word_1_189' title='bbox 517 3308 612 3368; x_wconf 84' lang='lat' dir='ltr'>Pnoe.</span> <span class='ocrx_word' id='word_1_190' title='bbox 625 3305 658 3364; x_wconf 75' lang='lat'>2·</span> <span class='ocrx_word' id='word_1_191' title='bbox 672 3317 759 3366; x_wconf 77' lang='lat' dir='ltr'>aens.</span> <span class='ocrx_word' id='word_1_192' title='bbox 774 3333 816 3350; x_wconf 92' lang='lat'>·-</span> <span class='ocrx_word' id='word_1_193' title='bbox 831 3301 1027 3366; x_wconf 68' lang='lat' dir='ltr'>diiunctionis</span> <span class='ocrx_word' id='word_1_194' title='bbox 1037 3303 1176 3366; x_wconf 77' lang='lat' dir='ltr'>validitas</span> <span class='ocrx_word' id='word_1_195' title='bbox 1188 3306 1316 3382; x_wconf 84' lang='lat' dir='ltr'>requirit</span> <span class='ocrx_word' id='word_1_196' title='bbox 1326 3303 1536 3385; x_wconf 87' lang='lat' dir='ltr'>acceptationem</span> 
     </span>
     <span class='ocr_line' id='line_1_27' title="bbox 478 3402 1592 3485; baseline -0.001 -18"><span class='ocrx_word' id='word_1_197' title='bbox 478 3405 564 3468; x_wconf 87' lang='lat' dir='ltr'>illius</span> <span class='ocrx_word' id='word_1_198' title='bbox 572 3404 611 3466; x_wconf 87' lang='lat' dir='ltr'>ad</span> <span class='ocrx_word' id='word_1_199' title='bbox 621 3421 713 3482; x_wconf 86' lang='lat' dir='ltr'>quem</span> <span class='ocrx_word' id='word_1_200' title='bbox 725 3403 805 3466; x_wconf 85' lang='lat' dir='ltr'>bone</span> <span class='ocrx_word' id='word_1_201' title='bbox 815 3402 946 3466; x_wconf 84' lang='lat' dir='ltr'>alienata</span> <span class='ocrx_word' id='word_1_202' title='bbox 958 3406 1085 3468; x_wconf 80' lang='lat' dir='ltr'>usnsire</span> <span class='ocrx_word' id='word_1_203' title='bbox 1093 3404 1204 3468; x_wconf 82' lang='lat' dir='ltr'>debent</span> <span class='ocrx_word' id='word_1_204' title='bbox 1215 3404 1248 3484; x_wconf 86' lang='lat' dir='ltr'>(l.</span> <span class='ocrx_word' id='word_1_205' title='bbox 1259 3421 1315 3479; x_wconf 84' lang='lat' dir='ltr'>viv,</span> <span class='ocrx_word' id='word_1_206' title='bbox 1327 3422 1355 3467; x_wconf 90' lang='lat' dir='ltr'>c.</span> <span class='ocrx_word' id='word_1_207' title='bbox 1366 3403 1414 3485; x_wconf 80' lang='lat' dir='ltr'>9l3</span> <span class='ocrx_word' id='word_1_208' title='bbox 1426 3405 1537 3482; x_wconf 77' lang='lat' dir='ltr'>compit-</span> <span class='ocrx_word' id='word_1_209' title='bbox 1591 3463 1592 3466; x_wconf 74' lang='grc'>,</span> 
     </span>
     <span class='ocr_line' id='line_1_28' title="bbox 479 3498 1536 3586; baseline -0.008 -20"><span class='ocrx_word' id='word_1_210' title='bbox 479 3506 520 3568; x_wconf 91' lang='lat' dir='ltr'>tio</span> <span class='ocrx_word' id='word_1_211' title='bbox 533 3511 646 3582; x_wconf 90' lang='lat' dir='ltr'>autem,</span> <span class='ocrx_word' id='word_1_212' title='bbox 662 3503 799 3566; x_wconf 82' lang='lat' dir='ltr'>absolute</span> <span class='ocrx_word' id='word_1_213' title='bbox 813 3503 978 3582; x_wconf 85' lang='lat' dir='ltr'>loquendo,</span> <span class='ocrx_word' id='word_1_214' title='bbox 993 3505 1134 3586; x_wconf 87' lang='lat' dir='ltr'>supponit</span> <span class='ocrx_word' id='word_1_215' title='bbox 1147 3507 1348 3584; x_wconf 81' lang='lat' dir='ltr'>cognitionem</span> <span class='ocrx_word' id='word_1_216' title='bbox 1367 3498 1536 3568; x_wconf 77' lang='lat' dir='ltr'>alienationis</span> 
     </span>
     <span class='ocr_line' id='line_1_29' title="bbox 478 3603 1537 3684; baseline -0.007 -16"><span class='ocrx_word' id='word_1_217' title='bbox 478 3610 510 3668; x_wconf 91' lang='lat' dir='ltr'>et</span> <span class='ocrx_word' id='word_1_218' title='bbox 521 3605 661 3668; x_wconf 89' lang='lat' dir='ltr'>omnium</span> <span class='ocrx_word' id='word_1_219' title='bbox 673 3603 880 3666; x_wconf 88' lang='lat' dir='ltr'>conditionum</span> <span class='ocrx_word' id='word_1_220' title='bbox 890 3604 1017 3683; x_wconf 75' lang='lat' dir='ltr'>qumilli</span> <span class='ocrx_word' id='word_1_221' title='bbox 1028 3605 1148 3684; x_wconf 77' lang='lat' dir='ltr'>adjecta</span> <span class='ocrx_word' id='word_1_222' title='bbox 1160 3605 1231 3668; x_wconf 86' lang='lat' dir='ltr'>sint.</span> <span class='ocrx_word' id='word_1_223' title='bbox 1248 3606 1340 3684; x_wconf 74' lang='lat' dir='ltr'>euni</span> <span class='ocrx_word' id='word_1_224' title='bbox 1354 3605 1480 3684; x_wconf 73' lang='lat' dir='ltr'>sagmio</span> <span class='ocrx_word' id='word_1_225' title='bbox 1492 3605 1537 3660; x_wconf 78' lang='lat' dir='ltr'>tce</span> 
     </span>
     <span class='ocr_line' id='line_1_30' title="bbox 479 3700 1536 3784; baseline -0.006 -16"><span class='ocrx_word' id='word_1_226' title='bbox 479 3705 723 3768; x_wconf 80' lang='lat' dir='ltr'>tamcnmriarum</span> <span class='ocrx_word' id='word_1_227' title='bbox 736 3705 913 3766; x_wconf 81' lang='lat' dir='ltr'>motionum</span> <span class='ocrx_word' id='word_1_228' title='bbox 924 3711 993 3768; x_wconf 91' lang='lat' dir='ltr'>anta</span> <span class='ocrx_word' id='word_1_229' title='bbox 1007 3713 1134 3768; x_wconf 89' lang='lat' dir='ltr'>mortem</span> <span class='ocrx_word' id='word_1_230' title='bbox 1147 3707 1283 3768; x_wconf 84' lang='lat' dir='ltr'>testantis</span> <span class='ocrx_word' id='word_1_231' title='bbox 1296 3707 1393 3769; x_wconf 87' lang='lat' dir='ltr'>multa</span> <span class='ocrx_word' id='word_1_232' title='bbox 1403 3713 1432 3768; x_wconf 88' lang='lat' dir='ltr'>et</span> <span class='ocrx_word' id='word_1_233' title='bbox 1442 3700 1536 3784; x_wconf 77' lang='lat' dir='ltr'>gravis</span> 
     </span>
     <span class='ocr_line' id='line_1_31' title="bbox 479 3804 1537 3888; baseline -0.002 -20"><span class='ocrx_word' id='word_1_234' title='bbox 479 3807 559 3870; x_wconf 89' lang='lat' dir='ltr'>sima</span> <span class='ocrx_word' id='word_1_235' title='bbox 579 3804 712 3886; x_wconf 90' lang='lat' dir='ltr'>pericula</span> <span class='ocrx_word' id='word_1_236' title='bbox 733 3804 791 3884; x_wconf 89' lang='lat' dir='ltr'>ipsi</span> <span class='ocrx_word' id='word_1_237' title='bbox 811 3806 942 3879; x_wconf 88' lang='lat' dir='ltr'>testanti,</span> <span class='ocrx_word' id='word_1_238' title='bbox 964 3805 1127 3868; x_wconf 86' lang='lat' dir='ltr'>discordiae</span> <span class='ocrx_word' id='word_1_239' title='bbox 1144 3813 1174 3870; x_wconf 89' lang='lat' dir='ltr'>et</span> <span class='ocrx_word' id='word_1_240' title='bbox 1187 3807 1256 3870; x_wconf 90' lang='lat' dir='ltr'>odia</span> <span class='ocrx_word' id='word_1_241' title='bbox 1276 3809 1353 3870; x_wconf 90' lang='lat' dir='ltr'>inter</span> <span class='ocrx_word' id='word_1_242' title='bbox 1371 3806 1537 3888; x_wconf 80' lang='lat' dir='ltr'>propinqua</span> 
     </span>
     <span class='ocr_line' id='line_1_32' title="bbox 478 3902 1538 3986; baseline -0.003 -19"><span class='ocrx_word' id='word_1_243' title='bbox 478 3907 625 3986; x_wconf 77' lang='lat' dir='ltr'>gigneret.</span> <span class='ocrx_word' id='word_1_244' title='bbox 634 3906 710 3966; x_wconf 85' lang='lat' dir='ltr'>Nam</span> <span class='ocrx_word' id='word_1_245' title='bbox 722 3908 751 3965; x_wconf 91' lang='lat' dir='ltr'>l·</span> <span class='ocrx_word' id='word_1_246' title='bbox 763 3902 830 3966; x_wconf 86' lang='lat' dir='ltr'>talis</span> <span class='ocrx_word' id='word_1_247' title='bbox 843 3905 973 3982; x_wconf 76' lang='lat' dir='ltr'>cognitio</span> <span class='ocrx_word' id='word_1_248' title='bbox 986 3903 1024 3966; x_wconf 86' lang='lat' dir='ltr'>ad</span> <span class='ocrx_word' id='word_1_249' title='bbox 1034 3905 1111 3966; x_wconf 88' lang='lat' dir='ltr'>iram</span> <span class='ocrx_word' id='word_1_250' title='bbox 1120 3912 1150 3966; x_wconf 91' lang='lat' dir='ltr'>ct</span> <span class='ocrx_word' id='word_1_251' title='bbox 1164 3905 1402 3984; x_wconf 79' lang='lat' dir='ltr'>indignationem</span> <span class='ocrx_word' id='word_1_252' title='bbox 1416 3904 1538 3967; x_wconf 77' lang='lat' dir='ltr'>excitae</span> 
     </span>
     <span class='ocr_line' id='line_1_33' title="bbox 479 4001 1537 4085; baseline -0.012 -13"><span class='ocrx_word' id='word_1_253' title='bbox 479 4022 585 4072; x_wconf 84' lang='lat' dir='ltr'>omnes</span> <span class='ocrx_word' id='word_1_254' title='bbox 605 4004 675 4067; x_wconf 88' lang='lat' dir='ltr'>illos</span> <span class='ocrx_word' id='word_1_255' title='bbox 693 4019 825 4084; x_wconf 83' lang='lat' dir='ltr'>quorum</span> <span class='ocrx_word' id='word_1_256' title='bbox 846 4005 999 4085; x_wconf 88' lang='lat' dir='ltr'>cupiditati</span> <span class='ocrx_word' id='word_1_257' title='bbox 1013 4023 1076 4068; x_wconf 92' lang='lat' dir='ltr'>non</span> <span class='ocrx_word' id='word_1_258' title='bbox 1093 4007 1281 4070; x_wconf 80' lang='lat' dir='ltr'>sadalaceret.</span> <span class='ocrx_word' id='word_1_259' title='bbox 1296 4011 1329 4068; x_wconf 72' lang='lat'>2·</span> <span class='ocrx_word' id='word_1_260' title='bbox 1342 4007 1453 4070; x_wconf 82' lang='lat' dir='ltr'>Eadem</span> <span class='ocrx_word' id='word_1_261' title='bbox 1465 4005 1494 4066; x_wconf 91' lang='lat' dir='ltr'>in</span> <span class='ocrx_word' id='word_1_262' title='bbox 1507 4001 1537 4062; x_wconf 83' lang='lat' dir='ltr'>iis</span> 
     </span>
     <span class='ocr_line' id='line_1_34' title="bbox 478 4105 1538 4190; baseline -0.005 -20"><span class='ocrx_word' id='word_1_263' title='bbox 478 4108 534 4190; x_wconf 83' lang='lat' dir='ltr'>qui</span> <span class='ocrx_word' id='word_1_264' title='bbox 550 4105 675 4169; x_wconf 76' lang='lat' dir='ltr'>huedes</span> <span class='ocrx_word' id='word_1_265' title='bbox 696 4109 874 4168; x_wconf 66' lang='lat' dir='ltr'>commento</span> <span class='ocrx_word' id='word_1_266' title='bbox 897 4105 1044 4186; x_wconf 75' lang='lat' dir='ltr'>designati</span> <span class='ocrx_word' id='word_1_267' title='bbox 1063 4114 1146 4184; x_wconf 86' lang='lat' dir='ltr'>sunt,</span> <span class='ocrx_word' id='word_1_268' title='bbox 1169 4107 1372 4172; x_wconf 81' lang='lat' dir='ltr'>inflammaret</span> <span class='ocrx_word' id='word_1_269' title='bbox 1390 4107 1538 4170; x_wconf 81' lang='lat' dir='ltr'>vehemens</span> 
     </span>
     <span class='ocr_line' id='line_1_35' title="bbox 479 4202 1538 4288; baseline -0.004 -18"><span class='ocrx_word' id='word_1_270' title='bbox 479 4206 615 4270; x_wconf 84' lang='lat' dir='ltr'>studium</span> <span class='ocrx_word' id='word_1_271' title='bbox 628 4202 747 4266; x_wconf 77' lang='lat' dir='ltr'>fruendi</span> <span class='ocrx_word' id='word_1_272' title='bbox 760 4221 854 4282; x_wconf 88' lang='lat' dir='ltr'>quem</span> <span class='ocrx_word' id='word_1_273' title='bbox 868 4206 1003 4286; x_wconf 90' lang='lat' dir='ltr'>primum</span> <span class='ocrx_word' id='word_1_274' title='bbox 1016 4206 1104 4270; x_wconf 86' lang='lat' dir='ltr'>bonis</span> <span class='ocrx_word' id='word_1_275' title='bbox 1116 4210 1262 4270; x_wconf 80' lang='lat' dir='ltr'>testatoris</span> <span class='ocrx_word' id='word_1_276' title='bbox 1269 4222 1281 4288; x_wconf 82' lang='lat'>3</span> <span class='ocrx_word' id='word_1_277' title='bbox 1296 4225 1357 4288; x_wconf 90' lang='lat' dir='ltr'>quo</span> <span class='ocrx_word' id='word_1_278' title='bbox 1371 4207 1469 4272; x_wconf 85' lang='lat' dir='ltr'>studio</span> <span class='ocrx_word' id='word_1_279' title='bbox 1479 4203 1538 4266; x_wconf 86' lang='lat' dir='ltr'>inci·</span> 
     </span>
     <span class='ocr_line' id='line_1_36' title="bbox 480 4304 1538 4385; baseline -0.002 -17"><span class='ocrx_word' id='word_1_280' title='bbox 480 4311 616 4368; x_wconf 85' lang='lat' dir='ltr'>terentur</span> <span class='ocrx_word' id='word_1_281' title='bbox 628 4304 746 4368; x_wconf 87' lang='lat' dir='ltr'>saneed</span> <span class='ocrx_word' id='word_1_282' title='bbox 758 4305 881 4368; x_wconf 85' lang='lat' dir='ltr'>insidiae</span> <span class='ocrx_word' id='word_1_283' title='bbox 893 4307 978 4370; x_wconf 88' lang='lat' dir='ltr'>illius</span> <span class='ocrx_word' id='word_1_284' title='bbox 997 4307 1065 4370; x_wconf 79' lang='lat' dir='ltr'>vitm</span> <span class='ocrx_word' id='word_1_285' title='bbox 1084 4309 1253 4372; x_wconf 86' lang='lat' dir='ltr'>struendae.</span> <span class='ocrx_word' id='word_1_286' title='bbox 1269 4311 1321 4372; x_wconf 83' lang='lat' dir='ltr'>Est</span> <span class='ocrx_word' id='word_1_287' title='bbox 1332 4314 1433 4374; x_wconf 89' lang='lat' dir='ltr'>tamen</span> <span class='ocrx_word' id='word_1_288' title='bbox 1444 4309 1538 4385; x_wconf 85' lang='lat' dir='ltr'>cuique</span> 
     </span>
     <span class='ocr_line' id='line_1_37' title="bbox 478 4405 1536 4492; baseline -0.001 -23"><span class='ocrx_word' id='word_1_289' title='bbox 478 4411 532 4486; x_wconf 85' lang='lat' dir='ltr'>jus</span> <span class='ocrx_word' id='word_1_290' title='bbox 543 4425 599 4468; x_wconf 90' lang='lat' dir='ltr'>sua</span> <span class='ocrx_word' id='word_1_291' title='bbox 613 4406 691 4468; x_wconf 86' lang='lat' dir='ltr'>bona</span> <span class='ocrx_word' id='word_1_292' title='bbox 701 4405 797 4467; x_wconf 87' lang='lat' dir='ltr'>libere</span> <span class='ocrx_word' id='word_1_293' title='bbox 810 4405 973 4483; x_wconf 86' lang='lat' dir='ltr'>alienandi,</span> <span class='ocrx_word' id='word_1_294' title='bbox 986 4413 1021 4470; x_wconf 90' lang='lat' dir='ltr'>ut</span> <span class='ocrx_word' id='word_1_295' title='bbox 1034 4409 1068 4471; x_wconf 90' lang='lat' dir='ltr'>in</span> <span class='ocrx_word' id='word_1_296' title='bbox 1081 4413 1110 4471; x_wconf 88' lang='lat' dir='ltr'>l·</span> <span class='ocrx_word' id='word_1_297' title='bbox 1124 4415 1207 4491; x_wconf 87' lang='lat' dir='ltr'>perte</span> <span class='ocrx_word' id='word_1_298' title='bbox 1222 4410 1316 4491; x_wconf 85' lang='lat' dir='ltr'>hujus</span> <span class='ocrx_word' id='word_1_299' title='bbox 1330 4405 1394 4492; x_wconf 90' lang='lat' dir='ltr'>pos.</span> <span class='ocrx_word' id='word_1_300' title='bbox 1408 4411 1536 4474; x_wconf 84' lang='lat' dir='ltr'>vidimus.</span> 
     </span>
     <span class='ocr_line' id='line_1_38' title="bbox 480 4505 1538 4588; baseline -0.004 -18"><span class='ocrx_word' id='word_1_301' title='bbox 480 4511 559 4584; x_wconf 77' lang='lat' dir='ltr'>Ergo</span> <span class='ocrx_word' id='word_1_302' title='bbox 568 4512 596 4568; x_wconf 90' lang='lat' dir='ltr'>et</span> <span class='ocrx_word' id='word_1_303' title='bbox 608 4506 726 4586; x_wconf 83' lang='lat' dir='ltr'>publica</span> <span class='ocrx_word' id='word_1_304' title='bbox 740 4505 891 4587; x_wconf 82' lang='lat' dir='ltr'>honestas,</span> <span class='ocrx_word' id='word_1_305' title='bbox 902 4515 1006 4571; x_wconf 78' lang='lat' dir='ltr'>vctarm</span> <span class='ocrx_word' id='word_1_306' title='bbox 1016 4509 1080 4572; x_wconf 85' lang='lat' dir='ltr'>ulla</span> <span class='ocrx_word' id='word_1_307' title='bbox 1090 4511 1190 4588; x_wconf 78' lang='lat' dir='ltr'>vigere</span> <span class='ocrx_word' id='word_1_308' title='bbox 1200 4511 1234 4574; x_wconf 90' lang='lat' dir='ltr'>in</span> <span class='ocrx_word' id='word_1_309' title='bbox 1244 4511 1404 4576; x_wconf 82' lang='lat' dir='ltr'>hominum</span> <span class='ocrx_word' id='word_1_310' title='bbox 1417 4509 1538 4574; x_wconf 80' lang='lat' dir='ltr'>eocisete</span> 
     </span>
     <span class='ocr_line' id='line_1_39' title="bbox 480 4607 1537 4691; baseline 0 -22"><span class='ocrx_word' id='word_1_311' title='bbox 480 4608 663 4678; x_wconf 84' lang='lat' dir='ltr'>institutum,</span> <span class='ocrx_word' id='word_1_312' title='bbox 676 4607 757 4684; x_wconf 88' lang='lat' dir='ltr'>quod</span> <span class='ocrx_word' id='word_1_313' title='bbox 768 4615 873 4687; x_wconf 87' lang='lat' dir='ltr'>suapte</span> <span class='ocrx_word' id='word_1_314' title='bbox 883 4614 992 4671; x_wconf 79' lang='lat' dir='ltr'>namra</span> <span class='ocrx_word' id='word_1_315' title='bbox 1001 4609 1038 4672; x_wconf 87' lang='lat' dir='ltr'>ad</span> <span class='ocrx_word' id='word_1_316' title='bbox 1048 4611 1163 4672; x_wconf 89' lang='lat' dir='ltr'>crimen</span> <span class='ocrx_word' id='word_1_317' title='bbox 1172 4613 1295 4691; x_wconf 81' lang='lat' dir='ltr'>aliquod</span> <span class='ocrx_word' id='word_1_318' title='bbox 1306 4609 1537 4677; x_wconf 84' lang='lat' dir='ltr'>committendum</span> 
     </span>
     <span class='ocr_line' id='line_1_40' title="bbox 481 4703 1538 4793; baseline -0.004 -19"><span class='ocrx_word' id='word_1_319' title='bbox 481 4713 596 4788; x_wconf 80' lang='lat' dir='ltr'>excitet,</span> <span class='ocrx_word' id='word_1_320' title='bbox 619 4715 648 4770; x_wconf 89' lang='lat' dir='ltr'>et</span> <span class='ocrx_word' id='word_1_321' title='bbox 673 4709 767 4770; x_wconf 87' lang='lat' dir='ltr'>tutela</span> <span class='ocrx_word' id='word_1_322' title='bbox 788 4727 882 4788; x_wconf 86' lang='lat' dir='ltr'>quarn</span> <span class='ocrx_word' id='word_1_323' title='bbox 903 4711 969 4772; x_wconf 80' lang='lat' dir='ltr'>vite</span> <span class='ocrx_word' id='word_1_324' title='bbox 988 4727 1022 4772; x_wconf 90' lang='lat' dir='ltr'>ac</span> <span class='ocrx_word' id='word_1_325' title='bbox 1041 4713 1154 4774; x_wconf 75' lang='lat' dir='ltr'>ceteris</span> <span class='ocrx_word' id='word_1_326' title='bbox 1173 4713 1294 4791; x_wconf 76' lang='lat' dir='ltr'>lucibus</span> <span class='ocrx_word' id='word_1_327' title='bbox 1313 4716 1458 4793; x_wconf 83' lang='lat' dir='ltr'>cujusque</span> <span class='ocrx_word' id='word_1_328' title='bbox 1478 4703 1538 4770; x_wconf 79' lang='lat' dir='ltr'>socii</span> 
     </span>
     <span class='ocr_line' id='line_1_41' title="bbox 478 4807 1537 4890; baseline -0.005 -14"><span class='ocrx_word' id='word_1_329' title='bbox 478 4812 575 4876; x_wconf 86' lang='lat' dir='ltr'>civilis</span> <span class='ocrx_word' id='word_1_330' title='bbox 590 4809 862 4887; x_wconf 65' lang='lat' dir='ltr'>securitariam,</span> <span class='ocrx_word' id='word_1_331' title='bbox 876 4811 1164 4890; x_wconf 88' lang='lat' dir='ltr'>postulantomnino</span> <span class='ocrx_word' id='word_1_332' title='bbox 1178 4821 1212 4876; x_wconf 91' lang='lat' dir='ltr'>ut</span> <span class='ocrx_word' id='word_1_333' title='bbox 1230 4815 1293 4879; x_wconf 77' lang='lat' dir='ltr'>hoo</span> <span class='ocrx_word' id='word_1_334' title='bbox 1305 4807 1537 4878; x_wconf 76' lang='lat' dir='ltr'>airomritascrci·</span> 
     </span>
    </p>
   </div>
   <div class='ocr_carea' id='block_1_3' title="bbox 0 0 1798 5675">
    <p class='ocr_par' dir='ltr' id='par_1_9' title="bbox 0 0 1798 5675">
     <span class='ocr_line' id='line_1_42' title="bbox 0 0 1798 5675; baseline 0 0"><span class='ocrx_word' id='word_1_335' title='bbox 0 0 1798 5675; x_wconf 95' lang='lat' dir='ltr'> </span> 
     </span>
    </p>
   </div>
  </div>
 </body>
</html>
