3559 5675
433 635 492 700 ete
842 651 922 700 tonis
942 651 1099 700 summus

434 781 495 844 que
510 765 577 827 laici
591 765 751 846 principes,
766 768 833 844 ejus
846 766 997 846 scriptoris
1009 763 1154 826 memoria
1165 769 1196 826 st
1206 761 1398 842 mqunnlibns
1407 761 1488 824 trilin

434 865 554 944 emulis,
568 867 614 928 usi
625 873 707 940 suut,
719 873 749 928 st
761 883 822 944 qua
834 866 977 930 nonnulli
989 865 1088 928 adhuc
1099 865 1260 945 praesrtim
1275 864 1401 926 herenei
1413 871 1490 925 utnu-

430 972 489 1041 tur.
502 966 592 1028 Nulla
602 983 735 1045 namque
745 967 852 1030 idoneo
863 972 1036 1047 potestesse
1046 984 1096 1028 ars
1109 973 1225 1028 mentes
1238 965 1423 1026 subditorum
1431 968 1491 1043 jun

429 1064 608 1142 gendarum,
623 1083 718 1144 quam
733 1083 801 1144 quas
815 1067 848 1126 in
863 1064 995 1128 veritatis
1013 1065 1096 1127 aditu
1116 1065 1231 1128 eisdem
1248 1065 1330 1126 facili
1344 1063 1492 1126 exhibendo

431 1164 578 1227 consistit.
591 1167 668 1227 lluic
679 1165 838 1246 principali
849 1165 949 1232 medio
965 1171 1104 1244 poterunt
1120 1167 1227 1244 utique
1243 1163 1417 1226 secundaria
1431 1179 1492 1242 prn

433 1263 511 1327 sidia
529 1265 670 1344 numam
690 1265 832 1345 adjungi;
858 1283 927 1344 qun
946 1272 1048 1328 tamen
1069 1265 1127 1340 illi,
1146 1272 1290 1344 tanquam
1302 1263 1492 1336 fundamento.

431 1364 488 1427 uiti
506 1381 623 1443 semper
640 1381 762 1426 necesse
774 1371 831 1447 est.
849 1368 907 1426 Ars
920 1365 1033 1428 omnim
1052 1365 1201 1426 mentium
1214 1363 1413 1440 regendarum
1429 1377 1494 1442 prn-

430 1463 574 1543 suppouit
587 1462 742 1524 veritatem
761 1479 823 1542 qua
843 1463 904 1526 illas
924 1463 1093 1542 capiuntur,
1119 1468 1209 1540 atque
1232 1463 1264 1524 in
1285 1461 1367 1524 incili
1390 1467 1495 1538 tutoque

429 1562 519 1624 modo
531 1563 660 1641 practico
679 1559 771 1642 hujus
787 1564 923 1625 scriniis
938 1562 1115 1628 adhibendae
1133 1569 1194 1624 tola
1211 1567 1359 1626 uersatur.

474 1663 606 1726 (ῖοιοη.
622 1667 654 1724 2.
667 1693 709 1708 -
720 1665 809 1724 llecta
823 1663 899 1724 ratio
913 1663 1014 1724 Status
1025 1679 1061 1724 eo
1079 1668 1199 1742 spectat,
1217 1667 1252 1724 ut
1264 1678 1372 1724 omnes
1384 1661 1494 1722 socien-

436 1764 474 1824 tis
490 1769 584 1824 ooetns
597 1762 679 1824 idem
697 1762 812 1824 honum
829 1763 984 1842 publicum
1004 1762 1106 1824 velint.
1123 1765 1160 1824 nt
1170 1761 1317 1841 quoniam
1334 1762 1443 1824 bonurn
1455 1776 1497 1819 so-

434 1861 560 1938 cietatis,
571 1867 607 1922 ut
625 1859 705 1922 alius
722 1865 932 1941 cujuscunque
946 1861 1035 1936 entia,
1055 1861 1192 1922 consistit
1206 1861 1238 1921 in
1252 1861 1430 1940 portuniano
1444 1865 1497 1920 tun

434 1961 531 2040 ipsius
549 1976 625 2036 esse,
646 1965 711 2020 tum
732 1959 903 2030 tendentia.
923 1966 989 2020 tuin
1010 1959 1242 2034 conmunionis,
1264 1959 1375 2020 idcirco
1395 1955 1497 2018 socialis

434 2075 519 2120 amor
541 2057 607 2118 vult
627 2074 661 2119 ac
677 2064 784 2120 ,tuctu
808 2056 1001 2139 npmpnnm
1018 2057 1085 2120 talis
1104 2058 1254 2118 societatis
1266 2053 1496 2124 constrictionem,

435 2156 582 2218 nimirum
595 2158 819 2236 proportionem
830 2157 928 2236 illam,
944 2173 1012 2234 qum
1026 2157 1104 2218 inter
1115 2173 1257 2236 personas
1270 2155 1394 2217 sociales
1406 2159 1434 2214 et
1446 2169 1498 2230 per

436 2272 525 2318 sonas
543 2255 682 2335 physicas
698 2273 735 2318 ex
750 2256 903 2334 primitiva
925 2252 1008 2318 illius
1027 2256 1175 2318 societatis
1197 2253 1376 2316 formatione
1394 2255 1499 2312 inuris·

436 2356 497 2428 dit;
523 2355 555 2416 2⁶
571 2359 714 2436 proprios
730 2354 868 2434 ejusdem
890 2353 968 2436 lepre
991 2361 1021 2416 et
1037 2353 1164 2436 propriu
1186 2353 1335 2425 instituto,
1359 2369 1424 2430 qua
1441 2353 1499 2410 sunt

437 2453 536 2526 media
554 2455 593 2516 ad
612 2455 728 2518 bonum
740 2454 848 2518 sedule
868 2454 1079 2526 obtinendum:
1098 2455 1130 2516 3·
1143 2452 1293 2516 relictum
1306 2471 1342 2516 oc
1361 2453 1498 2514 florentem

436 2555 643 2618 materialibus
653 2560 684 2615 et
697 2555 864 2617 moralibus
878 2555 966 2618 bonis
980 2555 1023 2616 rei
1040 2554 1168 2634 publica
1179 2561 1287 2616 etatum
1300 2571 1314 2614 .·
1326 2555 1380 2632 qui
1393 2550 1499 2631 quidem
1565 2629 1566 2634 ἵ

438 2656 544 2716 tertius
560 2671 645 2718 amor
657 2654 737 2734 apud
754 2655 891 2717 rndss‘et
909 2654 1038 2716 incultus
1059 2661 1162 2732 gentes
1175 2655 1336 2716 bmharam
1349 2654 1499 2717 alienarum
1565 2639 1566 2674 ³

439 2761 587 2817 terrarum
604 2755 701 2821 ⁴arinis
723 2754 963 2834 occupandorum
982 2753 1175 2833 cupiditatem
1191 2755 1298 2832 gignit.
1324 2756 1368 2815 lle
1384 2753 1437 2814 bne
1456 2747 1501 2808 tri·

436 2855 507 2925 utici
529 2872 631 2919 amore
649 2855 879 2936 cision-politico
886 2857 954 2933 jam
966 2854 1042 2916 libro
1056 2870 1112 2919 vru
1124 2856 1194 2917 satis
1208 2855 1322 2918 dictum
1335 2860 1389 2917 erl.

835 3032 1041 3095 ensiculus
1063 3032 1113 3093 lli.

637 3197 684 3261 De
693 3196 817 3279 politica
829 3198 941 3259 unitate
955 3196 1104 3259 materiali
1114 3195 1324 3260 constituenda.

484 3412 572 3473 1030.
588 3413 657 3473 Pos.
670 3409 753 3472 504¹.
768 3444 810 3457 -
823 3410 865 3472 ld
879 3410 1064 3472 materialem
1079 3412 1223 3473 unitatem
1234 3410 1386 3492 politicam
1400 3410 1503 3473 socicta-

443 3509 483 3569 tie
493 3509 801 3571 constituendamduo
813 3510 962 3571 elementa
975 3510 1184 3588 conjungenda
1193 3516 1283 3572 sunt:
1297 3513 1394 3573 unitas
1406 3506 1503 3591 politici

442 3608 761 3685 organismietunitas
776 3608 927 3669 territorii.
1361 3592 1363 3597 ’

483 3702 660 3770 merismu.
676 3738 714 3752 -
734 3706 939 3789 &pandentem
958 3708 1105 3772 societatis
1125 3709 1314 3788 appellamus
1338 3710 1427 3787 leges,
1448 3704 1502 3783 qui·

441 3806 500 3868 bns
513 3808 684 3884 strepitur,
697 3814 725 3869 et
742 3808 942 3884 auctoritates,
961 3809 1035 3871 alins
1049 3808 1116 3869 aliis
1138 3806 1389 3886 subordinatac,a
1406 3804 1502 3885 quibus

443 3924 479 3967 en
492 3906 687 3984 gubernatur.

484 4010 579 4069 Pron.
591 4041 631 4052 -
644 4008 805 4069 llatorialis
819 4009 920 4069 unitas
937 4008 1057 4089 politica
1071 4008 1217 4070 societatis
1230 4008 1350 4072 duobus
1366 4004 1503 4071 clementis

445 4110 634 4170 continetur:
650 4109 764 4169 unitate
783 4110 946 4185 organiemi
967 4109 1085 4170 socialis
1108 4116 1137 4169 el
1155 4110 1269 4171 unitate
1282 4111 1427 4172 territorii.
1442 4108 1502 4168 Nan

446 4206 479 4266 l⁰
491 4210 557 4270 sine
570 4209 729 4287 multiplici
747 4215 927 4288 potestatum
944 4208 1135 4289 politicarum
1152 4208 1356 4273 subdivisione
1370 4212 1399 4271 in
1418 4208 1503 4288 plures

445 4320 598 4386 personas,
609 4306 794 4388 impossibile
807 4314 862 4379 est.
877 4313 912 4368 ut
925 4308 1054 4388 amplior
1069 4308 1182 4385 qumvis
1200 4310 1324 4371 societas
1341 4325 1427 4371 suum
1438 4318 1504 4367 corn·

446 4422 539 4467 mune
550 4407 666 4469 bonnm
677 4408 820 4482 obtineat,
836 4415 870 4468 nt
880 4412 945 4488 jem
960 4406 1145 4471 ostendimus
1161 4408 1238 4471 libro
1256 4426 1312 4473 vru
1328 4426 1358 4471 n.
1375 4406 1439 4470 etl.
1452 4406 1502 4465 lm·

344 4556 354 4569 .
443 4507 584 4587 possibile
603 4524 736 4587 nemque
754 4514 800 4568 eet
816 4516 851 4569 ut
867 4510 958 4569 unice
973 4526 1100 4587 perenna
1117 4515 1276 4588 cognoscat
1296 4511 1395 4572 omnia
1408 4504 1501 4586 quibus

443 4610 565 4691 singula
578 4612 695 4673 minora
709 4610 852 4673 consortia
867 4611 1013 4693 indigent,
1036 4616 1125 4693 atque
1146 4610 1182 4675 iis
1201 4612 1342 4681 omnihus
1363 4613 1421 4697 ipsa
1435 4619 1501 4671 rinus
