3559 5675
545 766 654 817 susus.
679 786 715 801 -
736 766 822 815 utrm
842 768 1032 819 nuonrcurus.
1254 756 1314 819 509

255 874 410 941 miserrime
419 881 577 954 pereuntes
597 874 687 955 plene
706 874 876 939 deserebett
895 875 945 938 ubi
968 893 1114 957 pauperes
1134 878 1244 941 tributo
1259 896 1313 959 per

255 976 308 1035 rim
320 974 453 1055 imposito
466 973 566 1037 utendi
579 981 663 1047 sunt,
682 974 832 1054 hodieque
846 975 972 1042 oluntur
984 979 991 1038 l
1005 978 1057 1039 ubi
1073 980 1222 1041 maximus
1233 981 1310 1042 viro·

254 1088 357 1135 mmeo
373 1072 556 1136 teminnrum
576 1088 735 1153 uumems,
754 1076 786 1136 in
806 1075 961 1139 altissimis
981 1077 1153 1139 fodinamm
1174 1080 1267 1140 antris
1284 1086 1314 1141 et

252 1174 350 1253 cryptis
369 1189 389 1235 e
407 1174 558 1237 nativitate
576 1175 641 1256 ipss
661 1176 843 1257 consepulti,
861 1192 924 1239 non
950 1176 1051 1239 solum
1072 1180 1237 1258 egerrime,
1253 1180 1312 1242 sed

253 1274 374 1337 terarum
386 1277 511 1339 omuino
522 1277 584 1339 ritu
598 1276 716 1352 visunt,
730 1276 874 1339 omuibus
886 1276 1045 1357 religiose,
1062 1279 1196 1358 morulis,
1216 1278 1313 1343 civilis

252 1374 436 1439 iustitutionis
450 1374 636 1455 adjumentis
646 1374 798 1439 destitutit
813 1376 867 1439 ubi
880 1376 1015 1439 immane
1033 1377 1132 1441 soelus
1143 1378 1265 1442 ebenus
1276 1378 1314 1441 de

251 1472 385 1537 iudmtrn
404 1476 554 1557 prooureti
574 1475 661 1537 nulle
677 1474 766 1556 posue
787 1474 916 1554 dignum
933 1477 1029 1554 jurati
1051 1476 1170 1557 judiees
1194 1476 1314 1557 publius

250 1574 386 1637 nunnus
404 1577 546 1639 oensentt
565 1575 618 1638 ulti
639 1576 782 1656 permulti
804 1582 942 1657 purentm
969 1576 1070 1640 inedie
1088 1577 1236 1656 lentisque
1258 1583 1315 1640 tor·

251 1673 349 1735 mentis
363 1673 493 1740 intentes
508 1688 580 1737 suos
598 1680 735 1755 eneosnt,
752 1679 787 1736 ut
799 1676 926 1755 peeunie
945 1675 983 1738 ed
1002 1693 1108 1738 eorum
1127 1675 1313 1756 sepulturam

249 1770 383 1838 destimtu
399 1775 565 1856 potientur,
578 1791 706 1853 eumque
729 1775 787 1863 sibi
801 1775 981 1839 attribuunt!
1004 1776 1140 1839 llebesue
1161 1775 1313 1854 indnglie
1386 1848 1388 1853 ,

250 1873 405 1937 liuoentios
417 1892 435 1937 e
448 1874 555 1948 Paulo,
568 1876 695 1937 lornnoe
714 1876 887 1939 Frsnoisoos
899 1874 937 1937 de
956 1876 1059 1954 Regis,
1074 1877 1196 1938 Sorores
1210 1893 1228 1937 a
1241 1877 1315 1939 oeri-

247 1977 309 2049 tete‚
330 1975 443 2036 Fratres
464 1991 482 2036 e
504 1973 616 2035 scholis
636 1974 828 2051 christianis,
849 1976 960 2037 Parrus
981 1976 1103 2037 Sorores
1123 1972 1313 2057 pauperum?

248 2072 371 2137 llehsne
383 2074 488 2137 ullum
500 2091 538 2136 ex
548 2073 654 2153 inpiis
664 2075 811 2139 ministris
827 2082 879 2138 rut
897 2076 1054 2158 episeopis,
1066 2076 1120 2155 qui
1128 2074 1193 2139 rire
1202 2074 1315 2137 soeculo

247 2178 356 2255 spero,
370 2174 436 2237 siue
453 2190 557 2253 uxore,
578 2174 641 2237 sols
653 2176 762 2237 uomitu
773 2180 957 2257 paupertate,
976 2192 1030 2254 per
1050 2176 1183 2237 iutinltos
1197 2175 1314 2237 labores

248 2281 273 2334 et
283 2274 423 2355 perieule,
439 2275 540 2355 patrio
552 2274 629 2354 solo,
639 2274 756 2351 domni,
767 2275 882 2353 amieis,
897 2276 1076 2355 propinquis
1089 2276 1122 2335 in
1136 2280 1313 2355 perpetuum

191 2365 195 2377 ’
248 2373 411 2453 reledioms,
433 2373 476 2435 ud
493 2373 636 2437 burburus
649 2381 752 2453 genus
767 2376 849 2437 riam
863 2374 972 2435 solutis
985 2372 1134 2435 doeendus
1154 2373 1317 2454 proticisce-

248 2480 302 2550 tur,
318 2490 371 2555 pro
388 2476 492 2555 iisque
510 2473 585 2536 diris
598 2492 631 2537 se
650 2474 807 2537 tormentis
827 2473 959 2553 objiciet,
975 2473 1067 2533 ritem
1080 2488 1151 2535 oum
1167 2472 1316 2550 sanguine

248 2576 463 2655 promptissimo
479 2575 583 2637 euimo
595 2572 742 2651 effundet,
752 2574 856 2654 quales
867 2574 1020 2636 ministros
1030 2579 1059 2634 et
1070 2574 1222 2655 episeopus
1235 2589 1318 2650 meg·

249 2688 283 2736 no
296 2690 418 2739 numero
441 2673 541 2738 Gellia
563 2679 667 2736 nostre
678 2690 907 2756 quaquaversus
924 2676 1037 2738 mittitt
1048 2677 1084 2737 ln
1102 2674 1158 2737 huo
1173 2679 1204 2734 tu
1220 2672 1318 2736 Gallie

248 2773 354 2837 uuttm
369 2775 490 2858 'reperis
499 2776 662 2849 ueternum
675 2774 841 2852 oeritstem,
856 2791 950 2853 quum
971 2774 1003 2835 in
1015 2774 1123 2852 Anglii
1133 2774 1316 2835 ubernmem

192 2874 193 2877 ’
246 2873 335 2939 tidesl
350 2878 415 2939 llen
426 2881 605 2958 portentum
617 2876 794 2938 temeritatis
807 2882 838 2937 et
846 2872 1060 2954 impudentiori

280 2976 479 3040 lurbuleutos
489 2977 534 3039 eis
552 2993 618 3039 esse
634 2976 748 3055 Gallos,
765 2991 801 3038 eo
814 2974 1003 3036 seditionum
1023 2980 1187 3045 amatores:
1202 2971 1315 3050 Anglos

245 3091 308 3140 reru
325 3078 471 3160 prodiens
498 3075 616 3140 ordinis
640 3081 670 3138 et
688 3076 771 3155 peois
788 3073 1033 3136 studiosissimos.
1060 3076 1138 3136 llum
1163 3089 1234 3137 vero
1258 3087 1314 3132 nos

246 3177 348 3255 priores
364 3179 430 3257 regi
452 3182 556 3238 nostro
572 3181 662 3256 oeput
673 3173 892 3248 tmumvimm,
912 3189 952 3234 en
968 3171 1080 3250 Anglii
1101 3173 1181 3238 Num
1197 3171 1313 3248 regium

247 3277 438 3359 principatum
451 3293 508 3339 nos
521 3277 637 3358 priores
645 3274 839 3351 sustulimus,
849 3273 1100 3352 suinglitllnm
1113 3274 1144 3334 in
1161 3271 1315 3354 demortu-

246 3379 311 3441 tioos
321 3380 442 3442 turores
448 3379 620 3442 rorruimue
631 3393 688 3439 nos
696 3377 824 3457 priores,
833 3393 873 3438 sn
884 3374 997 3454 Angli?
1010 3373 1167 3436 undenam
1178 3387 1313 3452 empore,

246 3479 341 3542 nisiex
352 3480 474 3560 Anglis,
488 3477 616 3559 politius
628 3476 688 3539 illes
696 3475 866 3539 stultissimi
881 3475 974 3539 simul
987 3493 1022 3538 eo
1034 3474 1233 3538 eoelestissimi
1247 3469 1316 3533 lr'de·
1347 3549 1351 3558 ,

246 3575 355 3640 mutui
372 3578 527 3657 doetrius,
546 3577 659 3657 pullus
677 3572 775 3639 Gellia
795 3593 850 3656 per
871 3591 968 3638 runos
980 3576 1131 3652 sexaginte
1145 3571 1315 3655 perturbate

246 3682 306 3740 stt
319 3679 475 3762 Numquid
488 3696 595 3741 eurum
609 3677 910 3740 inseniurumsimile
923 3692 1060 3754 unquam
1074 3676 1106 3736 in
1119 3674 1215 3736 Gallie
1228 3673 1317 3734 exsti·

245 3781 314 3841 torst
325 3787 395 3843 ente
408 3785 543 3842 exortem
562 3778 806 3859 protestentioem
818 3776 971 3850 heresim,
985 3775 1062 3852 quin
1083 3775 1144 3834 imo
1155 3779 1223 3834 unte
1237 3770 1316 3852 poli-

246 3877 313 3940 tioos
322 3897 373 3943 uos
386 3895 505 3943 errores
513 3895 550 3940 ex
562 3878 670 3956 Anglii
680 3878 809 3939 finitima
821 3875 1014 3956 importetost
1027 3875 1102 3948 Quis
1113 3873 1196 3934 enim
1209 3871 1315 3947 nesoit,

246 3991 345 4041 omues
358 3995 412 4042 eos
425 3977 591 4058 Sophistes,
606 3993 684 4057 quos
704 3993 758 4058 per
777 3990 933 4038 summum
954 3971 1156 4035 selemitetem
1169 3969 1317 4050 plurimos

247 4078 390 4155 mutum,
402 4080 544 4159 superins
564 4078 701 4158 protulit,
713 4095 731 4140 n
744 4076 856 4156 quibus
874 4073 1014 4156 persuum
1028 4088 1157 4151 qumque
1175 4069 1318 4132 doutrinsr

247 4185 342 4244 mults
358 4179 620 4262 supernaturalem
641 4179 820 4258 religionem
839 4190 1069 4260 quameunque,
1089 4177 1191 4234 oontru
1203 4171 1317 4248 regium

248 4280 440 4356 molesmum,
450 4285 554 4341 contre
566 4276 718 4359 politioem
729 4277 898 4357 quemlihet
909 4274 1113 4338 aurmriutem
1127 4288 1179 4352 per
1195 4284 1317 4332 omnem

249 4376 371 4440 drtttrm
384 4395 497 4459 sperus
510 4394 545 4440 so
561 4383 729 4458 propegetn
740 4383 825 4454 suut,
836 4372 1053 4456 molemonicor
1074 4387 1191 4446 omues,
1211 4371 1254 4431 tui
1276 4372 1316 4432 si·

248 4474 345 4551 miles,
371 4476 484 4554 luisse,·
503 4483 594 4556 etque
615 4475 655 4538 eb
677 4474 777 4554 englis
798 4474 993 4556 scriptoribus
1008 4489 1072 4534 suu
1094 4469 1232 4548 dogmata
1254 4484 1323 4532 esse

248 4575 416 4662 mumstost
429 4576 604 4639 -rtrverunt
624 4575 729 4653 utique
746 4574 780 4635 in
800 4571 878 4634 huno
898 4578 1018 4651 gentem
1044 4567 1319 4632 christianissimum

248 4672 426 4738 seditionum
445 4677 548 4740 venti:
569 4682 599 4737 st
615 4677 649 4743 in
665 4673 763 4738 Gellia
783 4673 910 4736 minime
932 4673 1062 4754 reperies
1084 4677 1185 4744 enne,
1205 4669 1286 4732 unde
1299 4669 1321 4730 ii

251 4775 326 4836 renti
338 4777 473 4854 primum
484 4778 517 4838 in
530 4793 587 4839 nos
596 4774 761 4838 irruerunt.
1232 4765 1236 4772 ’
