3559 5675
458 662 516 722 398
867 669 946 717 rimis
967 669 1127 716 erroneus

455 806 534 860 epse,
556 780 668 838 bellum
691 778 830 853 gerundo,
848 780 904 837 stol
926 788 952 855 13
969 756 1111 844 aiterum,
1129 780 1158 834 tu
1178 793 1238 853 quo
1260 792 1321 835 una
1341 773 1437 835 saltem
1450 792 1505 855 par·

457 880 534 941 tium
552 877 794 953 belligerantium
816 892 870 955 pro
888 885 990 956 aperta
1010 874 1125 945 ordinis
1145 875 1304 936 violatione
1322 875 1508 955 pratiatur.lit

458 978 572 1040 bellum
592 975 716 1055 quidem
735 976 826 1059 primi
848 977 968 1053 generis
990 982 1035 1035 est
1059 992 1142 1036 mera
1162 975 1306 1053 suijuris
1328 976 1450 1035 defensio
1468 993 1508 1053 pro

456 1086 585 1155 utraque
608 1084 688 1155 parte
717 1076 921 1152 belligerante.
948 1076 985 1136 itt
1011 1075 1127 1134 bellum
1155 1075 1280 1134 alterius
1304 1077 1418 1150 generis
1441 1074 1511 1141 interr

458 1179 556 1239 ideam
575 1194 650 1237 verre
674 1176 859 1255 punitionis,
883 1192 974 1251 quam
997 1175 1127 1255 populus
1151 1191 1204 1253 pro
1224 1178 1294 1253 Jure
1319 1184 1405 1251 atque
1427 1176 1510 1232 ordine

458 1294 598 1358 pugnans
616 1277 701 1337 altari
720 1278 831 1355 populo
849 1275 1039 1352 belligeranti
1055 1275 1176 1351 infligit

499 1380 566 1438 lam
587 1393 653 1437 raro
673 1374 837 1436 admodum
857 1374 921 1435 lieri
939 1392 1026 1455 posse
1046 1374 1176 1451 videtur,
1196 1380 1232 1433 ιιι
1252 1372 1370 1434 bellum
1391 1372 1472 1433 simul
1485 1388 1512 1430 er

461 1484 588 1552 utraque
603 1482 684 1553 parte
698 1476 737 1533 sit
753 1490 855 1552 reapse
869 1474 979 1553 prioris
995 1474 1078 1534 illius
1091 1473 1230 1551 gonories
1251 1474 1325 1550 qnia
1337 1472 1413 1532 bello
1425 1473 1513 1545 injusto

461 1590 525 1636 sese
538 1580 649 1635 certare
663 1573 754 1633 altera
771 1588 839 1653 pare
853 1572 951 1649 boile,
967 1575 1133 1652 prasertim
1148 1576 1214 1652 post
1228 1572 1403 1631 diuturnius
1416 1568 1513 1647 aliquod

465 1682 590 1753 tempus,
608 1687 785 1749 cognoscere
805 1678 952 1751 potestas
973 1672 1069 1733 debet.
1089 1675 1228 1733 Attamen
1247 1672 1399 1748 tingamus
1415 1671 1442 1731 id
1453 1671 1514 1729 ιιιι-
1577 1671 1578 1682 ³

462 1774 544 1846 dare,
558 1779 593 1831 ιιι
611 1771 778 1831 indidemne
798 1772 959 1832 discrimen
981 1773 1176 1851 practicarum
1196 1773 1276 1849 juris
1297 1770 1513 1850 appliortionun,

462 1871 542 1949 quod
562 1868 812 1947 indeproveniet.
834 1869 963 1944 Etenim,
977 1872 1095 1947 quoties
1110 1868 1224 1930 bellurn
1239 1876 1285 1929 est
1298 1870 1440 1946 utrinque
1453 1868 1516 1945 prio

465 1974 507 2031 rie
521 1970 651 2049 generis,
664 1970 808 2045 quoniam
828 1976 903 2029 tuno
919 1970 1034 2029 bellurn
1048 1978 1094 2030 eet
1108 1970 1253 2048 utrinque
1267 1985 1354 2030 mera
1367 1968 1435 2029 boni
1446 1974 1517 2027 mate

465 2071 549 2130 rialie
561 2069 705 2138 defensio,
717 2068 830 2138 viotori,
841 2084 1019 2145 quanquam
1031 2084 1085 2149 pro
1100 2072 1184 2145 justa
1197 2086 1286 2130 causa
1301 2070 1443 2148 predata,
1452 2066 1518 2127 nulla
1577 2111 1578 2116 η

467 2186 535 2251 pare
553 2172 610 2228 erit
633 2168 714 2227 illius
725 2168 805 2243 juris
818 2170 954 2245 ooaotivi,
968 2170 1051 2246 qrrod
1070 2170 1098 2229 ei
1117 2172 1226 2230 crimen
1245 2169 1353 2249 populi
1369 2168 1465 2229 derioti
1476 2168 1518 2226 tri·

468 2272 587 2346 bueret,
611 2266 699 2328 titulo
718 2269 935 2347 superioritatie
952 2286 989 2329 eo
1009 2270 1135 2330 erimine
1155 2271 1285 2330 lundata
1303 2270 1398 2347 (679).
1417 2267 1451 2329 lt
1466 2283 1517 2327 vero

466 2370 545 2449 quod
561 2374 620 2428 toto
635 2366 706 2427 belli
720 2382 860 2445 processu
877 2384 999 2446 perraro
1012 2368 1077 2428 lieri
1093 2386 1179 2447 posse
1195 2370 1327 2453 videtur,
1342 2368 1454 2430 faoiliuo
1464 2382 1519 2427 tane

467 2470 524 2531 sub
538 2470 638 2548 ipsum
652 2466 724 2527 belli
739 2467 858 2527 initium
873 2474 969 2547 potest
982 2467 1125 2530 aooidere.
1235 2485 1239 2493 ·
1577 2467 1578 2476 ’

509 2568 598 2629 troo.
615 2568 682 2626 Poe.
695 2564 778 2626 δῦθι.
795 2600 832 2612 -
847 2567 922 2627 Belli
937 2567 1125 2629 determinati
1137 2569 1257 2647 Justitia
1271 2564 1415 2649 postulat,
1428 2574 1468 2642 ut,
1479 2580 1519 2625 an·

468 2678 588 2743 tequam
609 2664 685 2726 illud
706 2664 867 2742 intuatur,
889 2668 1069 2728 monitiones
1094 2668 1205 2729 lmstra
1223 2675 1399 2747 opportuna
1417 2680 1519 2745 praeeo·

470 2768 573 2829 serint.

509 2873 601 2931 Pron.
625 2899 665 2916 ·-·
686 2867 813 2930 Eridane
838 2877 883 2928 ιιι
907 2870 1009 2946 gravia
1033 2869 1146 2930 daurna
1167 2871 1281 2930 nationi
1311 2870 1391 2932 bello
1411 2867 1520 2948 appetita

464 2985 583 3048 semper
596 2966 708 3041 afferri,
722 2975 752 3028 et
766 2973 848 3028 tanta
868 2968 931 3029 baeo
950 2967 1062 3029 damna
1079 2985 1240 3047 nunquam
1261 2985 1329 3031 ιιιι
1349 2969 1520 3050 cuipiamoe
1577 3014 1578 3017 ,

467 3069 539 3129 tioni
560 3067 727 3141 inleronda,
749 3067 808 3126 ιιιιι
829 3067 917 3145 plene
936 3073 1051 3127 oonetet
1070 3085 1136 3128 eam
1152 3077 1181 3130 et
1199 3069 1331 3146 graviter
1353 3069 1519 3141 altenmpo

467 3171 552 3248 puli
541 3185 613 3246 Jura
626 3167 794 3228 voluntarie
805 3169 943 3246 violasse,
954 3177 984 3228 et
996 3169 1167 3230 obstinate
1159 3187 1190 3229 ιιι
1206 3170 1261 3231 bao
1274 3171 1442 3231 voluntaria
1452 3167 1521 3226 riola
1577 3170 1578 3227 ι

467 3271 546 3328 tione
567 3275 708 3346 perstare.
724 3267 816 3328 Debet
834 3273 914 3328 oerto
931 3275 1064 3330 constare
1086 3275 1114 3328 t·
1126 3271 1199 3346 iura
1212 3271 1306 3331 inissa
1328 3269 1449 3331 violata·
1442 3267 1517 3343 ,quia
1577 3272 1578 3323 i

465 3365 579 3428 bellum
596 3372 641 3426 est
655 3365 854 3426 essentialiter
867 3366 983 3427 ordinis
999 3367 1102 3428 violati
1115 3371 1287 3448 reparatio:
1308 3374 1340 3429 2·
1361 3369 1478 3446 graviter
1495 3381 1519 3423 ea

467 3466 574 3527 violata
587 3465 700 3540 luisse;
717 3467 790 3542 quia
805 3483 859 3544 pro
879 3466 935 3526 levi
952 3467 1063 3527 damno
1080 3484 1236 3546 nunquam
1251 3473 1354 3547 gravis
1367 3485 1450 3548 prena
1461 3463 1521 3524 indi·

465 3565 562 3644 ganda
574 3571 619 3625 eet
631 3583 638 3624 ι
651 3565 682 3625 3⁰
692 3565 838 3644 populum
850 3567 904 3644 qui
918 3567 1042 3629 alteriue
1056 3569 1186 3630 nationis
1194 3573 1266 3648 jura
1277 3570 1398 3647 leserit,
1407 3570 1438 3628 in
1448 3581 1518 3645 pmu
1577 3594 1578 3633 ι

465 3684 521 3727 sua
534 3663 683 3726 voluntate
697 3664 845 3726 obstinata
857 3667 1032 3744 persistere5
1048 3668 1120 3744 quia
1140 3675 1211 3730 tuno
1230 3671 1331 3738 solum
1352 3668 1429 3730 bello
1446 3663 1520 3745 quari

465 3771 560 3845 potest
578 3764 692 3823 ordinis
706 3764 866 3841 reparatio,
881 3781 979 3842 quum
992 3763 1079 3825 nulla
1093 3765 1220 3828 obtineri
1234 3769 1293 3828 alia
1310 3770 1420 3828 ratione
1436 3767 1519 3844 potest.

466 3863 584 3926 Bellum
599 3879 729 3940 namquo
744 3881 796 3944 per
807 3881 839 3924 ea
854 3879 1046 3942 naquaquam
1065 3873 1111 3926 est
1131 3867 1265 3927 medium
1285 3876 1389 3950 aptum
1405 3866 1440 3941 ad
1456 3865 1521 3938 injo-

467 3965 527 4026 rias
553 3972 687 4044 acceptas
715 3979 785 4023 oum
810 3971 909 4023 exacta
932 3967 1122 4046 proportione
1140 3969 1377 4048 eompensandas
1404 3980 1478 4046 :per
1495 3975 1518 4017 st

466 4065 577 4145 quippe
590 4063 700 4124 damna
710 4063 807 4122 multo
821 4065 935 4140 majora
944 4063 1033 4122 infert
1046 4067 1161 4126 nationi
1172 4067 1300 4142 laedenti,
1311 4079 1472 4149 quamque
1483 4075 1520 4120 11³-

466 4167 508 4228 tio
523 4167 594 4226 laesa
608 4165 761 4246 acceperit.
776 4161 961 4242 impossibile
974 4164 1122 4224 nimirum
1137 4173 1182 4225 est
1197 4166 1358 4226 violentam
1374 4168 1436 4242 eius
1449 4159 1518 4242 poni·

467 4267 581 4326 tionem
595 4265 674 4324 intra
687 4269 781 4326 oertos
793 4263 941 4341 quosdam
955 4262 1065 4324 limites
1078 4266 1231 4328 continere
1235 4281 1247 4344 ;
1262 4272 1293 4328 et
1306 4266 1434 4355 plurima
1447 4273 1519 4345 perse

468 4367 584 4430 bellum
597 4363 696 4441 habet,
712 4379 780 4440 qua
795 4383 812 4424 a
826 4379 897 4424 oaeu
915 4369 944 4426 et
957 4365 1077 4426 lortuna
1090 4368 1214 4427 omnino
1231 4355 1371 4449 pendent.
1386 4369 1457 4442 Ergo
1468 4357 1518 4422 oel-

467 4467 534 4528 lum
550 4473 594 4526 ιιι
607 4463 742 4524 modium
761 4481 814 4544 per
833 4481 863 4524 ιι
879 4466 1014 4545 ineptum
1035 4467 1072 4527 ad
1092 4475 1225 4530 exactam
1246 4470 1363 4548 iniuria
1376 4474 1404 4528 et
1419 4477 1516 4544 reparo·

467 4571 558 4633 tionis
572 4567 794 4650 proportionem
808 4569 1010 4634 obtinendam.
1027 4573 1104 4650 Ergo
1123 4588 1185 4634 non
1202 4572 1270 4634 licet
1288 4571 1345 4634 hoo
1362 4566 1454 4632 medio
1474 4560 1515 4634 ufir

468 4671 524 4736 nisi
545 4686 640 4748 quum
657 4671 759 4732 omnia
780 4685 903 4750 prorsus
928 4672 986 4732 alia
1008 4671 1106 4734 media
1131 4671 1250 4734 ιιιιιιιιι.
1271 4673 1358 4750 Ergo,
1379 4669 1405 4730 ιι
1422 4659 1515 4748 patifitt
