3559 5675
430 787 490 854 230
837 786 1097 850 runrs‘rstrunsers

428 913 522 989 justa.
544 911 616 970 Nem
632 907 798 969 absurdum
820 915 865 966 ost
880 916 910 967 et
920 925 940 968 a
952 907 1071 984 legibus
1080 909 1205 984 justitia
1217 923 1342 984 prorsus
1360 903 1493 975 alienum,

433 1011 512 1071 utin
528 1007 628 1070 sociali
644 1013 739 1088 pacto,
754 1022 814 1084 utro
826 1006 1107 1086 principatusalicni
1120 1008 1300 1067 commissus
1313 1012 1370 1076 est,
1381 1011 1496 1082 potestas

433 1109 478 1170 illi
496 1105 698 1168 irrevocabilis
711 1101 819 1165 tradita
839 1107 889 1179 sit,
912 1107 1000 1166 etiam
1022 1121 1076 1186 pro
1095 1121 1167 1166 casu
1186 1121 1248 1182 quo
1263 1104 1315 1165 iile
1334 1104 1496 1164 secuntus

433 1225 488 1271 sua
499 1208 536 1269 ad
549 1207 694 1288 populum
707 1205 874 1266 venandum
886 1205 1153 1285 etopprltncndum
1169 1205 1359 1265 abuteretur:
1372 1201 1498 1280 impossi-

434 1307 494 1370 bile
504 1309 614 1388 quippe
629 1313 673 1368 est
684 1311 717 1366 ut
731 1323 797 1368 earn
810 1309 983 1385 potestatem
994 1307 1212 1367 committentes
1225 1306 1377 1366 soliterius
1389 1318 1450 1364 sese
1461 1301 1500 1361 nl·

434 1409 539 1468 uottli
551 1414 633 1487 pacto
644 1405 806 1482 subjicers3
817 1405 930 1484 quodsi
943 1406 1118 1475 colarissent
1126 1403 1223 1482 legem
1234 1403 1405 1466 naturalem
1416 1404 1445 1462 in
1454 1416 1500 1462 sna

433 1523 525 1570 causa
535 1509 655 1588 propria
669 1505 840 1568 violassent.
851 1507 965 1580 Quare,
975 1505 1092 1566 etiarnsi
1106 1503 1164 1566 hoc
1176 1501 1253 1584 pecti
1266 1509 1379 1574 essent,
1394 1517 1500 1579 sempe

433 1614 555 1686 possent
567 1607 626 1668 tale
645 1607 830 1684 mandatum,
852 1612 955 1686 utpote
974 1605 1032 1683 legi
1052 1605 1184 1668 naturali
1203 1605 1403 1677 medanum,
1417 1609 1501 1662 'rern-

433 1725 511 1770 care.

475 1809 510 1867 ll.
522 1807 697 1882 sententie,
713 1821 782 1885 qua
795 1821 813 1864 a
826 1805 927 1866 divina
941 1805 1127 1868 ordinatione
1146 1805 1352 1866 inviolabilem
1373 1802 1503 1882 principis

436 1911 609 1984 iuuentem
629 1907 747 1996 ιιιιοιιιξ
760 1905 816 1966 boc
830 1906 977 1986 precipue
993 1907 1109 1967 obstat:
1126 1905 1229 1967 lliniua
1247 1901 1399 1966 ordinatio
1412 1909 1506 1963 aucto·

436 2007 553 2066 ritatem
563 2007 701 2067 socialem
716 2006 1164 2083 utiqsreconstittri13stcertam
1175 2020 1347 2083 personam.
1360 2003 1505 2081 plebano

436 2107 640 2166 auctoritatem
663 2111 790 2182 gereret.
815 2121 1008 2184 omnaquam
1031 2104 1377 2181 designaritlamvcro,
1398 2100 1506 2163 nonde

435 2205 607 2266 anctoritate
629 2206 705 2284 ipsa,
722 2203 772 2266 sed
793 2204 894 2266 solum
908 2206 945 2265 do
972 2221 1110 2285 persona,
1124 2221 1192 2284 quae
1214 2204 1425 2266 auctoritatem
1445 2217 1505 2281 pce

437 2303 524 2378 sidet,
539 2309 599 2366 tota
611 2311 656 2365 cst
667 2303 849 2384 disceptatio.

477 2404 528 2468 lli.
544 2403 741 2480 Sententiam,
756 2419 824 2482 qua
843 2405 994 2482 politicam
1013 2405 1258 2482 omnipotentiam
1275 2403 1390 2483 populo
1401 2401 1507 2472 tribuit,

437 2503 579 2563 refellunt
595 2518 631 2564 ea
642 2521 708 2581 que
721 2511 824 2565 contra
834 2511 955 2582 pactum
968 2501 1090 2578 sociale,
1106 2505 1246 2582 superius
1263 2520 1294 2563 n.
1310 2503 1385 2580 459,
1400 2521 1419 2566 a
1432 2503 1508 2563 nobis

438 2599 526 2660 allata
541 2607 623 2661 sinn.
644 2603 681 2662 st
698 2601 802 2662 eadem
823 2608 966 2680 preterea
986 2619 1054 2662 cium
1075 2601 1257 2663 immutabili
1271 2603 1400 2678 justitie
1414 2597 1509 2666 ordine

439 2700 591 2760 coriciliarl
607 2701 691 2762 nullo
709 2699 796 2761 rrrodo
808 2707 913 2779 potest.
929 2701 983 2761 liic
1002 2715 1133 2778 namque
1146 2701 1219 2762 erdo
1232 2698 1366 2781 postulet
1387 2708 1423 2761 ut
1436 2700 1509 2779 prin·

438 2814 506 2877 ceps
520 2803 548 2860 et
560 2799 700 2879 populus,
716 2807 858 2877 tanquam
870 2817 956 2879 pares
966 2799 1158 2879 intinitatem
1172 2799 1314 2877 veniant3
1330 2807 1367 2862 ut
1389 2813 1507 2862 suorum
1588 2847 1589 2866 ι

440 2900 587 2959 bonorum
607 2900 717 2979 cuiqtre
735 2902 882 2979 possessio
900 2906 1101 2975 conservetur,
1122 2901 1218 2961 donec
1237 2898 1315 2961 alter
1333 2918 1353 2961 s
1374 2917 1430 2961 suo
1448 2902 1510 2976 lure

440 2996 582 3059 excidisse
607 3000 748 3078 probatus
760 3002 799 3059 sit
807 3022 815 3075 3
832 3004 866 3058 ut
884 3014 984 3060 coram
1005 3001 1090 3061 tertia
1111 3012 1249 3078 persona,
1269 3014 1339 3075 qtrte
1360 3000 1392 3060 in
1416 2998 1511 3061 eadem

440 3114 527 3159 causa
543 3114 602 3159 non
616 3100 655 3160 sit
669 3112 735 3177 pars
749 3099 878 3175 litigans.
892 3113 942 3159 res
957 3108 1079 3175 agatur3
1099 3105 1133 3158 ιιι
1148 3106 1240 3160 testes
1253 3116 1271 3159 a
1284 3109 1371 3177 perte
1385 3098 1512 3175 litigante

441 3200 548 3259 diuersi
572 3197 775 3275 adducantur3
799 3204 829 3257 et
851 3200 911 3258 alia
932 3198 1120 3273 huiuamodi.
1143 3211 1212 3276 que
1236 3200 1268 3259 in
1292 3199 1347 3259 illa
1372 3199 1514 3261 senentis

441 3296 528 3357 nullo
539 3304 623 3376 pacto
634 3298 745 3357 serrari
758 3304 894 3374 possunt.
910 3298 1009 3370 Quare
1022 3302 1105 3356 muta
1119 3296 1202 3357 illius
1213 3298 1372 3358 sententiae
1386 3296 1514 3358 absurdi·

442 3405 487 3459 tas
500 3402 557 3468 est,
566 3402 601 3455 ut
610 3396 757 3457 doctiorm
771 3398 883 3473 utrique
898 3414 915 3457 e
929 3396 1115 3459 Liberalibus
1125 3396 1161 3457 ad
1175 3400 1357 3459 senentiam
1368 3400 1512 3459 mitiorem

441 3494 641 3569 confugerint,
661 3510 729 3572 que
738 3496 810 3555 solis
820 3494 1064 3574 productoribus
1075 3497 1233 3557 civibusst
1246 3498 1275 3556 io
1286 3500 1410 3559 casibus
1422 3499 1513 3559 εοιιιιιι

441 3594 658 3669 damnatis,
684 3600 712 3654 et
731 3608 800 3657 cunt
823 3598 910 3657 certis
932 3596 1122 3657 cautionibus
1141 3596 1293 3673 judicium
1315 3598 1354 3659 de
1377 3599 1515 3677 pnncipis

444 3693 600 3769 tyrannide
612 3695 781 3757 committit.

482 3793 970 3874 diuuladrersushsncipsanrsie
980 3796 1512 3873 mitigatambiberaliumdocirieam

444 3892 540 3953 multa
552 3900 697 3972 pugnant
716 3896 745 3955 ιι
755 3892 908 3957 iudicium
921 3894 998 3954 illud
1009 3894 1083 3955 solis
1098 3896 1341 3973 prudentioribus
1361 3896 1513 3957 commin

444 4000 503 4053 tur.
518 3996 554 4056 st
564 4012 625 4071 quo
636 3995 816 4073 petulantior
827 3996 898 4071 quis
909 3994 1011 4071 luerit,
1024 4011 1100 4055 eose
1111 3994 1335 4074 prudentiorem
1351 3999 1514 4057 existimt:

443 4098 473 4153 et
496 4092 528 4153 iu
553 4110 584 4153 re
609 4094 800 4173 potissimum
827 4092 947 4173 politica
966 4092 1140 4153 audaciores
1162 4096 1277 4171 quique
1299 4098 1516 4173 perturbaturus

444 4198 516 4253 suut
529 4193 551 4253 n
561 4194 616 4269 qui
628 4192 767 4253 omnium
778 4194 883 4271 optimi
894 4193 938 4253 rei
947 4192 1075 4270 publice
1088 4192 1287 4258 moderatores
1297 4194 1355 4255 sibi
1367 4196 1515 4255 nideunrr.

445 4286 537 4366 igitur
550 4298 578 4352 et
592 4293 678 4353 nulla
692 4292 766 4353 ratio
779 4299 825 4353 est
838 4292 1048 4370 prudentiores
1062 4292 1132 4353 illos
1150 4292 1387 4372 detemninaudi,
1403 4302 1433 4357 et
1442 4292 1517 4371 judi·

443 4390 524 4449 cium
557 4390 632 4449 illud
670 4390 956 4469 impnnlsntioribns
987 4392 1161 4469 quibusnam
1194 4396 1397 4472 permittento.
1430 4398 1515 4455 Nemo

444 4488 555 4566 quiippe
572 4492 625 4565 tus
645 4490 733 4551 babet
753 4505 817 4551 sese
840 4492 955 4551 ceteris
974 4490 1197 4569 pnrdentiorem
1215 4492 1398 4571 lordicandl;
1418 4500 1448 4554 et
1466 4491 1515 4569 qui

445 4602 549 4746 rcahpse
572 4588 730 4666 prudentia
741 4588 926 4669 precellunt,
940 4606 958 4651 a
972 4586 1101 4668 politicis
1111 4592 1366 4655 commotionibus
1388 4594 1515 4653 maxime

445 4686 483 4745 ab
505 4694 614 4748 errent.

486 4789 518 4845 nt
531 4790 562 4847 ln
573 4804 608 4849 ca
621 4790 768 4851 minuetis
784 4791 836 4867 jus
849 4789 908 4852 boc
921 4789 1152 4871 prudentiorum
1166 4808 1185 4851 a
1198 4792 1311 4875 populo
1334 4798 1433 4857 totum
1448 4802 1513 4869 pcc
