3559 5675
468 715 529 779 tet
876 735 955 782 runis
975 736 1133 782 seruulus

467 840 643 918 spiritualis,
663 857 698 902 ao
721 848 874 920 propterea
896 843 1103 920 spiritualibus
1117 850 1234 925 tantum
1256 844 1352 922 pmuis
1371 845 1414 903 uti
1434 843 1513 904 debet.

468 941 557 1014 Nam,
570 945 604 999 ut
626 943 692 1017 iem
720 941 792 1004 alibi
818 957 880 1004 nnn
894 943 988 1004 semel
1014 942 1294 1018 animadvertimus,
1310 944 1440 1006 beelesie
1462 944 1516 1004 linis

466 1041 590 1118 quidem
602 1049 647 1102 est
658 1059 741 1104 mere
754 1042 923 1123 spiritualis
941 1063 948 1102 :
962 1049 993 1104 at
1005 1043 1143 1106 homiues
1154 1045 1267 1122 quihus
1279 1044 1408 1108 Eeelesia
1419 1061 1517 1124 campo

467 1141 562 1214 nitur,
576 1143 691 1220 quique
702 1142 742 1204 ab
755 1143 887 1204 doelesia
906 1149 979 1204 sunt
992 1143 1154 1222 dirigendi,
1178 1143 1354 1220 castigandi,
1374 1145 1517 1216 coemendi,

468 1257 660 1319 nequaquam
675 1248 837 1304 suntmere
851 1242 1037 1320 spirituales,
1053 1243 1077 1304 si
1088 1245 1205 1322 superis
1220 1243 1327 1322 planet,
1338 1243 1390 1304 sed
1402 1261 1520 1323 corporee

468 1341 560 1415 mole,
573 1357 671 1418 eaque
683 1358 745 1403 non
758 1359 825 1402 raro
836 1343 942 1420 pingui
955 1347 986 1404 et
999 1358 1110 1420 erasse,
1125 1348 1197 1406 sunt
1210 1345 1424 1414 donominati,
1438 1361 1491 1422 qua
1500 1345 1519 1403 si

470 1447 571 1519 turpes
589 1442 629 1502 -hi
641 1442 782 1521 sophista
800 1448 946 1520 carerem,
963 1443 996 1504 in
1015 1460 1047 1504 re
1068 1445 1152 1504 omni
1163 1445 1271 1507 morali
1282 1450 1313 1505 et
1330 1443 1464 1522 religiosa
1475 1459 1521 1504 non

467 1557 564 1619 nsque
577 1541 652 1604 eden
665 1544 842 1604 insanirent.

507 1643 639 1704 Coeum.
657 1647 687 1704 2.
700 1675 742 1688 -
751 1643 782 1704 Si
792 1644 862 1720 quis
872 1642 1073 1720 ideonegaret
1082 1649 1236 1706 externam
1250 1644 1419 1708 ullamvim
1430 1647 1522 1708 meoli·

466 1759 536 1803 sam
548 1744 734 1806 materialem
746 1761 813 1805 esse
826 1743 965 1805 Eeeleeiee
983 1745 1193 1816 nemesariem,
1209 1744 1284 1823 quia
1297 1745 1399 1807 uirilis
1409 1749 1469 1823 jam
1480 1745 1523 1804 ad·

466 1848 513 1904 est
525 1842 559 1904 in
580 1847 663 1906 omni
678 1845 832 1908 eoeietates
843 1849 985 1924 potestas,
999 1846 1089 1922 ouius
1101 1850 1146 1906 est
1163 1851 1322 1907 externum
1334 1845 1523 1908 omnemurdi·

468 1959 538 2005 nem
550 1945 639 2013 tueri,
664 1943 726 2004 due
749 1944 814 2005 haee
836 1959 1017 2022 reponemus
1042 1965 1050 2004 ι
1074 1947 1102 2006 l.
1128 1944 1261 2006 Emlosia
1285 1951 1333 2006 eei
1353 1947 1426 2023 jure
1444 1943 1524 2006 duino

466 2041 673 2123 independens.
690 2046 767 2119 Ergo
792 2043 856 2104 rim
870 2045 961 2106 edam
973 2045 1136 2106 usualium
1159 2044 1350 2106 materialem
1373 2045 1523 2120 hahetjure

468 2143 572 2203 divino
582 2140 836 2219 'independenten
852 2143 945 2221 Atqui
967 2143 1048 2204 siah
1066 2149 1189 2206 externa
1207 2149 1355 2224 potestate
1372 2143 1523 2206 dehetham

466 2244 529 2302 vim
542 2243 599 2302 sibi
613 2243 812 2304 neeessariam
829 2244 975 2318 mutuari,
988 2259 1088 2321 neque
1099 2242 1189 2305 hebet
1209 2245 1271 2306 vim
1293 2245 1446 2322 ejusmodi
1456 2244 1524 2306 iude·

468 2342 660 2422 pendentem,
674 2359 773 2420 neque
782 2347 827 2404 eet
838 2344 904 2422 ipsa
913 2343 1110 2422 qunadsuam
1122 2345 1313 2406 existentiam
1323 2345 1522 2424 independeus;

467 2444 539 2520 qnia
550 2445 582 2503 iu
595 2444 650 2503 illa
669 2443 826 2523 hypothesi
837 2459 900 2505 nou
916 2443 1006 2506 habet
1023 2445 1102 2506 inse
1114 2445 1180 2524 ,ipsa
1193 2446 1254 2506 sim
1266 2462 1396 2508 omnem
1409 2463 1523 2510 nenena·

468 2544 544 2603 riam
558 2542 596 2604 nd
618 2561 684 2604 sese
698 2544 930 2604 nousermndam
941 2560 975 2606 ae
988 2544 1210 2625 perfiniendam.
1227 2548 1308 2624 Ergo
1322 2549 1382 2608 erit
1394 2547 1480 2608 simul
1490 2547 1523 2606 in·

467 2643 638 2722 dependens
662 2659 697 2704 ae
718 2644 903 2724 dependens.
925 2675 965 2690 -
992 2647 1030 2706 ll.
1049 2645 1170 2706 Falsum
1192 2651 1248 2720 eet,
1272 2646 1374 2708 eivilis
1397 2647 1525 2728 potestm's

464 2744 622 2822 proprium
635 2759 701 2804 esse
712 2759 826 2805 munus
838 2741 976 2806 ordinem
995 2748 1152 2806 externum
1174 2745 1264 2806 tueri.
1287 2748 1400 2808 Omnis
1414 2762 1524 2824 namque

468 2846 745 2918 hammensium,
760 2847 968 2923 cujuscunque
981 2844 1104 2909 demum
1116 2846 1236 2923 generis
1248 2864 1285 2909 ea
1301 2850 1353 2921 sit,
1373 2848 1525 2911 debetordi·

468 2962 538 3008 nem
552 2961 674 3024 quoque
692 2944 879 3007 materiatam
891 2946 967 3005 inse
979 2946 1043 3024 ipsa
1056 2946 1144 3007 tueri.
1163 2946 1318 3023 Religinsa
1332 2965 1406 3027 ergo
1424 2950 1524 3012 soniehs

467 3052 499 3107 et
517 3047 581 3127 ipsa
601 3044 702 3106 ordini
716 3044 869 3107 matsneli
884 3044 963 3105 inter
982 3060 1051 3105 suos
1071 3046 1274 3109 nonsermndn
1300 3050 1452 3128 prospicit.
1467 3046 1525 3107 liu

469 3145 582 3206 seilioet
602 3144 719 3206 diuerso
732 3144 888 3205 laenitates
902 3144 1026 3207 diverse
1049 3144 1274 3219 discernuntur,
1290 3165 1355 3211 non
1365 3146 1524 3230 mdjeetidi

467 3249 623 3309 versitate:
641 3248 721 3307 idem
734 3248 873 3309 animost
885 3246 1068 3327 subjeetum,
1086 3250 1118 3309 in
1132 3250 1215 3327 quod
1227 3249 1366 3313 Ecclesia
1374 3252 1524 3313 ethnan

467 3348 557 3409 metes
571 3347 1021 3427 operenmnnempehomines.
1181 3349 1186 3359 '

511 3447 599 3508 talo.
616 3451 684 3509 eos.
700 3450 784 3509 065⁸.
799 3480 837 3494 -
851 3446 995 3511 Absolute
1011 3448 1175 3527 loquendo,
1191 3448 1288 3512 habet*
1301 3451 1438 3513 -Eeelesie
1452 3448 1525 3511 dhus·

470 3546 550 3608 tiana
559 3548 611 3623 Jus
625 3548 829 3626 independens
840 3564 937 3628 poenn
951 3548 1086 3628 capillatis
1097 3548 1262 3627 aliquando
1284 3552 1352 3611 suis
1366 3548 1487 3611 subditis
1497 3544 1525 3607 ob

469 3647 646 3723 grauissima
664 3646 769 3708 delicte
782 3648 972 3725 indigenda;
994 3656 1025 3709 at
1041 3655 1200 3711 mansueta
1217 3647 1300 3711 illius
1316 3649 1433 3712 indoles
1443 3654 1524 3727 posu·

467 3750 510 3809 lat
523 3756 557 3809 nt
570 3750 608 3809 ab
629 3749 686 3810 hoe
696 3752 766 3825 jure
780 3749 944 3811 exercendo
959 3752 1116 3831 abstineat,
1135 3753 1222 3815 siurti
1244 3768 1369 3833 semper
1381 3768 1476 3832 reapse
1487 3747 1524 3807 ab

468 3850 584 3911 stinuit,
1253 3858 1260 3871 ·

509 3954 601 4012 Paos.
617 3954 646 4011 l·
659 3966 744 4013 rans.
764 3981 799 3995 -·
813 3955 941 4013 Possum
954 3954 986 4013 in
1009 3954 1150 4031 religiosa
1166 3956 1318 4031 societate,
1337 3954 1434 4015 multo
1448 3950 1523 4027 mens

467 4068 559 4128 quam
573 4052 604 4111 in
620 4052 713 4128 civili,
723 4052 834 4114 seelera
842 4052 978 4131 quedem
988 4056 1134 4117 committi
1144 4062 1207 4115 tam
1217 4056 1376 4135 immunia,
1388 4054 1522 4133 uteapite·

468 4150 862 4230 lisipsapoenaviualissit
873 4160 939 4215 tum
951 4155 987 4215 nd
998 4154 1135 4217 ordinem
1145 4155 1294 4217 violatum
1306 4155 1519 4223 resareinndum

467 4258 533 4311 tum
547 4250 584 4312 ad
601 4252 735 4314 subditus
752 4270 857 4315 omnes
869 4272 887 4314 a
901 4255 994 4319 surrili
1009 4254 1115 4317 delicto
1134 4254 1293 4318 efficaniter
1315 4253 1505 4318 absterrendos
1511 4264 1518 4325 ;

466 4352 636 4427 eujusmodi
655 4360 728 4414 sunt
743 4355 898 4432 sacrilegia
913 4361 1046 4432 externe,
1059 4354 1196 4417 eonsulto
1217 4372 1252 4417 ae
1265 4356 1376 4417 directe
1396 4356 1427 4417 in
1443 4370 1519 4415 men·

468 4456 604 4511 mentum
619 4451 728 4514 divina
747 4454 940 4515 Eucharislim
960 4456 1137 4533 eommisse,
1158 4455 1206 4517 vel
1220 4463 1342 4518 externa
1361 4462 1391 4517 et
1409 4455 1519 4534 perdux
1558 4450 1560 4452 ’

467 4546 672 4612 hereticorum
690 4570 826 4613 erronem
841 4554 876 4614 ad
900 4552 988 4615 fidem
1004 4556 1036 4615 in
1051 4553 1119 4615 aliis
1131 4554 1383 4635 corrumpendam
1395 4566 1518 4635 propaga·

467 4648 519 4709 tio.
536 4651 713 4727 tinguebat
729 4652 758 4711 in
776 4653 852 4713 leina
865 4654 1002 4715 societate
1012 4655 1051 4716 nb
1065 4656 1179 4717 similes
1193 4674 1297 4718 causas
1313 4657 1407 4736 potest
1420 4657 1481 4732 jure
1491 4663 1516 4709 ec

466 4742 553 4807 debet
568 4764 653 4825 poena
675 4749 809 4829 capitatis
833 4750 979 4831 adhiberi,
996 4754 1049 4826 sin,
1068 4760 1097 4815 et
1117 4753 1274 4835 asertiori
1294 4756 1332 4817 nb
1352 4768 1446 4816 rerum
1463 4762 1516 4828 qud
