<?xml version="1.0" encoding="UTF-8"?>
<!DOCTYPE html PUBLIC "-//W3C//DTD XHTML 1.0 Transitional//EN"
    "http://www.w3.org/TR/xhtml1/DTD/xhtml1-transitional.dtd">
<html xmlns="http://www.w3.org/1999/xhtml" xml:lang="en" lang="en">
 <head>
  <title>
</title>
<meta http-equiv="Content-Type" content="text/html;charset=utf-8" />
  <meta name='ocr-system' content='tesseract 3.04.00' />
  <meta name='ocr-capabilities' content='ocr_page ocr_carea ocr_par ocr_line ocrx_word'/>
</head>
<body>
  <div class='ocr_page' id='page_1' title='image "./jurisnaturalisu00bensgoog_0619.png"; bbox 0 0 3559 5675; ppageno 0'>
   <div class='ocr_carea' id='block_1_1' title="bbox 549 735 1315 797">
    <p class='ocr_par' dir='ltr' id='par_1_1' title="bbox 549 735 1315 797">
     <span class='ocr_line' id='line_1_1' title="bbox 549 735 1315 797; baseline 0 -1"><span class='ocrx_word' id='word_1_1' title='bbox 549 745 659 797; x_wconf 77' lang='lat' dir='ltr'>suuni.</span> <span class='ocrx_word' id='word_1_2' title='bbox 682 769 721 782; x_wconf 90' lang='lat'><em>-</em></span> <span class='ocrx_word' id='word_1_3' title='bbox 743 748 827 795; x_wconf 82' lang='lat' dir='ltr'>aneu</span> <span class='ocrx_word' id='word_1_4' title='bbox 849 748 1036 796; x_wconf 83' lang='lat' dir='ltr'>uuoueciuus.</span> <span class='ocrx_word' id='word_1_5' title='bbox 1250 735 1315 796; x_wconf 80' lang='lat' dir='ltr'>cit</span> 
     </span>
    </p>
   </div>
   <div class='ocr_carea' id='block_1_2' title="bbox 239 853 1336 2911">
    <p class='ocr_par' dir='ltr' id='par_1_2' title="bbox 239 853 1334 2510">
     <span class='ocr_line' id='line_1_2' title="bbox 239 853 1322 936; baseline 0 -20"><span class='ocrx_word' id='word_1_6' title='bbox 239 855 373 916; x_wconf 78' lang='lat' dir='ltr'>vidimus</span> <span class='ocrx_word' id='word_1_7' title='bbox 389 853 500 931; x_wconf 79' lang='lat'>(1260,</span> <span class='ocrx_word' id='word_1_8' title='bbox 516 859 603 934; x_wconf 73' lang='lat' dir='ltr'>lectt)</span> <span class='ocrx_word' id='word_1_9' title='bbox 612 875 622 933; x_wconf 89' lang='lat'>;</span> <span class='ocrx_word' id='word_1_10' title='bbox 637 858 739 917; x_wconf 88' lang='lat' dir='ltr'>eadem</span> <span class='ocrx_word' id='word_1_11' title='bbox 754 866 799 916; x_wconf 86' lang='lat' dir='ltr'>est</span> <span class='ocrx_word' id='word_1_12' title='bbox 815 857 1002 936; x_wconf 80' lang='lat' dir='ltr'>oblipetcrio,</span> <span class='ocrx_word' id='word_1_13' title='bbox 1016 857 1056 916; x_wconf 85' lang='lat' dir='ltr'>ita</span> <span class='ocrx_word' id='word_1_14' title='bbox 1065 865 1100 917; x_wconf 94' lang='lat' dir='ltr'>ut</span> <span class='ocrx_word' id='word_1_15' title='bbox 1113 857 1218 917; x_wconf 90' lang='lat' dir='ltr'>nullus</span> <span class='ocrx_word' id='word_1_16' title='bbox 1232 855 1322 917; x_wconf 86' lang='lat' dir='ltr'>homo</span> 
     </span>
     <span class='ocr_line' id='line_1_3' title="bbox 244 956 1318 1034; baseline 0.001 -19"><span class='ocrx_word' id='word_1_17' title='bbox 244 957 336 1034; x_wconf 89' lang='lat' dir='ltr'>possit</span> <span class='ocrx_word' id='word_1_18' title='bbox 348 956 492 1016; x_wconf 86' lang='lat' dir='ltr'>ultimum</span> <span class='ocrx_word' id='word_1_19' title='bbox 506 975 596 1016; x_wconf 84' lang='lat' dir='ltr'>suum</span> <span class='ocrx_word' id='word_1_20' title='bbox 610 957 703 1015; x_wconf 90' lang='lat' dir='ltr'>linem</span> <span class='ocrx_word' id='word_1_21' title='bbox 727 958 858 1034; x_wconf 77' lang='lat' dir='ltr'>assequi,</span> <span class='ocrx_word' id='word_1_22' title='bbox 882 957 942 1015; x_wconf 79' lang='lat' dir='ltr'>nisi</span> <span class='ocrx_word' id='word_1_23' title='bbox 968 956 1041 1015; x_wconf 89' lang='lat' dir='ltr'>huic</span> <span class='ocrx_word' id='word_1_24' title='bbox 1062 956 1173 1014; x_wconf 78' lang='lat' dir='ltr'>divine</span> <span class='ocrx_word' id='word_1_25' title='bbox 1186 958 1318 1016; x_wconf 70' lang='lat' dir='ltr'>societati</span> 
     </span>
     <span class='ocr_line' id='line_1_4' title="bbox 243 1056 1322 1134; baseline -0.001 -19"><span class='ocrx_word' id='word_1_26' title='bbox 243 1056 369 1118; x_wconf 87' lang='lat' dir='ltr'>lideliter</span> <span class='ocrx_word' id='word_1_27' title='bbox 382 1064 609 1134; x_wconf 86' lang='lat' dir='ltr'>constanterque</span> <span class='ocrx_word' id='word_1_28' title='bbox 631 1057 779 1116; x_wconf 79' lang='lat' dir='ltr'>adhereat</span> <span class='ocrx_word' id='word_1_29' title='bbox 794 1059 918 1133; x_wconf 67' lang='lat'>(1277),</span> <span class='ocrx_word' id='word_1_30' title='bbox 943 1073 978 1116; x_wconf 86' lang='lat' dir='ltr'>ea</span> <span class='ocrx_word' id='word_1_31' title='bbox 992 1057 1118 1115; x_wconf 86' lang='lat' dir='ltr'>demum</span> <span class='ocrx_word' id='word_1_32' title='bbox 1140 1063 1183 1114; x_wconf 88' lang='lat' dir='ltr'>est</span> <span class='ocrx_word' id='word_1_33' title='bbox 1199 1071 1322 1133; x_wconf 82' lang='lat' dir='ltr'>prorsus</span> 
     </span>
     <span class='ocr_line' id='line_1_5' title="bbox 246 1153 1323 1236; baseline -0.002 -20"><span class='ocrx_word' id='word_1_34' title='bbox 246 1153 441 1236; x_wconf 67' lang='lat' dir='ltr'>independens</span> <span class='ocrx_word' id='word_1_35' title='bbox 462 1157 495 1217; x_wconf 89' lang='lat' dir='ltr'>in</span> <span class='ocrx_word' id='word_1_36' title='bbox 519 1157 557 1216; x_wconf 89' lang='lat' dir='ltr'>iis</span> <span class='ocrx_word' id='word_1_37' title='bbox 571 1156 714 1216; x_wconf 89' lang='lat' dir='ltr'>omnibus</span> <span class='ocrx_word' id='word_1_38' title='bbox 736 1171 804 1232; x_wconf 81' lang='lat' dir='ltr'>quin</span> <span class='ocrx_word' id='word_1_39' title='bbox 823 1157 862 1216; x_wconf 86' lang='lat' dir='ltr'>ed</span> <span class='ocrx_word' id='word_1_40' title='bbox 876 1160 945 1235; x_wconf 85' lang='lat' dir='ltr'>ejus</span> <span class='ocrx_word' id='word_1_41' title='bbox 958 1157 1115 1236; x_wconf 88' lang='lat' dir='ltr'>proprium</span> <span class='ocrx_word' id='word_1_42' title='bbox 1129 1156 1222 1215; x_wconf 87' lang='lat' dir='ltr'>linem</span> <span class='ocrx_word' id='word_1_43' title='bbox 1236 1163 1266 1214; x_wconf 89' lang='lat' dir='ltr'>et</span> <span class='ocrx_word' id='word_1_44' title='bbox 1286 1155 1323 1214; x_wconf 89' lang='lat' dir='ltr'>ad</span> 
     </span>
     <span class='ocr_line' id='line_1_6' title="bbox 246 1253 1326 1336; baseline 0.001 -23"><span class='ocrx_word' id='word_1_45' title='bbox 246 1255 416 1315; x_wconf 89' lang='lat' dir='ltr'>mediorum</span> <span class='ocrx_word' id='word_1_46' title='bbox 428 1253 475 1315; x_wconf 91' lang='lat' dir='ltr'>illi</span> <span class='ocrx_word' id='word_1_47' title='bbox 485 1255 675 1333; x_wconf 87' lang='lat' dir='ltr'>propriorum</span> <span class='ocrx_word' id='word_1_48' title='bbox 695 1271 787 1314; x_wconf 89' lang='lat' dir='ltr'>usum</span> <span class='ocrx_word' id='word_1_49' title='bbox 800 1256 951 1334; x_wconf 80' lang='lat' dir='ltr'>pertinent</span> <span class='ocrx_word' id='word_1_50' title='bbox 964 1253 1077 1336; x_wconf 66' lang='lat'>(1276).</span> <span class='ocrx_word' id='word_1_51' title='bbox 1096 1257 1173 1332; x_wconf 77' lang='lat' dir='ltr'>Ergo</span> <span class='ocrx_word' id='word_1_52' title='bbox 1189 1253 1326 1314; x_wconf 79' lang='lat' dir='ltr'>Ecclesiae</span> 
     </span>
     <span class='ocr_line' id='line_1_7' title="bbox 248 1353 1327 1433; baseline -0.005 -17"><span class='ocrx_word' id='word_1_53' title='bbox 248 1353 1327 1433; x_wconf 78' lang='lat' dir='ltr'>Christianecompetuntomuiajura,quaesocietasquaelibetecmpletu,</span> 
     </span>
     <span class='ocr_line' id='line_1_8' title="bbox 249 1443 1330 1539; baseline -0.002 -25"><span class='ocrx_word' id='word_1_54' title='bbox 249 1443 612 1539; x_wconf 24' lang='lat' dir='ltr'>lepitnmn,lindepeadena,</span> <span class='ocrx_word' id='word_1_55' title='bbox 621 1460 718 1533; x_wconf 88' lang='lat' dir='ltr'>potest</span> <span class='ocrx_word' id='word_1_56' title='bbox 723 1456 811 1531; x_wconf 79' lang='lat' dir='ltr'>juxta</span> <span class='ocrx_word' id='word_1_57' title='bbox 819 1454 984 1530; x_wconf 84' lang='lat' dir='ltr'>legitimam</span> <span class='ocrx_word' id='word_1_58' title='bbox 992 1470 1077 1514; x_wconf 88' lang='lat' dir='ltr'>suam</span> <span class='ocrx_word' id='word_1_59' title='bbox 1086 1453 1330 1514; x_wconf 83' lang='lat' dir='ltr'>constitutionem</span> 
     </span>
     <span class='ocr_line' id='line_1_9' title="bbox 247 1551 1331 1632; baseline -0.005 -20"><span class='ocrx_word' id='word_1_60' title='bbox 247 1552 409 1630; x_wconf 88' lang='lat' dir='ltr'>possidere.</span> <span class='ocrx_word' id='word_1_61' title='bbox 420 1553 488 1612; x_wconf 87' lang='lat' dir='ltr'>lam</span> <span class='ocrx_word' id='word_1_62' title='bbox 499 1569 570 1612; x_wconf 81' lang='lat' dir='ltr'>sero</span> <span class='ocrx_word' id='word_1_63' title='bbox 580 1554 709 1632; x_wconf 78' lang='lat' dir='ltr'>politicae</span> <span class='ocrx_word' id='word_1_64' title='bbox 721 1553 846 1614; x_wconf 76' lang='lat' dir='ltr'>cuilibet</span> <span class='ocrx_word' id='word_1_65' title='bbox 854 1554 987 1614; x_wconf 81' lang='lat' dir='ltr'>societati</span> <span class='ocrx_word' id='word_1_66' title='bbox 995 1551 1212 1631; x_wconf 89' lang='lat' dir='ltr'>independenti</span> <span class='ocrx_word' id='word_1_67' title='bbox 1225 1553 1331 1612; x_wconf 86' lang='lat' dir='ltr'>insunt</span> 
     </span>
     <span class='ocr_line' id='line_1_10' title="bbox 248 1649 1332 1732; baseline -0.003 -20"><span class='ocrx_word' id='word_1_68' title='bbox 248 1651 448 1712; x_wconf 63' lang='lat' dir='ltr'>essentialiter</span> <span class='ocrx_word' id='word_1_69' title='bbox 458 1659 589 1730; x_wconf 88' lang='lat' dir='ltr'>quatuor</span> <span class='ocrx_word' id='word_1_70' title='bbox 613 1651 674 1713; x_wconf 78' lang='lat' dir='ltr'>ille</span> <span class='ocrx_word' id='word_1_71' title='bbox 687 1659 847 1730; x_wconf 86' lang='lat' dir='ltr'>potestates</span> <span class='ocrx_word' id='word_1_72' title='bbox 856 1649 1017 1732; x_wconf 75' lang='lat' dir='ltr'>supreme,</span> <span class='ocrx_word' id='word_1_73' title='bbox 1037 1668 1113 1730; x_wconf 86' lang='lat' dir='ltr'>quas</span> <span class='ocrx_word' id='word_1_74' title='bbox 1127 1650 1206 1711; x_wconf 88' lang='lat' dir='ltr'>libro</span> <span class='ocrx_word' id='word_1_75' title='bbox 1218 1651 1244 1710; x_wconf 84' lang='lat' dir='ltr'>x</span> <span class='ocrx_word' id='word_1_76' title='bbox 1257 1665 1332 1710; x_wconf 89' lang='lat' dir='ltr'>cou-</span> 
     </span>
     <span class='ocr_line' id='line_1_11' title="bbox 251 1749 1334 1831; baseline -0.002 -21"><span class='ocrx_word' id='word_1_77' title='bbox 251 1749 465 1829; x_wconf 83' lang='lat' dir='ltr'>sideranimus,</span> <span class='ocrx_word' id='word_1_78' title='bbox 482 1750 670 1823; x_wconf 70' lang='lat' dir='ltr'>eminuere.</span> <span class='ocrx_word' id='word_1_79' title='bbox 689 1751 898 1827; x_wconf 70' lang='lat' dir='ltr'>deliberativa,</span> <span class='ocrx_word' id='word_1_80' title='bbox 913 1750 1082 1831; x_wconf 76' lang='lat' dir='ltr'>tept&#39;aletiou</span> <span class='ocrx_word' id='word_1_81' title='bbox 1096 1759 1125 1812; x_wconf 89' lang='lat' dir='ltr'>et</span> <span class='ocrx_word' id='word_1_82' title='bbox 1141 1749 1334 1826; x_wconf 55' lang='lat' dir='ltr'>carnutium</span> 
     </span>
     <span class='ocr_line' id='line_1_12' title="bbox 249 1851 1330 1930; baseline -0.001 -21"><span class='ocrx_word' id='word_1_83' title='bbox 249 1866 314 1927; x_wconf 82' lang='lat' dir='ltr'>que</span> <span class='ocrx_word' id='word_1_84' title='bbox 339 1857 504 1928; x_wconf 89' lang='lat' dir='ltr'>postrema,</span> <span class='ocrx_word' id='word_1_85' title='bbox 529 1857 564 1910; x_wconf 90' lang='lat' dir='ltr'>ut</span> <span class='ocrx_word' id='word_1_86' title='bbox 594 1851 709 1912; x_wconf 79' lang='lat' dir='ltr'>ibidem</span> <span class='ocrx_word' id='word_1_87' title='bbox 729 1852 901 1923; x_wconf 85' lang='lat' dir='ltr'>docuimus,</span> <span class='ocrx_word' id='word_1_88' title='bbox 923 1858 1053 1929; x_wconf 85' lang='lat' dir='ltr'>quatuor</span> <span class='ocrx_word' id='word_1_89' title='bbox 1066 1858 1165 1930; x_wconf 89' lang='lat' dir='ltr'>partes</span> <span class='ocrx_word' id='word_1_90' title='bbox 1185 1851 1330 1924; x_wconf 88' lang='lat' dir='ltr'>continet,</span> 
     </span>
     <span class='ocr_line' id='line_1_13' title="bbox 248 1947 1333 2031; baseline 0 -21"><span class='ocrx_word' id='word_1_91' title='bbox 248 1948 499 2030; x_wconf 66' lang='lat' dir='ltr'>pedemontanam,</span> <span class='ocrx_word' id='word_1_92' title='bbox 524 1949 831 2026; x_wconf 78' lang='lat' dir='ltr'>ndniiuistrctt‘onem,</span> <span class='ocrx_word' id='word_1_93' title='bbox 850 1949 968 2031; x_wconf 79' lang='lat' dir='ltr'>judicio</span> <span class='ocrx_word' id='word_1_94' title='bbox 982 1957 1012 2010; x_wconf 92' lang='lat' dir='ltr'>et</span> <span class='ocrx_word' id='word_1_95' title='bbox 1029 1951 1089 2011; x_wconf 87' lang='lat' dir='ltr'>vim</span> <span class='ocrx_word' id='word_1_96' title='bbox 1105 1947 1266 2030; x_wconf 79' lang='lat' dir='ltr'>publicum.</span> <span class='ocrx_word' id='word_1_97' title='bbox 1280 1951 1333 2010; x_wconf 80' lang='lat' dir='ltr'>lle</span> 
     </span>
     <span class='ocr_line' id='line_1_14' title="bbox 250 2049 1332 2128; baseline 0 -20"><span class='ocrx_word' id='word_1_98' title='bbox 250 2051 343 2126; x_wconf 81' lang='lat' dir='ltr'>igitur</span> <span class='ocrx_word' id='word_1_99' title='bbox 356 2055 525 2128; x_wconf 86' lang='lat' dir='ltr'>potestates,</span> <span class='ocrx_word' id='word_1_100' title='bbox 540 2049 685 2126; x_wconf 89' lang='lat' dir='ltr'>quoniam</span> <span class='ocrx_word' id='word_1_101' title='bbox 710 2049 842 2110; x_wconf 90' lang='lat' dir='ltr'>dubitari</span> <span class='ocrx_word' id='word_1_102' title='bbox 856 2050 963 2128; x_wconf 89' lang='lat' dir='ltr'>nequit</span> <span class='ocrx_word' id='word_1_103' title='bbox 975 2050 1014 2112; x_wconf 87' lang='lat' dir='ltr'>ab</span> <span class='ocrx_word' id='word_1_104' title='bbox 1027 2049 1152 2112; x_wconf 88' lang='lat' dir='ltr'>homine</span> <span class='ocrx_word' id='word_1_105' title='bbox 1167 2065 1241 2110; x_wconf 87' lang='lat' dir='ltr'>seno</span> <span class='ocrx_word' id='word_1_106' title='bbox 1255 2049 1332 2126; x_wconf 86' lang='lat' dir='ltr'>quin</span> 
     </span>
     <span class='ocr_line' id='line_1_15' title="bbox 249 2146 1332 2231; baseline -0.003 -21"><span class='ocrx_word' id='word_1_107' title='bbox 249 2149 425 2210; x_wconf 74' lang='lat' dir='ltr'>christiane</span> <span class='ocrx_word' id='word_1_108' title='bbox 449 2149 592 2231; x_wconf 76' lang='lat' dir='ltr'>societati</span> <span class='ocrx_word' id='word_1_109' title='bbox 607 2154 788 2226; x_wconf 82' lang='lat' dir='ltr'>competant,</span> <span class='ocrx_word' id='word_1_110' title='bbox 803 2164 865 2226; x_wconf 83' lang='lat' dir='ltr'>qua</span> <span class='ocrx_word' id='word_1_111' title='bbox 889 2149 1008 2209; x_wconf 82' lang='lat' dir='ltr'>ratione</span> <span class='ocrx_word' id='word_1_112' title='bbox 1031 2148 1160 2224; x_wconf 79' lang='lat' dir='ltr'>singule</span> <span class='ocrx_word' id='word_1_113' title='bbox 1175 2149 1208 2207; x_wconf 92' lang='lat' dir='ltr'>in</span> <span class='ocrx_word' id='word_1_114' title='bbox 1227 2146 1332 2208; x_wconf 85' lang='lat' dir='ltr'>eadem</span> 
     </span>
     <span class='ocr_line' id='line_1_16' title="bbox 249 2245 1333 2328; baseline -0.004 -20"><span class='ocrx_word' id='word_1_115' title='bbox 249 2251 359 2324; x_wconf 80' lang='lat' dir='ltr'>insint,</span> <span class='ocrx_word' id='word_1_116' title='bbox 388 2248 516 2310; x_wconf 86' lang='lat' dir='ltr'>breviter</span> <span class='ocrx_word' id='word_1_117' title='bbox 540 2249 675 2326; x_wconf 89' lang='lat' dir='ltr'>primum</span> <span class='ocrx_word' id='word_1_118' title='bbox 697 2247 912 2328; x_wconf 72' lang='lat' dir='ltr'>expediemus3</span> <span class='ocrx_word' id='word_1_119' title='bbox 935 2257 1000 2306; x_wconf 90' lang='lat' dir='ltr'>tum</span> <span class='ocrx_word' id='word_1_120' title='bbox 1020 2245 1058 2307; x_wconf 90' lang='lat' dir='ltr'>de</span> <span class='ocrx_word' id='word_1_121' title='bbox 1071 2253 1215 2325; x_wconf 80' lang='lat' dir='ltr'>potestate</span> <span class='ocrx_word' id='word_1_122' title='bbox 1236 2246 1333 2306; x_wconf 87' lang='lat' dir='ltr'>admi·</span> 
     </span>
     <span class='ocr_line' id='line_1_17' title="bbox 249 2343 1334 2426; baseline -0.006 -16"><span class='ocrx_word' id='word_1_123' title='bbox 249 2350 408 2410; x_wconf 79' lang='lat' dir='ltr'>uisuetiva</span> <span class='ocrx_word' id='word_1_124' title='bbox 422 2353 453 2408; x_wconf 89' lang='lat' dir='ltr'>et</span> <span class='ocrx_word' id='word_1_125' title='bbox 475 2347 511 2408; x_wconf 88' lang='lat' dir='ltr'>de</span> <span class='ocrx_word' id='word_1_126' title='bbox 530 2348 558 2409; x_wconf 84' lang='lat' dir='ltr'>vi</span> <span class='ocrx_word' id='word_1_127' title='bbox 582 2347 703 2426; x_wconf 87' lang='lat' dir='ltr'>publica</span> <span class='ocrx_word' id='word_1_128' title='bbox 727 2346 819 2426; x_wconf 85' lang='lat' dir='ltr'>paulo</span> <span class='ocrx_word' id='word_1_129' title='bbox 840 2346 937 2406; x_wconf 84' lang='lat' dir='ltr'>lusior</span> <span class='ocrx_word' id='word_1_130' title='bbox 954 2345 1120 2423; x_wconf 85' lang='lat' dir='ltr'>disputatio</span> <span class='ocrx_word' id='word_1_131' title='bbox 1144 2343 1334 2405; x_wconf 78' lang='lat' dir='ltr'>instituenda</span> 
     </span>
     <span class='ocr_line' id='line_1_18' title="bbox 249 2457 304 2510; baseline -0.073 0"><span class='ocrx_word' id='word_1_132' title='bbox 249 2457 304 2510; x_wconf 77' lang='lat' dir='ltr'>esi.</span> 
     </span>
    </p>

    <p class='ocr_par' dir='ltr' id='par_1_3' title="bbox 244 2544 1336 2911">
     <span class='ocr_line' id='line_1_19' title="bbox 291 2544 1335 2625; baseline -0.005 -16"><span class='ocrx_word' id='word_1_133' title='bbox 291 2551 382 2610; x_wconf 81' lang='lat'><strong>1327.</strong></span> <span class='ocrx_word' id='word_1_134' title='bbox 398 2551 464 2610; x_wconf 87' lang='lat' dir='ltr'>Pos.</span> <span class='ocrx_word' id='word_1_135' title='bbox 478 2549 561 2611; x_wconf 72' lang='lat'><strong>655⁸.</strong></span> <span class='ocrx_word' id='word_1_136' title='bbox 574 2581 616 2594; x_wconf 99' lang='lat'>-</span> <span class='ocrx_word' id='word_1_137' title='bbox 626 2550 747 2611; x_wconf 85' lang='lat' dir='ltr'>lurium</span> <span class='ocrx_word' id='word_1_138' title='bbox 757 2547 895 2610; x_wconf 70' lang='lat' dir='ltr'>eulesi-</span> <span class='ocrx_word' id='word_1_139' title='bbox 909 2545 1102 2625; x_wconf 87' lang='lat' dir='ltr'>politiccrum</span> <span class='ocrx_word' id='word_1_140' title='bbox 1113 2544 1335 2625; x_wconf 84' lang='lat' dir='ltr'>plenitudinem</span> 
     </span>
     <span class='ocr_line' id='line_1_20' title="bbox 251 2644 1336 2726; baseline -0.005 -18"><span class='ocrx_word' id='word_1_141' title='bbox 251 2649 341 2708; x_wconf 89' lang='lat' dir='ltr'>babet</span> <span class='ocrx_word' id='word_1_142' title='bbox 350 2647 435 2708; x_wconf 87' lang='lat' dir='ltr'>solus</span> <span class='ocrx_word' id='word_1_143' title='bbox 447 2649 582 2708; x_wconf 80' lang='lat' dir='ltr'>Pontifex</span> <span class='ocrx_word' id='word_1_144' title='bbox 596 2651 764 2722; x_wconf 80' lang='lat' dir='ltr'>Romanus,</span> <span class='ocrx_word' id='word_1_145' title='bbox 778 2648 833 2725; x_wconf 90' lang='lat' dir='ltr'>qui</span> <span class='ocrx_word' id='word_1_146' title='bbox 845 2662 882 2706; x_wconf 83' lang='lat' dir='ltr'>ea</span> <span class='ocrx_word' id='word_1_147' title='bbox 897 2663 950 2726; x_wconf 91' lang='lat' dir='ltr'>pro</span> <span class='ocrx_word' id='word_1_148' title='bbox 965 2647 1088 2708; x_wconf 90' lang='lat' dir='ltr'>arbitrio</span> <span class='ocrx_word' id='word_1_149' title='bbox 1100 2662 1157 2706; x_wconf 88' lang='lat' dir='ltr'>suo</span> <span class='ocrx_word' id='word_1_150' title='bbox 1179 2644 1336 2717; x_wconf 59' lang='lat' dir='ltr'>distribuis</span> 
     </span>
     <span class='ocr_line' id='line_1_21' title="bbox 244 2743 1335 2827; baseline -0.005 -19"><span class='ocrx_word' id='word_1_151' title='bbox 244 2747 430 2825; x_wconf 77' lang='lat' dir='ltr'>Juredivino</span> <span class='ocrx_word' id='word_1_152' title='bbox 441 2747 634 2808; x_wconf 90' lang='lat' dir='ltr'>inlerioribus</span> <span class='ocrx_word' id='word_1_153' title='bbox 647 2748 839 2827; x_wconf 77' lang='lat' dir='ltr'>presulibus,</span> <span class='ocrx_word' id='word_1_154' title='bbox 858 2747 940 2808; x_wconf 87' lang='lat' dir='ltr'>salva</span> <span class='ocrx_word' id='word_1_155' title='bbox 966 2753 1068 2807; x_wconf 84' lang='lat' dir='ltr'>temen</span> <span class='ocrx_word' id='word_1_156' title='bbox 1086 2747 1118 2806; x_wconf 88' lang='lat' dir='ltr'>ia</span> <span class='ocrx_word' id='word_1_157' title='bbox 1133 2744 1276 2807; x_wconf 85' lang='lat' dir='ltr'>omnibns</span> <span class='ocrx_word' id='word_1_158' title='bbox 1290 2743 1335 2803; x_wconf 89' lang='lat' dir='ltr'>di·</span> 
     </span>
     <span class='ocr_line' id='line_1_22' title="bbox 246 2848 535 2911; baseline -0.007 0"><span class='ocrx_word' id='word_1_159' title='bbox 246 2854 322 2911; x_wconf 86' lang='lat' dir='ltr'>uina</span> <span class='ocrx_word' id='word_1_160' title='bbox 336 2848 535 2909; x_wconf 86' lang='lat' dir='ltr'>ordinatione.</span> 
     </span>
    </p>
   </div>
   <div class='ocr_carea' id='block_1_3' title="bbox 246 2944 1337 3209">
    <p class='ocr_par' dir='ltr' id='par_1_4' title="bbox 246 2944 1337 3209">
     <span class='ocr_line' id='line_1_23' title="bbox 291 2944 1337 3028; baseline -0.004 -17"><span class='ocrx_word' id='word_1_161' title='bbox 291 2952 419 3011; x_wconf 80' lang='lat' dir='ltr'>exrnc.</span> <span class='ocrx_word' id='word_1_162' title='bbox 432 2951 521 3009; x_wconf 91' lang='lat' dir='ltr'>-lu</span> <span class='ocrx_word' id='word_1_163' title='bbox 540 2949 733 3011; x_wconf 87' lang='lat' dir='ltr'>monarchico</span> <span class='ocrx_word' id='word_1_164' title='bbox 750 2950 796 3010; x_wconf 91' lang='lat' dir='ltr'>rei</span> <span class='ocrx_word' id='word_1_165' title='bbox 808 2948 937 3027; x_wconf 79' lang='lat' dir='ltr'>publiea</span> <span class='ocrx_word' id='word_1_166' title='bbox 953 2956 1033 3009; x_wconf 89' lang='lat' dir='ltr'>statu</span> <span class='ocrx_word' id='word_1_167' title='bbox 1047 2947 1272 3028; x_wconf 89' lang='lat' dir='ltr'>plenitudinem</span> <span class='ocrx_word' id='word_1_168' title='bbox 1282 2944 1337 3027; x_wconf 84' lang='lat' dir='ltr'>ju-</span> 
     </span>
     <span class='ocr_line' id='line_1_24' title="bbox 246 3048 1336 3127; baseline -0.005 -17"><span class='ocrx_word' id='word_1_169' title='bbox 246 3054 336 3110; x_wconf 89' lang='lat' dir='ltr'>rium</span> <span class='ocrx_word' id='word_1_170' title='bbox 357 3050 495 3109; x_wconf 90' lang='lat' dir='ltr'>cmnium</span> <span class='ocrx_word' id='word_1_171' title='bbox 511 3050 702 3127; x_wconf 84' lang='lat' dir='ltr'>politicorum</span> <span class='ocrx_word' id='word_1_172' title='bbox 720 3050 811 3110; x_wconf 88' lang='lat' dir='ltr'>babet</span> <span class='ocrx_word' id='word_1_173' title='bbox 832 3050 917 3109; x_wconf 83' lang='lat' dir='ltr'>eolus</span> <span class='ocrx_word' id='word_1_174' title='bbox 934 3048 1110 3109; x_wconf 85' lang='lat' dir='ltr'>monarcha.</span> <span class='ocrx_word' id='word_1_175' title='bbox 1133 3048 1336 3125; x_wconf 84' lang='lat' dir='ltr'>Principatum</span> 
     </span>
     <span class='ocr_line' id='line_1_25' title="bbox 247 3148 1336 3209; baseline -0.002 0"><span class='ocrx_word' id='word_1_176' title='bbox 247 3157 358 3209; x_wconf 89' lang='lat' dir='ltr'>autern</span> <span class='ocrx_word' id='word_1_177' title='bbox 369 3149 403 3206; x_wconf 89' lang='lat' dir='ltr'>in</span> <span class='ocrx_word' id='word_1_178' title='bbox 421 3148 552 3209; x_wconf 72' lang='lat' dir='ltr'>llnlesis</span> <span class='ocrx_word' id='word_1_179' title='bbox 567 3149 793 3209; x_wconf 83' lang='lat' dir='ltr'>monarchicum</span> <span class='ocrx_word' id='word_1_180' title='bbox 811 3149 906 3208; x_wconf 88' lang='lat' dir='ltr'>luisse</span> <span class='ocrx_word' id='word_1_181' title='bbox 918 3166 936 3209; x_wconf 88' lang='lat' dir='ltr'>a</span> <span class='ocrx_word' id='word_1_182' title='bbox 950 3148 1068 3208; x_wconf 82' lang='lat' dir='ltr'>Cbristc</span> <span class='ocrx_word' id='word_1_183' title='bbox 1084 3148 1212 3207; x_wconf 84' lang='lat' dir='ltr'>llomiuo</span> <span class='ocrx_word' id='word_1_184' title='bbox 1230 3148 1263 3206; x_wconf 89' lang='lat' dir='ltr'>iu</span> <span class='ocrx_word' id='word_1_185' title='bbox 1276 3148 1336 3207; x_wconf 84' lang='lat' dir='ltr'>llo-</span> 
     </span>
    </p>
   </div>
   <div class='ocr_carea' id='block_1_4' title="bbox 223 3246 1339 4831">
    <p class='ocr_par' dir='ltr' id='par_1_5' title="bbox 247 3246 1338 4111">
     <span class='ocr_line' id='line_1_26' title="bbox 247 3246 1335 3329; baseline 0 -19"><span class='ocrx_word' id='word_1_186' title='bbox 247 3248 493 3310; x_wconf 87' lang='lat' dir='ltr'>mauiPontilicis</span> <span class='ocrx_word' id='word_1_187' title='bbox 503 3265 629 3328; x_wconf 86' lang='lat' dir='ltr'>persona</span> <span class='ocrx_word' id='word_1_188' title='bbox 636 3251 932 3326; x_wconf 77' lang='lat' dir='ltr'>consututumsupra</span> <span class='ocrx_word' id='word_1_189' title='bbox 941 3247 1213 3311; x_wconf 82' lang='lat' dir='ltr'>demonstravimus</span> <span class='ocrx_word' id='word_1_190' title='bbox 1223 3246 1335 3329; x_wconf 66' lang='lat' dir='ltr'>illibi).</span> 
     </span>
     <span class='ocr_line' id='line_1_27' title="bbox 250 3348 1336 3428; baseline 0 -21"><span class='ocrx_word' id='word_1_191' title='bbox 250 3348 310 3409; x_wconf 88' lang='lat' dir='ltr'>ille</span> <span class='ocrx_word' id='word_1_192' title='bbox 335 3348 427 3424; x_wconf 73' lang='lat' dir='ltr'>igitur</span> <span class='ocrx_word' id='word_1_193' title='bbox 445 3364 525 3409; x_wconf 90' lang='lat' dir='ltr'>unus</span> <span class='ocrx_word' id='word_1_194' title='bbox 543 3350 632 3428; x_wconf 87' lang='lat' dir='ltr'>plene</span> <span class='ocrx_word' id='word_1_195' title='bbox 650 3364 684 3410; x_wconf 85' lang='lat' dir='ltr'>ac</span> <span class='ocrx_word' id='word_1_196' title='bbox 701 3350 828 3428; x_wconf 79' lang='lat' dir='ltr'>pellente</span> <span class='ocrx_word' id='word_1_197' title='bbox 846 3348 912 3409; x_wconf 78' lang='lat' dir='ltr'>baec</span> <span class='ocrx_word' id='word_1_198' title='bbox 927 3349 1000 3425; x_wconf 86' lang='lat' dir='ltr'>jura</span> <span class='ocrx_word' id='word_1_199' title='bbox 1018 3350 1122 3408; x_wconf 87' lang='lat' dir='ltr'>omnia</span> <span class='ocrx_word' id='word_1_200' title='bbox 1140 3348 1280 3427; x_wconf 85' lang='lat' dir='ltr'>possidet.</span> <span class='ocrx_word' id='word_1_201' title='bbox 1298 3352 1336 3408; x_wconf 76' lang='lat' dir='ltr'>at</span> 
     </span>
     <span class='ocr_line' id='line_1_28' title="bbox 250 3447 1338 3527; baseline 0.003 -21"><span class='ocrx_word' id='word_1_202' title='bbox 250 3465 327 3509; x_wconf 83' lang='lat' dir='ltr'>veru</span> <span class='ocrx_word' id='word_1_203' title='bbox 344 3449 560 3526; x_wconf 81' lang='lat' dir='ltr'>Episcoporum</span> <span class='ocrx_word' id='word_1_204' title='bbox 580 3448 754 3509; x_wconf 88' lang='lat' dir='ltr'>dentarcbia</span> <span class='ocrx_word' id='word_1_205' title='bbox 771 3449 831 3508; x_wconf 89' lang='lat' dir='ltr'>luit</span> <span class='ocrx_word' id='word_1_206' title='bbox 844 3464 862 3507; x_wconf 88' lang='lat' dir='ltr'>a</span> <span class='ocrx_word' id='word_1_207' title='bbox 876 3447 995 3509; x_wconf 84' lang='lat' dir='ltr'>Christo</span> <span class='ocrx_word' id='word_1_208' title='bbox 1011 3450 1138 3509; x_wconf 88' lang='lat' dir='ltr'>llomino</span> <span class='ocrx_word' id='word_1_209' title='bbox 1153 3454 1218 3527; x_wconf 90' lang='lat' dir='ltr'>ipso</span> <span class='ocrx_word' id='word_1_210' title='bbox 1232 3450 1338 3509; x_wconf 90' lang='lat' dir='ltr'>imme-</span> 
     </span>
     <span class='ocr_line' id='line_1_29' title="bbox 250 3547 1338 3624; baseline 0.004 -19"><span class='ocrx_word' id='word_1_211' title='bbox 250 3547 339 3606; x_wconf 84' lang='lat' dir='ltr'>diate</span> <span class='ocrx_word' id='word_1_212' title='bbox 356 3548 414 3606; x_wconf 89' lang='lat' dir='ltr'>sub</span> <span class='ocrx_word' id='word_1_213' title='bbox 434 3550 569 3606; x_wconf 84' lang='lat' dir='ltr'>itomauo</span> <span class='ocrx_word' id='word_1_214' title='bbox 590 3547 748 3607; x_wconf 74' lang='lat' dir='ltr'>l&#39;rutarcba</span> <span class='ocrx_word' id='word_1_215' title='bbox 768 3549 917 3609; x_wconf 88' lang='lat' dir='ltr'>instituta.</span> <span class='ocrx_word' id='word_1_216' title='bbox 939 3548 1068 3607; x_wconf 82' lang='lat' dir='ltr'>Tenetur</span> <span class='ocrx_word' id='word_1_217' title='bbox 1089 3565 1161 3624; x_wconf 78' lang='lat' dir='ltr'>ergo</span> <span class='ocrx_word' id='word_1_218' title='bbox 1183 3550 1338 3609; x_wconf 88' lang='lat' dir='ltr'>itomanus</span> 
     </span>
     <span class='ocr_line' id='line_1_30' title="bbox 250 3643 1336 3726; baseline 0.002 -19"><span class='ocrx_word' id='word_1_219' title='bbox 250 3647 394 3707; x_wconf 81' lang='lat' dir='ltr'>l‘ontilex</span> <span class='ocrx_word' id='word_1_220' title='bbox 413 3643 475 3708; x_wconf 73' lang='lat' dir='ltr'>haec</span> <span class='ocrx_word' id='word_1_221' title='bbox 495 3651 568 3725; x_wconf 85' lang='lat' dir='ltr'>jura</span> <span class='ocrx_word' id='word_1_222' title='bbox 589 3649 877 3709; x_wconf 76' lang='lat' dir='ltr'>cumiuteriortuus</span> <span class='ocrx_word' id='word_1_223' title='bbox 898 3648 1078 3726; x_wconf 73' lang='lat' dir='ltr'>presulibus</span> <span class='ocrx_word' id='word_1_224' title='bbox 1101 3650 1336 3709; x_wconf 84' lang='lat' dir='ltr'>communicare.</span> 
     </span>
     <span class='ocr_line' id='line_1_31' title="bbox 251 3746 1337 3824; baseline -0.003 -17"><span class='ocrx_word' id='word_1_225' title='bbox 251 3752 398 3807; x_wconf 75' lang='lat' dir='ltr'>Attamen</span> <span class='ocrx_word' id='word_1_226' title='bbox 412 3747 445 3807; x_wconf 91' lang='lat' dir='ltr'>iu</span> <span class='ocrx_word' id='word_1_227' title='bbox 461 3748 499 3806; x_wconf 92' lang='lat' dir='ltr'>iis</span> <span class='ocrx_word' id='word_1_228' title='bbox 517 3748 660 3808; x_wconf 87' lang='lat' dir='ltr'>omnibus</span> <span class='ocrx_word' id='word_1_229' title='bbox 672 3764 740 3824; x_wconf 79' lang='lat' dir='ltr'>que</span> <span class='ocrx_word' id='word_1_230' title='bbox 754 3748 842 3806; x_wconf 92' lang='lat' dir='ltr'>nullo</span> <span class='ocrx_word' id='word_1_231' title='bbox 863 3753 935 3807; x_wconf 88' lang='lat' dir='ltr'>snut</span> <span class='ocrx_word' id='word_1_232' title='bbox 955 3746 1058 3807; x_wconf 87' lang='lat' dir='ltr'>divino</span> <span class='ocrx_word' id='word_1_233' title='bbox 1076 3752 1219 3823; x_wconf 82' lang='lat' dir='ltr'>praecepto</span> <span class='ocrx_word' id='word_1_234' title='bbox 1238 3746 1337 3805; x_wconf 89' lang='lat' dir='ltr'>deter-</span> 
     </span>
     <span class='ocr_line' id='line_1_32' title="bbox 252 3844 1338 3927; baseline -0.001 -22"><span class='ocrx_word' id='word_1_235' title='bbox 252 3847 384 3921; x_wconf 88' lang='lat' dir='ltr'>minata,</span> <span class='ocrx_word' id='word_1_236' title='bbox 399 3854 497 3924; x_wconf 85' lang='lat' dir='ltr'>potest</span> <span class='ocrx_word' id='word_1_237' title='bbox 514 3865 634 3927; x_wconf 88' lang='lat' dir='ltr'>semper</span> <span class='ocrx_word' id='word_1_238' title='bbox 653 3849 787 3909; x_wconf 83' lang='lat' dir='ltr'>Poulilex</span> <span class='ocrx_word' id='word_1_239' title='bbox 799 3862 867 3925; x_wconf 81' lang='lat' dir='ltr'>que</span> <span class='ocrx_word' id='word_1_240' title='bbox 880 3846 940 3905; x_wconf 88' lang='lat' dir='ltr'>sibi</span> <span class='ocrx_word' id='word_1_241' title='bbox 954 3846 1080 3905; x_wconf 86' lang='lat' dir='ltr'>meliora</span> <span class='ocrx_word' id='word_1_242' title='bbox 1101 3844 1268 3915; x_wconf 84' lang='lat' dir='ltr'>videantur,</span> <span class='ocrx_word' id='word_1_243' title='bbox 1283 3860 1338 3922; x_wconf 90' lang='lat' dir='ltr'>pro</span> 
     </span>
     <span class='ocr_line' id='line_1_33' title="bbox 250 3944 1337 4027; baseline -0.002 -20"><span class='ocrx_word' id='word_1_244' title='bbox 250 3962 380 4008; x_wconf 85' lang='lat' dir='ltr'>summo</span> <span class='ocrx_word' id='word_1_245' title='bbox 394 3964 450 4008; x_wconf 89' lang='lat' dir='ltr'>suo</span> <span class='ocrx_word' id='word_1_246' title='bbox 461 3951 532 4026; x_wconf 88' lang='lat' dir='ltr'>jure</span> <span class='ocrx_word' id='word_1_247' title='bbox 544 3957 697 4027; x_wconf 89' lang='lat' dir='ltr'>utcunque</span> <span class='ocrx_word' id='word_1_248' title='bbox 712 3950 905 4009; x_wconf 82' lang='lat' dir='ltr'>constituere.</span> <span class='ocrx_word' id='word_1_249' title='bbox 926 3944 993 4007; x_wconf 81' lang='lat' dir='ltr'>llaec</span> <span class='ocrx_word' id='word_1_250' title='bbox 1013 3945 1050 4005; x_wconf 93' lang='lat' dir='ltr'>de</span> <span class='ocrx_word' id='word_1_251' title='bbox 1068 3950 1209 4024; x_wconf 75' lang='lat' dir='ltr'>potestate</span> <span class='ocrx_word' id='word_1_252' title='bbox 1228 3945 1337 4005; x_wconf 88' lang='lat' dir='ltr'>consti·</span> 
     </span>
     <span class='ocr_line' id='line_1_34' title="bbox 253 4045 973 4111; baseline -0.003 -6"><span class='ocrx_word' id='word_1_253' title='bbox 253 4051 361 4107; x_wconf 87' lang='lat' dir='ltr'>tuente</span> <span class='ocrx_word' id='word_1_254' title='bbox 374 4049 540 4107; x_wconf 69' lang='lat' dir='ltr'>universim</span> <span class='ocrx_word' id='word_1_255' title='bbox 552 4057 671 4108; x_wconf 73' lang='lat' dir='ltr'>neusse</span> <span class='ocrx_word' id='word_1_256' title='bbox 682 4048 740 4111; x_wconf 87' lang='lat' dir='ltr'>boc</span> <span class='ocrx_word' id='word_1_257' title='bbox 756 4048 822 4107; x_wconf 92' lang='lat' dir='ltr'>loco</span> <span class='ocrx_word' id='word_1_258' title='bbox 833 4045 973 4105; x_wconf 85' lang='lat' dir='ltr'>sulliciat.</span> 
     </span>
    </p>

    <p class='ocr_par' dir='ltr' id='par_1_6' title="bbox 251 4142 1338 4527">
     <span class='ocr_line' id='line_1_35' title="bbox 300 4142 1337 4225; baseline 0.001 -21"><span class='ocrx_word' id='word_1_259' title='bbox 300 4144 393 4206; x_wconf 80' lang='lat'><strong>1328.</strong></span> <span class='ocrx_word' id='word_1_260' title='bbox 406 4148 475 4209; x_wconf 81' lang='lat' dir='ltr'>l’os.</span> <span class='ocrx_word' id='word_1_261' title='bbox 493 4150 576 4209; x_wconf 76' lang='lat'><strong>656⁴.</strong></span> <span class='ocrx_word' id='word_1_262' title='bbox 591 4180 630 4193; x_wconf 93' lang='lat'>-</span> <span class='ocrx_word' id='word_1_263' title='bbox 643 4148 856 4209; x_wconf 72' lang='lat' dir='ltr'>Ecclesiastico</span> <span class='ocrx_word' id='word_1_264' title='bbox 874 4142 1026 4225; x_wconf 85' lang='lat' dir='ltr'>potestatis</span> <span class='ocrx_word' id='word_1_265' title='bbox 1045 4142 1257 4219; x_wconf 81' lang='lat' dir='ltr'>deliberative,</span> <span class='ocrx_word' id='word_1_266' title='bbox 1269 4160 1337 4223; x_wconf 85' lang='lat' dir='ltr'>que</span> 
     </span>
     <span class='ocr_line' id='line_1_36' title="bbox 252 4242 1338 4325; baseline -0.002 -21"><span class='ocrx_word' id='word_1_267' title='bbox 252 4244 351 4323; x_wconf 88' lang='lat' dir='ltr'>plene</span> <span class='ocrx_word' id='word_1_268' title='bbox 368 4260 402 4305; x_wconf 88' lang='lat' dir='ltr'>ac</span> <span class='ocrx_word' id='word_1_269' title='bbox 415 4249 541 4325; x_wconf 83' lang='lat' dir='ltr'>perlecta</span> <span class='ocrx_word' id='word_1_270' title='bbox 560 4250 593 4307; x_wconf 90' lang='lat' dir='ltr'>in</span> <span class='ocrx_word' id='word_1_271' title='bbox 607 4248 670 4308; x_wconf 90' lang='lat' dir='ltr'>solo</span> <span class='ocrx_word' id='word_1_272' title='bbox 683 4250 819 4309; x_wconf 80' lang='lat' dir='ltr'>Romano</span> <span class='ocrx_word' id='word_1_273' title='bbox 834 4246 977 4306; x_wconf 84' lang='lat' dir='ltr'>Pontilice</span> <span class='ocrx_word' id='word_1_274' title='bbox 993 4242 1115 4319; x_wconf 84' lang='lat' dir='ltr'>residet,</span> <span class='ocrx_word' id='word_1_275' title='bbox 1129 4244 1265 4323; x_wconf 80' lang='lat' dir='ltr'>Episcopi</span> <span class='ocrx_word' id='word_1_276' title='bbox 1278 4246 1338 4303; x_wconf 90' lang='lat' dir='ltr'>uti-</span> 
     </span>
     <span class='ocr_line' id='line_1_37' title="bbox 251 4344 1336 4429; baseline 0.004 -22"><span class='ocrx_word' id='word_1_277' title='bbox 251 4363 319 4425; x_wconf 87' lang='lat' dir='ltr'>que</span> <span class='ocrx_word' id='word_1_278' title='bbox 335 4352 408 4406; x_wconf 90' lang='lat' dir='ltr'>suut</span> <span class='ocrx_word' id='word_1_279' title='bbox 422 4354 496 4423; x_wconf 63' lang='lat' dir='ltr'>iure</span> <span class='ocrx_word' id='word_1_280' title='bbox 516 4348 619 4411; x_wconf 82' lang='lat' dir='ltr'>divino</span> <span class='ocrx_word' id='word_1_281' title='bbox 639 4351 798 4429; x_wconf 88' lang='lat' dir='ltr'>participes</span> <span class='ocrx_word' id='word_1_282' title='bbox 817 4362 871 4427; x_wconf 88' lang='lat' dir='ltr'>per</span> <span class='ocrx_word' id='word_1_283' title='bbox 886 4346 1040 4425; x_wconf 88' lang='lat' dir='ltr'>duplicem</span> <span class='ocrx_word' id='word_1_284' title='bbox 1055 4344 1231 4406; x_wconf 87' lang='lat' dir='ltr'>monitionis</span> <span class='ocrx_word' id='word_1_285' title='bbox 1244 4350 1336 4427; x_wconf 89' lang='lat' dir='ltr'>viam,</span> 
     </span>
     <span class='ocr_line' id='line_1_38' title="bbox 253 4446 1283 4527; baseline 0.004 -20"><span class='ocrx_word' id='word_1_286' title='bbox 253 4456 326 4507; x_wconf 91' lang='lat' dir='ltr'>tum</span> <span class='ocrx_word' id='word_1_287' title='bbox 341 4446 380 4507; x_wconf 84' lang='lat' dir='ltr'>ati</span> <span class='ocrx_word' id='word_1_288' title='bbox 393 4463 465 4508; x_wconf 86' lang='lat' dir='ltr'>suos</span> <span class='ocrx_word' id='word_1_289' title='bbox 479 4451 627 4523; x_wconf 77' lang='lat' dir='ltr'>sununs,</span> <span class='ocrx_word' id='word_1_290' title='bbox 646 4460 712 4511; x_wconf 87' lang='lat' dir='ltr'>tum</span> <span class='ocrx_word' id='word_1_291' title='bbox 728 4450 767 4509; x_wconf 88' lang='lat' dir='ltr'>ad</span> <span class='ocrx_word' id='word_1_292' title='bbox 788 4451 892 4527; x_wconf 82' lang='lat' dir='ltr'>ipsum</span> <span class='ocrx_word' id='word_1_293' title='bbox 906 4446 1095 4507; x_wconf 80' lang='lat' dir='ltr'>l’rctarcbam</span> <span class='ocrx_word' id='word_1_294' title='bbox 1109 4446 1283 4522; x_wconf 79' lang='lat' dir='ltr'>dirigende.</span> 
     </span>
    </p>

    <p class='ocr_par' dir='ltr' id='par_1_7' title="bbox 223 4532 1339 4831">
     <span class='ocr_line' id='line_1_39' title="bbox 299 4532 1337 4631; baseline 0.006 -22"><span class='ocrx_word' id='word_1_295' title='bbox 299 4549 425 4609; x_wconf 75' lang='lat' dir='ltr'>nuuc.</span> <span class='ocrx_word' id='word_1_296' title='bbox 441 4581 480 4593; x_wconf 93' lang='lat'><em>-</em></span> <span class='ocrx_word' id='word_1_297' title='bbox 495 4553 519 4612; x_wconf 93' lang='lat' dir='ltr'>l.</span> <span class='ocrx_word' id='word_1_298' title='bbox 538 4553 600 4612; x_wconf 89' lang='lat' dir='ltr'>lloc</span> <span class='ocrx_word' id='word_1_299' title='bbox 622 4554 686 4631; x_wconf 85' lang='lat' dir='ltr'>ipso</span> <span class='ocrx_word' id='word_1_300' title='bbox 704 4550 784 4628; x_wconf 77' lang='lat' dir='ltr'>quiid</span> <span class='ocrx_word' id='word_1_301' title='bbox 804 4550 888 4611; x_wconf 87' lang='lat' dir='ltr'>solus</span> <span class='ocrx_word' id='word_1_302' title='bbox 907 4549 1061 4608; x_wconf 80' lang='lat' dir='ltr'>Romanus</span> <span class='ocrx_word' id='word_1_303' title='bbox 1084 4532 1223 4607; x_wconf 77' lang='lat' dir='ltr'>l’outiles</span> <span class='ocrx_word' id='word_1_304' title='bbox 1235 4552 1337 4615; x_wconf 83' lang='lat' dir='ltr'>divino</span> 
     </span>
     <span class='ocr_line' id='line_1_40' title="bbox 223 4647 1336 4731; baseline 0.002 -20"><span class='ocrx_word' id='word_1_305' title='bbox 223 4692 233 4701; x_wconf 86' lang='lat'>-</span> <span class='ocrx_word' id='word_1_306' title='bbox 253 4650 863 4731; x_wconf 72' lang='lat' dir='ltr'>priuilegioestumuiumclrrisuauorum</span> <span class='ocrx_word' id='word_1_307' title='bbox 875 4647 1109 4727; x_wconf 82' lang='lat' dir='ltr'>puteretdoetcr</span> <span class='ocrx_word' id='word_1_308' title='bbox 1120 4648 1221 4729; x_wconf 71' lang='lat'>(1262,</span> <span class='ocrx_word' id='word_1_309' title='bbox 1233 4654 1336 4731; x_wconf 68' lang='lat' dir='ltr'>letti),</span> 
     </span>
     <span class='ocr_line' id='line_1_41' title="bbox 256 4750 1339 4831; baseline 0 -16"><span class='ocrx_word' id='word_1_310' title='bbox 256 4758 291 4815; x_wconf 83' lang='lat' dir='ltr'>et</span> <span class='ocrx_word' id='word_1_311' title='bbox 308 4750 392 4813; x_wconf 85' lang='lat' dir='ltr'>solus</span> <span class='ocrx_word' id='word_1_312' title='bbox 405 4760 451 4813; x_wconf 86' lang='lat' dir='ltr'>est</span> <span class='ocrx_word' id='word_1_313' title='bbox 473 4756 505 4813; x_wconf 86' lang='lat' dir='ltr'>iu</span> <span class='ocrx_word' id='word_1_314' title='bbox 520 4756 652 4817; x_wconf 76' lang='lat' dir='ltr'>Etelesra</span> <span class='ocrx_word' id='word_1_315' title='bbox 669 4755 801 4817; x_wconf 78' lang='lat' dir='ltr'>docenda</span> <span class='ocrx_word' id='word_1_316' title='bbox 822 4767 920 4831; x_wconf 85' lang='lat' dir='ltr'>perse</span> <span class='ocrx_word' id='word_1_317' title='bbox 936 4753 998 4829; x_wconf 90' lang='lat' dir='ltr'>ipse</span> <span class='ocrx_word' id='word_1_318' title='bbox 1021 4751 1123 4810; x_wconf 85' lang='lat' dir='ltr'>divino</span> <span class='ocrx_word' id='word_1_319' title='bbox 1145 4766 1270 4813; x_wconf 83' lang='lat' dir='ltr'>inuuere</span> <span class='ocrx_word' id='word_1_320' title='bbox 1292 4753 1339 4815; x_wconf 82' lang='lat' dir='ltr'>tit·</span> 
     </span>
    </p>
   </div>
   <div class='ocr_carea' id='block_1_5' title="bbox 0 0 1798 5675">
    <p class='ocr_par' dir='ltr' id='par_1_8' title="bbox 0 0 1798 5675">
     <span class='ocr_line' id='line_1_42' title="bbox 0 0 1798 5675; baseline 0 0"><span class='ocrx_word' id='word_1_321' title='bbox 0 0 1798 5675; x_wconf 95' lang='lat' dir='ltr'> </span> 
     </span>
    </p>
   </div>
  </div>
 </body>
</html>
