3559 5675
619 745 723 790 sunna.
749 765 784 776 -
807 745 890 790 uisne
911 744 1013 790 nonus.
1297 723 1356 790 titi

278 846 336 914 Sto.
349 849 375 908 si
387 848 502 911 vulnus
512 852 669 929 neemiam,
683 853 935 930 perturbationem
948 851 1112 930 quemdam
1126 849 1291 914 inanimali
1305 866 1356 911 or-

276 947 418 1022 ganismo
435 949 512 1010 illud
526 945 683 1028 produoit:
700 953 763 1015 haee
781 953 964 1030 perturbatio
982 959 1027 1014 est
1041 950 1149 1015 molum
1162 949 1315 1023 seruitute:
1329 950 1355 1010 si

277 1043 343 1105 hano
363 1047 549 1126 perturbatio
569 1050 724 1126 sentiatur,
739 1051 907 1122 hiereneus
922 1051 979 1111 erit
997 1047 1082 1110 dolor
1095 1037 1149 1120 sen
1161 1067 1247 1129 praua
1259 1048 1354 1110 sensi-

278 1144 362 1204 bilis.
388 1146 488 1218 Quare
506 1147 622 1208 malum
640 1150 743 1211 adesso
766 1155 871 1228 potest,
892 1150 968 1226 quin
984 1150 1145 1223 sentiatnr;
1166 1133 1281 1214 rnalnm
1304 1162 1357 1226 po-

281 1249 337 1304 lest
350 1246 461 1306 aeriter
475 1248 592 1322 sentiri,
604 1249 719 1312 etiamsi
736 1248 799 1310 leve
816 1252 867 1318 sit,
886 1250 1024 1326 quamvis
1038 1250 1150 1310 soilioet
1161 1250 1202 1311 sit
1217 1248 1293 1310 levis
1304 1263 1356 1306 or-

279 1345 390 1418 genien
403 1347 598 1424 perturbatio.
616 1349 703 1412 Dolor
720 1349 800 1409 enim
825 1365 879 1410 sen
902 1365 992 1426 poeua
1011 1353 1057 1409 ast
1074 1349 1218 1427 positivus
1235 1345 1358 1412 effeetus

279 1445 323 1503 ris
337 1447 507 1523 sensitirae3
525 1447 642 1507 malurn
664 1465 733 1508 voro
751 1455 795 1508 est
808 1450 934 1527 privatio
952 1454 1047 1523 status
1067 1447 1216 1520 normalis,
1229 1448 1292 1510 sive
1306 1463 1358 1508 or-

279 1544 362 1604 dinis
375 1545 409 1606 in
424 1547 596 1622 organismo
609 1547 745 1622 animali,
759 1566 794 1608 ex
807 1566 868 1624 qne
880 1549 1044 1625 privatione
1054 1546 1139 1612 dolor
1148 1547 1282 1612 resultat.
1292 1549 1357 1608 lem

279 1645 356 1704 illud
380 1651 427 1706 est
450 1647 658 1724 manifestum,
676 1649 819 1724 quonism
838 1649 953 1710 bonnm
967 1648 1108 1712 sensibile
1129 1663 1182 1726 per
1200 1646 1308 1708 doliola
1320 1645 1358 1704 ab

279 1747 461 1808 bominibus
479 1747 546 1810 ideo
559 1749 715 1824 quaritur,
730 1755 763 1811 nt
781 1748 954 1810 sensibilem
972 1747 1155 1825 voluptatem
1174 1745 1244 1813 tune
1260 1745 1359 1823 peroi-

279 1848 377 1924 piant,
390 1863 448 1906 sen
461 1863 574 1906 smenon
587 1847 757 1926 voluptatis,
771 1847 879 1912 ideireo
893 1850 926 1908 iu
942 1847 1098 1928 punitione
1113 1844 1278 1923 infligenda
1291 1859 1359 1909 sen·

279 1945 369 2006 sibile
386 1943 505 2006 malurn
521 1946 624 2007 inierri
639 1961 700 2008 non
713 1947 833 2024 praeno
853 1954 888 2007 ut
903 1948 1100 2024 organismos¹
1111 1944 1247 2020 ladanr,
1261 1942 1313 2004 sed
1324 1947 1359 2002 ut

278 2043 391 2104 doloris
404 2059 516 2107 sensus
530 2043 692 2122 incutiatur
711 2046 818 2122 invito;
839 2045 919 2124 quod
933 2063 1030 2124 quum
1044 2046 1110 2113 siue
1128 2043 1290 2124 organismi
1306 2042 1358 2104 lae-

276 2145 359 2204 sione
373 2143 482 2220 aliqua
499 2143 564 2204 fueri
581 2151 722 2222 nequeat,
736 2145 815 2206 hane
831 2145 983 2207 lesionem
995 2145 1111 2208 assumi
1124 2152 1158 2207 nt
1171 2159 1284 2222 purum
1294 2157 1358 2202 me·

279 2244 362 2304 dium
377 2243 417 2303 ad
438 2243 536 2303 alium
554 2244 645 2304 linem
658 2245 752 2327 ‚illurn
772 2243 981 2306 obtinendum.

291 2429 328 2436 -
335 2427 652 2437 -..—-.-....-..-....---
657 2427 718 2434 ...-
723 2414 1044 2436 .......--.-...-.-.-....Ι
1058 2423 1357 2434 ...θ-...η-...ῌ

678 2445 904 2452 ...........--....,-.
919 2447 961 2452 --..
970 2443 1265 2452 .-..--....-..-...-..

672 2681 676 2686 ,
704 2599 848 2675 CAPUT
873 2593 931 2676 ili.

435 2807 487 2857 ue
502 2801 625 2866 lusti·
642 2805 848 2865 pennarum
868 2801 1197 2867 proportionibus.

735 2999 876 3019 m-

691 3158 899 3226 nssrtcubus
918 3164 942 3223 l.

274 3346 320 3407 lle
341 3346 507 3429 punitionis
529 3346 640 3410 rationo
659 3347 803 3412 remando
822 3358 954 3431 respenr
978 3348 1082 3416 delicti
1102 3353 1227 3441 spectati
1252 3349 1356 3414 r'rr-ttto

651 3447 769 3516 molitio
784 3448 985 3511 ubstantiae.
1059 3511 1063 3516 ,

317 3628 392 3688 960.
410 3629 476 3689 Pos.
491 3628 575 3690 lton.
592 3664 631 3673 -
645 3630 765 3694 Sooialis
781 3632 895 3712 punitio
919 3648 971 3712 pro
994 3632 1108 3691 ratione
1122 3638 1187 3691 tum
1201 3629 1355 3709 perturbe-

278 3728 371 3790 tionis
386 3727 535 3807 produotae
557 3728 587 3787 in
602 3728 706 3789 ordine
721 3737 853 3811 externo,
866 3736 932 3791 tum
950 3730 1054 3790 damni
1074 3729 1160 3791 realis
1175 3729 1313 3808 praeteriti
1327 3734 1357 3789 et

276 3828 388 3903 turturi,
403 3832 465 3886 turn
482 3818 689 3907 perversionis¹
692 3828 877 3907 judiciorum
896 3835 925 3889 et
937 3832 968 3888 in
980 3828 1175 3906 delinquente
1196 3828 1268 3888 etin
1288 3827 1355 3887 aliis

276 3928 369 3987 soniis
383 3932 471 4005 parto
486 3926 649 4003 infligenda
661 3934 714 3990 est.

321 4028 417 4087 Pauo.
435 4061 473 4070 -
487 4028 558 4089 Tres
572 4044 668 4089 causa
688 4029 809 4091 suntab
829 4046 902 4113 quas
917 4028 1038 4089 societas
1057 4024 1282 4104 delinquentem
1299 4043 1358 4103 pu·

279 4126 347 4186 nire
367 4126 466 4201 debet,
491 4128 547 4187 tria
570 4130 684 4190 scilieet
703 4130 781 4191 mala
806 4130 926 4190 socialia
951 4147 984 4187 er
1009 4127 1115 4188 delicto
1142 4124 1355 4205 provenientia,

279 4242 349 4302 quae
370 4234 466 4285 sunt:
486 4226 600 4289 ordinis
614 4230 731 4289 socialis
750 4230 944 4308 perturbatio,
959 4228 1068 4288 damna
1082 4226 1174 4286 realia
1194 4215 1228 4285 es
1250 4222 1356 4285 delicto

279 4328 476 4405 emergentia,
491 4334 520 4389 et
531 4330 679 4389 sociorum
694 4330 854 4409 perversio.
869 4332 957 4405 Ergo,
976 4345 1037 4405 quo
1056 4328 1151 4405 magis
1166 4342 1355 4406 unaqueque

278 4424 390 4486 harum
406 4443 565 4489 cansarum
578 4429 609 4489 iu
622 4430 729 4491 delicto
743 4429 939 4491 determinato
952 4430 1063 4507 rigent,
1080 4441 1115 4487 eo
1129 4429 1226 4505 major
1240 4423 1356 4505 punitio

279 4524 447 4603 infligenda
458 4534 513 4589 est.

320 4632 357 4691 Et
378 4632 407 4689 i·
429 4629 553 4707 quidem
577 4632 703 4712 punitio,
727 4618 922 4692 ad'ordinern
945 4631 1100 4692 turbatum
1125 4628 1356 4701 restituendum,

279 4732 370 4792 debet
386 4715 576 4809 delinquenti
598 4736 713 4793 tantum
735 4748 829 4813 paene
848 4750 902 4793 seu
915 4732 1026 4794 doloris
1046 4731 1193 4807 infligere,
1207 4734 1356 4807 quantum
