3559 5675
459 728 519 790 :tto
870 742 950 788 ruera
966 739 1124 789 nemesis

458 856 595 911 murum
607 851 726 929 jurium
742 850 1011 928 etposseeaionum
1034 848 1109 909 inibi
1133 845 1307 923 eunucu
1330 848 1511 907 Pnecesitu
1582 926 1583 929 Ἴ

459 951 589 1027 alicuius
606 949 768 1025 commodi,
779 949 863 1027 quod
873 948 1096 1011 communicare
1113 946 1159 1009 rel
1173 948 1279 1026 privati
1289 946 1335 1007 rel
1349 948 1513 1009 societaane·
1582 968 1583 973 ¹

460 1058 584 1130 queant,
602 1052 680 1128 quin
693 1050 747 1111 illo
764 1051 824 1129 ipsi
839 1052 1007 1129 priventur.
1022 1049 1114 1127 Atqui
1137 1054 1245 1108 neutra
1262 1064 1298 1107 cx
1320 1046 1436 1107 derebus
1447 1046 1514 1109 hisce

460 1152 587 1214 dominii
602 1152 754 1214 radicibus
767 1151 850 1213 adest
862 1151 955 1212 relate
966 1150 1005 1210 ud
1019 1150 1111 1211 maris
1126 1154 1247 1225 uenus,
1266 1165 1344 1229 quoa
1356 1164 1409 1209 nec
1420 1148 1516 1227 privata
1582 1136 1583 1191 i

460 1251 698 1329 ullaindmtria,
723 1251 762 1312 ad
776 1251 846 1313 illos
865 1250 1056 1325 excolendos,
1069 1250 1237 1327 occupavit,
1258 1265 1315 1310 nee
1338 1247 1518 1309 sonemulla
1582 1274 1583 1319 y

461 1350 612 1413 exclusive
646 1349 705 1411 si'ni
729 1350 914 1411 oecoesarioe
944 1348 1043 1411 behet.
1064 1346 1196 1421 Etemm,
1222 1346 1276 1407 ubi
1298 1342 1384 1407 nulla
1407 1347 1517 1424 privato·
1582 1332 1583 1401 l

462 1469 532 1513 rum
545 1449 697 1512 industria
707 1449 870 1529 {operatum
899 1447 978 1510 nihil
1000 1446 1102 1509 cecini
1121 1448 1290 1509 auctoritati
1313 1445 1467 1507 uitandum
1484 1444 1519 1506 rel

462 1549 668 1638 ordinandum
681 1550 824 1629 suppetit.
839 1551 926 1624 item,
939 1550 972 1608 si
990 1548 1115 1621 utilitas,
1138 1563 1233 1624 qnam
1256 1548 1382 1609 sociem
1395 1546 1521 1624 quapiam
1582 1568 1583 1635 3

463 1667 501 1712 ea
515 1651 643 1711 transitu
653 1666 707 1728 per
717 1648 841 1727 aliquod
855 1665 938 1709 marc
948 1648 1084 1727 percipit,
1097 1663 1293 1725 nequequam
1304 1646 1351 1707 illi
1366 1662 1403 1707 ea
1415 1644 1521 1707 etiarm
1582 1644 1583 1713 l

463 1752 625 1811 uenenum
647 1748 774 1810 uanntu
795 1748 944 1821 sulcauit,
957 1747 1046 1809 nulla
1061 1748 1138 1809 ratio
1157 1754 1202 1809 est
1222 1764 1277 1809 cur
1291 1746 1340 1807 illi
1354 1748 1420 1815 uni,
1433 1744 1523 1807 ceteris

463 1850 604 1927 exclusis,
627 1849 799 1910 dominium
811 1848 897 1908 illius
911 1848 1004 1909 maris
1016 1852 1174 1927 competat.
1187 1844 1264 1925 lugo
1278 1854 1308 1908 et
1321 1846 1408 1907 radix
1420 1844 1523 1906 dominii

464 1949 575 2017 civilis,
588 1952 619 2008 et
634 1947 721 2009 radix
734 1947 863 2010 dominii
888 1946 1005 2027 politici
1025 1964 1111 2025 aeque
1125 1947 1175 2007 liic
1187 1945 1345 2008 deficiunt.
1370 1948 1445 2021 Ergo
1457 1952 1482 2003 et
1492 1944 1525 2001 in·

465 2048 638 2109 humanum
659 2054 691 2111 et
706 2048 857 2125 iniustum
869 2052 959 2119 esset,
977 2046 1136 2107 transitum
1149 2062 1203 2127 per
1216 2044 1343 2124 aliquod
1359 2060 1439 2107 mare
1452 2042 1526 2103 inuti

466 2164 538 2209 casu
567 2145 734 2225 impedire;
766 2146 799 2207 id
828 2162 964 2225 namque
998 2153 1089 2221 ercet,
1102 2163 1165 2208 non
1193 2144 1320 2224 quidem
1352 2145 1462 2206 bonum
1483 2141 1526 2201 siti
1582 2190 1583 2209 ,

466 2244 671 2306 ηωωωτίιιιιι
694 2242 743 2306 rel
765 2243 843 2306 utile
866 2260 1055 2323 comparere,
1080 2243 1135 2305 sed
1153 2242 1256 2305 solum
1274 2242 1359 2305 bono
1382 2242 1474 2303 alieno
1492 2240 1528 2299 iu·

466 2342 579 2405 videm.

514 2444 855 2507 116t.coacn.1.-
872 2446 975 2505 Posset
986 2445 1056 2522 quis
1069 2449 1175 2505 contra
1186 2444 1332 2504 ultimam
1346 2444 1425 2505 hanc
1435 2442 1531 2523 positio
1582 2434 1583 2489 l

468 2544 870 2606 nemsicstatuerezllltum
881 2560 1138 2623 mareuunquam
1148 2544 1298 2623 estplanc
1312 2544 1531 2629 infructiferun3

469 2642 543 2719 quia
554 2642 644 2719 siqua
654 2648 761 2721 potens
771 2644 854 2703 natio
864 2642 918 2704 illo
928 2643 1027 2705 valida
1037 2643 1131 2707 desae
1144 2644 1287 2723 potiatur,
1303 2644 1415 2723 poterit
1428 2643 1462 2705 ab
1474 2656 1532 2701 una-

471 2758 594 2819 quaque
604 2743 674 2803 navi
685 2742 756 2804 illac
768 2749 944 2805 transeunte
963 2744 1089 2820 vectigal
1101 2744 1239 2823 origem
1259 2750 1354 2821 atquc
1369 2742 1533 2819 inlinentes

474 2841 621 2902 tributum
645 2843 723 2913 illud
737 2845 882 2921 exiguum
893 2861 1076 2922 unaquaque
1090 2846 1161 2906 navi
1184 2844 1321 2906 solvente
1336 2843 1377 2904 ad
1401 2845 1532 2904 transitur

473 2939 683 3020 obtinendum,
703 2945 852 3004 muimas
865 2942 935 3004 inde
948 2959 1019 3022 opes
1036 2959 1072 3004 ea
1082 2943 1165 3004 natio
1178 2943 1334 3022 percipiet
1349 2946 1424 3018 Qua
1436 2939 1534 3020 quiden

474 3043 694 3118 argumentatio
706 3044 740 3104 in
753 3042 859 3104 ordine
868 3042 989 3123 politico
1005 3042 1162 3104 simillima
1175 3049 1221 3104 eat
1237 3042 1283 3103 illi
1298 3060 1398 3120 quem
1412 3043 1443 3102 iu
1455 3038 1535 3100 ordine
1582 3067 1583 3098 l

474 3143 568 3204 cirico
581 3143 621 3204 ad
633 3143 816 3206 leucratores
835 3142 1021 3206 mursandoe
1043 3143 1185 3206 nonnulli
1207 3143 1376 3205 instituunt
1393 3141 1482 3220 (ott).
1496 3141 1536 3198 lt·

475 3243 579 3318 ninia,
602 3244 689 3302 aiunt
704 3241 845 3319 illi,qore
866 3243 1003 3304 valorum
1022 3247 1067 3304 est
1079 3241 1267 3314 vehiculum,
1300 3244 1444 3322 quamue
1461 3251 1537 3319 pertt
1582 3215 1583 3278 l

478 3339 666 3400 infructifera
678 3340 729 3413 ait,
750 3345 846 3419 potest
864 3347 964 3402 tamen
984 3357 1038 3420 per
1058 3341 1192 3402 alienam
1213 3340 1398 3404 industriam
1413 3341 1538 3402 nucum

478 3437 616 3500 evadere.
627 3439 733 3515 igitur,
748 3441 775 3499 si
794 3457 938 3518 magnam
952 3443 1087 3519 pecunia
1099 3441 1164 3503 uim
1177 3441 1363 3521 possideam,
1388 3449 1485 3522 potero
1494 3449 1539 3498 ut·

480 3534 557 3613 iiqal
566 3536 644 3596 milii
661 3534 838 3600 wlrendum
853 3541 1007 3618 imponere
1017 3541 1055 3602 iis
1067 3541 1124 3618 qui
1135 3543 1311 3618 pecuinam,
1325 3541 1409 3620 apud
1424 3556 1469 3600 me
1479 3551 1540 3618 put·

481 3652 536 3698 sus
551 3635 781 3713 instuctionem,
795 3657 814 3700 a
827 3656 876 3700 me
889 3639 1076 3702 commodato
1097 3642 1260 3719 accipiunt,
1276 3647 1312 3700 ut
1326 3659 1417 3703 arram
1442 3639 1492 3718 ipsi
1504 3637 1539 3694 iu-

482 3734 631 3828 dustriam
644 3741 759 3816 possint
770 3756 916 3802 exercere.
1582 3813 1583 3832 χ

522 3835 580 3896 Cui
601 3839 856 3914 sancratioeinio,
869 3855 968 3918 quum
989 3839 1027 3902 de
1045 3841 1106 3902 alto
1128 3841 1208 3902 mari
1227 3843 1343 3920 agitur,
1358 3842 1539 3922 quidrespu·
1582 3833 1583 3884 ἶ

483 3933 575 3996 deam
586 3935 721 4000 omines
740 3937 897 4017 utilitcrii,
910 3939 988 4002 illud
1003 3939 1084 4002 idem
1103 3941 1135 4001 in
1157 3941 1338 4004 feneratoris
1352 3959 1446 4004 musa
1457 3951 1541 4019 appril
1582 3995 1583 4008 ,

483 4035 603 4113 outo,
627 4038 706 4101 uilril
727 4040 850 4104 habeut.
878 4044 917 4103 itt
942 4057 978 4102 ex
1006 4042 1087 4104 veris
1111 4043 1257 4122 sanieque
1284 4045 1444 4124 principiis
1479 4034 1542 4098 tacite
1582 4025 1583 4086 Ϊ

485 4143 753 4216 argumentationis
776 4144 861 4206 illius
884 4144 995 4204 vitium
1008 4143 1242 4208 demonstretur.
1266 4147 1389 4206 Etenim
1407 4145 1459 4220 jus
1473 4133 1543 4198 rect·
1582 4217 1583 4228 ἶ

485 4241 603 4318 ganum
622 4243 873 4323 imponendomm
894 4262 913 4306 a
932 4247 1002 4322 lure
1018 4245 1145 4323 quidem
1161 4245 1291 4308 dominii
1312 4245 1478 4310 enaaciturt
1506 4227 1542 4292 ild

487 4341 658 4404 dominium
670 4344 877 4421 ipsumasola
896 4345 1048 4422 veedgalis
1062 4345 1543 4427 imponendipoeeibititannenu·
1582 4347 1583 4430 j

488 4458 580 4519 quarn
593 4443 681 4504 educi
690 4449 787 4522 potest
802 4465 810 4504 ε
827 4445 909 4506 deret
924 4461 1055 4524 namque
1065 4449 1199 4510 circulus
1207 4449 1342 4524 vitioms,
1357 4462 1421 4525 qno
1433 4448 1461 4504 et
1471 4440 1543 4498 unu
1582 4489 1583 4530 p

489 4537 566 4602 illud
583 4542 774 4604 ratiocinium
785 4545 906 4621 nititur,
919 4551 949 4608 et
965 4547 1179 4628 quodcumque
1189 4550 1281 4628 ¹aliud
1304 4545 1461 4628 injustitie
1471 4543 1544 4616 pou

491 4640 649 4721 approbari
670 4650 780 4723 paean.
797 4643 866 4708 etto
877 4646 990 4710 scilicet
1000 4650 1078 4712 mari
1092 4651 1218 4728 potitus,
1234 4649 1347 4712 tributa
1362 4648 1474 4724 exigam
1489 4659 1495 4698 τ
1509 4630 1544 4694 lii·

493 4739 568 4802 liuta
579 4738 644 4804 lice
658 4742 844 4809 tructilerum
858 4763 930 4812 eane
951 4763 1096 4810 moenum
1110 4747 1259 4826 efficiunt,
1272 4753 1303 4809 et
1315 4745 1470 4810 tructilue
1484 4751 1544 4814 ll*
