3559 5675
471 762 529 829 tto
884 776 962 822 rusus
982 773 1140 835 sumtus

466 890 530 967 jem
551 884 696 964 dignitate
712 884 843 955 obtenta,
862 882 1027 944 simulandi
1048 898 1083 943 ae
1095 882 1307 945 dissimulsudi
1320 890 1350 945 et
1363 884 1508 947 multura

468 992 566 1047 turam
580 982 738 1047 enhibendi
753 983 836 1045 nulle
851 982 984 1063 amplius
998 998 1089 1045 eausa
1100 988 1146 1043 est
1159 982 1275 1044 bomini
1288 984 1398 1045 vitioso.

389 1148 391 1151 .
507 1086 694 1167 Quapropter
706 1084 742 1145 nb
755 1082 918 1163 spisnopsli
929 1082 1075 1160 dignitate
1088 1097 1181 1160 quum
1194 1084 1326 1143 menime
1338 1082 1446 1144 uoeudi
1456 1089 1511 1143 mut

467 1186 642 1267 quicunque
654 1183 712 1245 lesi
729 1190 757 1245 et
769 1182 937 1265 improuida
951 1187 1064 1252 mente,
1077 1182 1253 1261 quicunque
1263 1182 1339 1245 duro
1351 1182 1512 1244 autriolento

467 1286 600 1365 ingenio,
613 1284 788 1363 quicunque
802 1282 947 1345 ineundo
958 1288 989 1344 et
999 1281 1147 1361 prseipiti
1162 1282 1267 1343 animo
1283 1282 1424 1344 laborant

507 1384 580 1460 Qua
594 1382 711 1445 usuulr
730 1400 766 1444 eo
785 1383 882 1461 iungis
904 1380 1072 1443 neosusria
1095 1381 1128 1442 in
1150 1382 1304 1461 Episeopis
1324 1378 1458 1458 eligendis
1471 1385 1514 1450 ert

468 1482 548 1564 quod
573 1482 751 1563 episcopalis
770 1483 941 1559 auotoritas,
956 1487 1089 1561 paterne
1108 1480 1229 1553 similis,
1246 1482 1279 1541 in
1292 1481 1406 1541 interno
1417 1494 1515 1558 praser-

468 1584 522 1645 tim
541 1580 646 1643 ordine
664 1580 795 1661 quodem
808 1581 882 1659 ugit,
896 1582 975 1641 intra
985 1597 1079 1660 quem
1095 1579 1185 1642 nullo
1196 1579 1257 1641 alio
1269 1580 1356 1641 trem
1368 1577 1483 1639 nobiberi
1491 1592 1516 1635 ar

468 1682 557 1761 dirigi
570 1686 677 1763 potest,
690 1698 783 1759 mam
794 1682 910 1742 sincera
921 1681 1017 1760 ipsius
1030 1680 1168 1761 Episeopi
1180 1679 1335 1757 charitate,
1347 1676 1517 1758 prudentias

469 1780 613 1858 religione
627 1796 713 1859 :quar
723 1782 749 1841 si
762 1780 872 1855 desint,
887 1778 935 1841 rel
943 1780 969 1841 si
980 1778 1061 1840 muln
1073 1785 1181 1840 nebrra
1193 1778 1359 1840 identidem
1374 1780 1518 1851 resurgente

468 1880 688 1959 opprimantur,
711 1896 764 1959 per
781 1880 969 1959 frequentem
993 1894 1085 1941 soors
1106 1878 1201 1957 hujus
1219 1878 1401 1939 auctoritatis
1417 1876 1518 1937 amon

468 1978 538 2040 boni
552 1976 743 2039 verebuntur
762 1984 791 2037 et
812 1977 916 2057 procul
931 1978 1118 2055 rejicientur,
1137 1976 1266 2057 improbi
1284 1978 1324 2038 ad
1346 1980 1518 2053 eontemptunr

469 2082 558 2155 aque
572 2073 839 2154 odium-religionis
853 2094 889 2139 eo
903 2079 1001 2155 magis
1011 2076 1240 2155 excitabuntur,
1253 2078 1385 2138 versutis
1397 2074 1520 2153 dimitis

470 2176 705 2237 assentatoribus
729 2180 789 2238 tote
813 2194 863 2239 res
886 2177 1089 2240 emlesiastics
1111 2194 1182 2239 eum
1208 2160 1302 2239 saeris
1325 2175 1462 2238 ministris
1480 2172 1520 2232 ent

470 2274 691 2355 quodammodo
710 2276 742 2336 in
759 2276 893 2356 prodam
914 2292 950 2338 ae
962 2276 1141 2338 ludibrium.
1161 2278 1215 2337 llst
1231 2277 1316 2338 enim
1338 2275 1413 2337 illud
1433 2272 1520 2354 perspi

469 2391 574 2453 ouum,
589 2374 735 2455 Episcopo
753 2376 832 2437 mele
847 2376 890 2437 sie
906 2382 1079 2455 eorupsrato
1092 2392 1288 2454 nequequam
1302 2376 1356 2437 diu
1377 2376 1520 2436 moeson

470 2474 599 2535 siliarios
617 2478 646 2534 et
666 2472 818 2551 edJutores
836 2474 1011 2547 adiuturum
1034 2480 1099 2535 tum
1113 2475 1187 2553 quia
1201 2474 1321 2535 similes
1346 2474 1403 2535 sibi
1420 2472 1521 2551 quisunt

471 2574 583 2635 amieos
596 2578 628 2634 et
649 2574 743 2634 soeios
757 2573 875 2651 querit,
898 2578 964 2635 tum
985 2574 1057 2651 quia
1070 2575 1219 2635 sinoeram
1236 2574 1311 2635 boni
1326 2574 1464 2651 torttsqun
1479 2568 1521 2629 riri

472 2671 622 2751 loquelam
634 2678 663 2732 et
672 2673 850 2735 renitentem
868 2673 960 2734 malis
979 2673 1114 2735 enundiis
1127 2672 1285 2735 bominem
1297 2674 1396 2735 malus
1409 2671 1523 2733 dominus

472 2773 525 2835 diu
539 2787 600 2835 non
616 2773 735 2856 patinrr.

513 2875 551 2934 ll.
583 2875 619 2934 tlt
642 2873 811 2936 christiano
830 2873 972 2936 doublure
997 2874 1162 2956 Episeopus
1184 2876 1224 2934 sit
1245 2881 1336 2954 uptus
1358 2872 1524 2950 miseret

447 3009 453 3014 -
468 2973 576 3052 judex,
590 2973 676 3036 debet
690 2973 742 3036 ille
756 2979 784 3036 ot
796 2974 931 3035 untureli
944 2991 1011 3038 esse
1022 2974 1169 3054 prodiens
1181 2975 1308 3053 ingenio
1322 2974 1361 3037 ad
1373 2970 1523 3048 tbeolosittt

471 3081 501 3134 et
514 3073 673 3134 mnonieas
685 3072 859 3154 disciplinas
871 3072 1079 3153 pereipiendas
1090 3089 1126 3135 ae
1144 3072 1322 3137 retinendae
1336 3073 1457 3148 idoneo,¹
1467 3068 1523 3130 etin

474 3173 557 3235 hisee
571 3174 644 3253 ipsis
658 3172 852 3234 taeultatibus
863 3189 929 3234 esse
941 3172 1109 3252 plurimum
1123 3179 1271 3236 remotus.
1283 3175 1408 3255 Opn'rua
1421 3183 1524 3245 mmm

474 3271 617 3349 magister
629 3277 658 3333 et
675 3271 770 3352 juder
792 3279 907 3352 oportet
923 3278 1081 3350 eognoscat
1097 3289 1165 3335 erm
1189 3274 1360 3336 doctrinam
1377 3288 1463 3350 quam
1474 3265 1523 3329 aliia

475 3371 721 3449 misserrima
735 3371 872 3449 ludierre
888 3374 952 3452 ipse
965 3372 1072 3434 debeat
1084 3386 1094 3432 t
1106 3389 1198 3434 nemo
1214 3379 1318 3434 sutem
1330 3374 1445 3450 ignom
1453 3367 1525 3430 ebrie·
1579 3386 1580 3393 ¹

473 3471 584 3532 tiansm
595 3469 771 3549 doctrinam,
785 3477 875 3552 eujus
886 3473 1050 3554 Episeopus
1060 3473 1259 3549 magistorum
1269 3489 1305 3535 ae
1311 3473 1418 3552 juder,
1429 3467 1523 3530 dusbrs

474 3569 536 3630 illis
550 3569 740 3632 iasulbtibus
753 3573 911 3649 eontinsri,
927 3572 1075 3650 theologia
1088 3581 1119 3634 et
1130 3575 1428 3648 seientieuanouum
1437 3567 1524 3647 quib!

474 3669 672 3751 supponenda
684 3680 740 3752 est,
757 3680 910 3752 tamquam
921 3673 1125 3736 neeesserium
1144 3673 1390 3751 tundamentum,
1405 3667 1523 3748 rmplrtl

474 3771 561 3832 tirma
575 3771 697 3833 seientia
707 3771 924 3852 philosophica.
996 3798 999 3802 >

516 3873 617 3950 ltaque
640 3871 734 3952 inepti
749 3889 871 3952 prorsus
889 3873 926 3935 sd
941 3875 1109 3956 episuopsle
1127 3891 1241 3936 munus
1261 3872 1393 3934 habendi
1406 3869 1454 3950 qui
1466 3862 1520 3926 meti
1579 3866 1580 3901 ³

476 3971 661 4043 litteratores,
675 3973 751 4032 men'
760 3973 943 4036 humanistae
956 3975 1029 4036 sint.
1044 3977 1119 4038 llum
1133 3973 1165 4033 t'
1174 3975 1228 4054 qui
1237 3972 1436 4036 humanisties
1444 3965 1520 4030 mlum
1579 4024 1580 4027 ,

474 4071 642 4134 eruditione
661 4071 777 4148 sigum,
800 4071 855 4134 boe
874 4073 939 4152 ipso
961 4073 1129 4152 theologius
1146 4081 1178 4135 et
1196 4073 1340 4136 emunire
1360 4071 1413 4133 illa
1425 4063 1521 4130 seieufit
1579 4082 1580 4141 ᾗ

473 4178 584 4242 narem,
608 4189 700 4251 quern
727 4169 872 4252 Episenpo
897 4173 1030 4236 diximus
1052 4191 1119 4235 esse
1140 4190 1265 4255 prorsus
1289 4171 1521 4234 neeessariam·-

474 4277 505 4332 2·
533 4274 680 4346 eroniam
708 4273 746 4333 iis
773 4272 887 4334 artibus
913 4275 1044 4352 quisque
1069 4274 1258 4354 potissimum
1280 4271 1391 4346 studet,
1411 4267 1445 4330 ad
1465 4273 1520 4339 Ψ

476 4371 633 4446 ingenium
645 4369 737 4432 habnt
751 4371 941 4432 naturaliter
958 4379 1063 4451 aptum
1086 4380 1117 4434 et
1131 4389 1333 4452 propensum
1353 4378 1383 4430 et
1402 4362 1520 4444 quoniam

475 4468 512 4528 sd
525 4469 721 4550 philosophis
731 4471 854 4548 quidem
867 4487 902 4532 ae
914 4471 1071 4549 theologiae
1083 4491 1193 4550 preses
1204 4475 1360 4551 seriesque
1370 4461 1518 4543 discolius

475 4567 698 4647 prndominans
713 4571 742 4630 in
764 4572 866 4632 animo
890 4572 936 4634 vis
950 4572 1159 4649 intelligentias
1172 4573 1344 4636 spretionis
1365 4567 1517 4648 propensum

471 4676 560 4748 utque
580 4669 730 4730 idoneum
754 4671 911 4734 hominem
925 4671 1006 4746 lauit,
1025 4672 1064 4734 ad
1080 4673 1296 4737 humenistieas
1316 4687 1385 4734 vero
1396 4671 1465 4730 artes
1480 4657 1514 4716 ¹⁰·

472 4770 570 4832 riores
594 4769 722 4848 impellit
744 4772 910 4850 prarrslens
930 4762 976 4834 ris
998 4775 1225 4853 imaginationis
1243 4782 1273 4837 et
1293 4787 1412 4840 ”usust
1429 4761 1515 4826 illm

472 4859 547 4926 meri
573 4867 722 4944 ejusmodi
746 4867 924 4934 litteratores
946 4880 977 4935 et
1005 4873 1187 4938 bumsnistn
1209 4875 1306 4938 multo
1330 4869 1421 4948 musis
1442 4869 1511 4924 filil
