3559 5675
525 712 634 761 sustu.
661 731 693 743 —
719 708 801 767 atera
824 705 994 755 unusctuus.
1238 695 1298 760 309

258 824 445 906 possit-damni
466 824 574 901 accepti
593 820 740 899 reparatio
764 816 903 893 obtineri,
925 816 989 875 huo
1008 818 1156 895 reparatio
1178 820 1298 898 pacifice

258 925 416 1005 preferenda
432 924 553 988 omniuo
573 928 645 985 eet.x
700 969 702 973 .

286 1027 376 1103 luni,
390 1032 422 1085 ut
441 1029 552 1086 mustet
569 1022 722 1091 nationem
739 1015 873 1093 aliquam
885 1020 915 1074 et
925 1014 1095 1083 voluntarie
1106 1017 1230 1085 utenus
1243 1037 1300 1099 po,

254 1127 307 1203 puli
320 1130 385 1203 jura
398 1125 519 1199 lesisse,
537 1127 566 1183 et
583 1122 615 1185 in
633 1117 688 1180 lrae
707 1115 842 1195 improba
859 1111 1010 1179 voluntate
1024 1115 1171 1178 obstinate
1185 1122 1300 1197 persis-

255 1232 312 1293 tere.
327 1242 438 1287 neeesse
454 1224 543 1304 plane
559 1227 613 1295 est,
631 1228 665 1279 ut
677 1222 852 1297 opportune
871 1214 917 1276 illi
931 1216 1123 1291 monitiones,
1138 1224 1300 1295 antequam

254 1326 318 1385 lello
335 1332 492 1405 appetatur,
508 1342 526 1385 a
546 1318 758 1386 nationelasa
772 1315 931 1380 mittantur
946 1334 955 1373 r
972 1314 1035 1375 lieri
1049 1330 1180 1393 namque
1195 1325 1298 1395 potest,

254 1425 492 1503 irrepentes,
516 1422 569 1499 qui
590 1421 685 1489 alium
703 1416 828 1491 leserit,
852 1414 1049 1489 simulatque
1070 1415 1100 1473 id
1120 1420 1301 1495 cognoverit,

253 1523 290 1583 rel
310 1523 433 1585 ostendat
453 1539 486 1583 se
508 1522 582 1585 citra
609 1532 730 1585 omnem
754 1513 941 1587 voluntatem
967 1506 1231 1594 attemptantem,
1255 1514 1303 1590 γρ]

252 1618 337 1679 damni
354 1619 425 1681 illati
445 1616 665 1697 reparationem
683 1611 833 1673 exhibeat.
854 1613 944 1687 Ergo,
963 1616 1021 1683 etc,

284 1716 361 1779 ttet.
377 1718 445 1781 Pos.
461 1718 544 1778 590⁸.
560 1748 598 1758 -
610 1714 700 1778 tustae
714 1708 786 1787 belli
801 1708 949 1775 inferendi
966 1725 1061 1776 rause
1075 1727 1181 1773 omnes
1193 1714 1229 1773 ad
1246 1724 1304 1776 tres

253 1817 308 1878 istas
320 1819 476 1896 pertinent,
496 1815 534 1877 ad
547 1814 661 1875 ordinis
675 1810 798 1871 moralis
816 1809 1047 1885 restitutionem,
1067 1810 1106 1880 ad
1124 1811 1305 1886 damnorum

252 1918 461 1995 reparationem,
477 1922 506 1975 et
524 1914 559 1973 ad
582 1911 706 1993 periculi
720 1908 983 1987 propulsationem.

282 2020 366 2079 Pace.
383 2051 422 2063 -
435 2016 559 2077 Bellum
578 2018 623 2074 est
641 2008 771 2073 violenta
790 2011 839 2070 sui
857 2009 952 2087 ipsius
969 2008 1114 2081 delapsio.
1135 2012 1203 2084 lam
1225 2015 1307 2089 natio

250 2122 377 2197 quapiam
391 2124 491 2197 potest
512 2132 576 2177 rese
595 2110 753 2173 defendere
774 2108 823 2171 rel
841 2126 859 2171 a
880 2108 960 2170 malo
974 2111 1041 2184 jam
1061 2108 1155 2177 illato¹
1170 2112 1247 2181 illud
1259 2131 1308 2184 er·

250 2218 378 2295 pellendo,
392 2220 439 2279 vel
464 2234 482 2277 a
503 2214 583 2275 male
604 2211 794 2288 imminente,
812 2206 888 2269 illud
909 2208 1110 2286 impediendo.
1135 2211 1171 2272 Et
1191 2211 1306 2282 malurn

250 2318 364 2394 quidem,
384 2318 508 2382 illatum
526 2318 578 2375 aut
597 2311 771 2379 imminens,
792 2312 969 2385 potestesse
989 2307 1036 2375 uel
1053 2324 1123 2385 eum
1137 2323 1207 2370 vere
1219 2310 1309 2387 culpe

249 2420 433 2494 conjunctum,
456 2417 527 2493 quia
547 2414 605 2481 luit
625 2415 677 2471 aut
697 2409 800 2468 lutura
821 2412 865 2467 est
886 2404 1000 2481 injuria
1016 2404 1197 2481 voluntaria,
1213 2408 1262 2472 tel
1276 2409 1309 2480 ip

250 2519 376 2579 mauriali
399 2518 504 2579 solum
522 2513 632 2575 damno
651 2510 717 2571 sine
736 2508 825 2585 culpa
844 2506 929 2567 illato
948 2507 1120 2575 consistere.
1140 2507 1172 2565 Si
1186 2505 1308 2581 ‚bellum

250 2614 357 2677 infertur
375 2617 503 2695 praecise
519 2613 554 2673 ad
575 2617 724 2688 acceptam
739 2608 883 2683 injurient
902 2605 1023 2664 moralis
1034 2607 1151 2680 generis
1163 2605 1309 2680 ulciscen-

249 2733 315 2791 ean,
326 2721 391 2795 ejus
409 2732 504 2779 cause
522 2720 567 2775 est
585 2710 699 2773 diutinis
716 2708 864 2769 restitutio
874 2720 885 2781 ;
899 2705 924 2766 si
943 2704 1060 2766 bellurn
1076 2706 1191 2783 geritur
1207 2706 1244 2766 ad
1263 2724 1310 2767 ae-

249 2824 318 2894 cepte
331 2818 442 2886 damna
458 2809 690 2893 compensanda,
709 2811 776 2888 ejus
789 2821 881 2868 eausa
894 2810 940 2866 est
951 2803 1133 2867 domnorum
1145 2806 1307 2884 reputatio.

250 2917 424 2995 utriquest
452 2916 565 2982 bellum
588 2911 729 2972 indioitur
752 2907 787 2968 ad
811 2905 926 2968 malum
945 2905 1205 2983 propulsandum,
1229 2906 1308 2984 quod

248 3019 368 3081 noudum
386 3016 515 3095 quidem
531 3012 622 3074 luerit
640 3010 772 3081 illatum,
791 3005 839 3064 sed
858 3004 946 3082 plane
963 3004 1130 3075 immineat,
1149 3009 1310 3081 cujuscem-

248 3132 297 3193 que
315 3119 388 3184 illud
413 3115 534 3196 generis
556 3114 606 3188 eit,
625 3127 679 3176 seu
699 3106 851 3171 materiale
871 3111 1004 3178 autum,
1024 3120 1078 3172 eeu
1095 3103 1222 3181 nrcrale,
1239 3111 1312 3166 tuuc

248 3217 308 3278 belli
325 3237 414 3283 causa
429 3218 489 3278 erit
502 3212 627 3293 periculi
642 3207 836 3289 propulsatio.
1109 3286 1112 3291 ι

285 3321 518 3381 119i.Gonotn.
540 3317 566 3374 t.
583 3345 618 3358 -
636 3312 689 3371 lus
705 3307 780 3368 illud
799 3306 835 3366 ad
853 3304 991 3368 ordinem
1001 3306 1195 3379 moralemelt
1210 3306 1314 3384 aliquo

247 3419 345 3496 populo
360 3418 510 3478 violatum
526 3408 753 3475 restaurandum
776 3421 837 3466 non
851 3409 946 3482 potest
959 3412 1126 3482 competere
1144 3404 1205 3475 nisi
1216 3405 1242 3472 ei
1256 3421 1314 3476 pa-

250 3517 311 3580 ttoni
323 3535 389 3596 qua
401 3519 642 3595 superioritatem
657 3510 690 3569 in
702 3523 773 3566 eum
785 3503 975 3584 populumne
984 3505 1051 3580 eJ‘ue
1059 3503 1203 3577 delictum
1214 3506 1316 3583 aequi-

248 3619 339 3678 siverit
354 3617 456 3696 pers).
473 3613 527 3674 lus
541 3627 610 3673 vero
629 3609 667 3668 ad
680 3605 953 3684 compensatiouem
966 3604 1143 3680 erigendam
1157 3623 1198 3669 er·
1207 3606 1318 3669 damno

246 3724 366 3796 arrepto,
379 3718 475 3792 etjtrs
493 3711 529 3772 ed
548 3727 611 3772 sese
627 3705 884 3788 praemuniendam
906 3721 942 3776 er
962 3706 1100 3782 prasenti
1121 3706 1253 3784 periculo
1268 3705 1316 3776 illi

247 3819 351 3886 nedoni
362 3814 512 3897 provenit.
931 3845 935 3852 -

281 3920 363 3994 lam,
388 3917 471 3996 quud
495 3913 534 3974 ad
551 3911 695 3974 doliolum
717 3906 907 3988 puniendum
926 3905 1066 3984 pertinet,
1088 3906 1254 3977 nounduut
1273 3913 1319 3980 est

247 4018 334 4096 hujus
361 4019 465 4084 delicti
495 4015 669 4095 participem
699 4008 866 4070 habendam
892 4022 957 4066 esse
985 4021 1198 4082 quameunque
1226 4006 1318 4073 sliam

246 4129 372 4198 gentem,
386 4136 456 4196 quae
467 4115 613 4195 populum
624 4111 721 4172 delicti
736 4114 886 4173 auctorem
897 4104 1156 4181 armisdeiendere,
1168 4106 1315 4173 instituat.

249 4221 325 4280 lude
331 4219 499 4294 colligitur,
509 4213 626 4292 quoties
638 4211 780 4270 delictum
792 4206 867 4267 illud
882 4211 912 4264 et
922 4221 1011 4280 prave
1020 4210 1050 4264 et
1058 4204 1250 4284 manifestum
1261 4213 1318 4283 est,

247 4321 375 4382 menime
387 4319 478 4381 licere
492 4313 619 4384 nationi,
631 4326 699 4388 quae
709 4308 761 4368 teli
773 4305 879 4368 delicto
887 4305 957 4364 laesa
966 4309 1020 4382 eet,
1032 4304 1126 4367 anuis
1133 4320 1319 4384 oppugnare,

247 4427 274 4478 et
294 4420 404 4482 bellica
422 4417 506 4478 omni
527 4413 682 4474 severitate
702 4408 810 4488 punire
832 4405 980 4486 poputum
999 4404 1164 4482 quemlibet
1179 4406 1261 4485 genti¹
1274 4405 1321 4469 itti

248 4524 342 4582 uoriae
366 4519 492 4588 armatis
512 4514 603 4594 copiis
618 4509 825 4592 opitulantem,
843 4507 903 4568 uisi
917 4503 1100 4586 sufficienter
1118 4505 1271 4575 admonita
1282 4507 1321 4579 ab

247 4621 362 4701 incepto
374 4621 505 4690 desistat.

284 4723 375 4800 Quod
396 4740 463 4784 vero
476 4721 601 4802 pertinet
616 4717 653 4780 ad
665 4719 718 4794 jus
732 4712 834 4774 damni
849 4709 1075 4790 compescendi,
1087 4709 1232 4788 quoniam
1244 4707 1322 4779 illud
