3559 5675
487 713 546 784 tsd
891 730 971 780 ronta
991 727 1151 780 naruuanrs

487 837 675 898 solummodo
702 837 838 898 ordinem
865 837 952 913 tueri,
981 843 1010 896 et
1030 843 1113 896 actus
1134 836 1203 895 illos
1223 836 1425 896 tantummodo
1446 838 1531 914 puuira

485 939 539 1015 qul
551 936 586 996 ad
598 937 739 998 socialem
750 934 885 997 ordinem
898 934 1082 996 turbandum
1098 934 1240 996 tendunt:
1253 951 1346 1012 quare
1352 938 1403 1012 ius
1412 936 1531 1013 puniendi

487 1038 566 1115 quod
585 1038 714 1098 societati
728 1037 876 1116 competit,
897 1041 995 1096 toturn
1014 1035 1285 1114 deduciturajure
1301 1036 1331 1096 et
1349 1033 1451 1106 officio,
1469 1035 1531 1112 quod

488 1139 610 1198 societas
637 1137 737 1212 habet,
765 1137 878 1197 externi
907 1137 1022 1198 ordinis
1049 1136 1246 1198 custodiendi.
1269 1133 1458 1196 individualis
1479 1151 1533 1194 vero

487 1237 650 1298 honestatis
669 1237 754 1297 nullu
771 1253 843 1298 curu
856 1237 990 1297 societati
1007 1238 1167 1297 commissa
1179 1242 1224 1296 est
1240 1243 1345 1315 prester
1359 1251 1422 1295 eam
1440 1233 1532 1312 queat

487 1341 644 1398 externum
655 1351 707 1396 sou
721 1336 860 1398 socialem
874 1335 1011 1396 ordlnom
1025 1337 1162 1414 perduct.
1180 1336 1301 1406 idcireo,
1316 1341 1350 1395 ut
1360 1350 1391 1396 n.
1405 1333 1460 1394 ott
1471 1333 1535 1391 vidi·

488 1441 568 1507 inus,
586 1437 732 1512 objectum
745 1435 825 1512 juris
843 1435 971 1496 lrurrrani
988 1440 1033 1495 ost
1049 1433 1149 1495 solum
1165 1432 1307 1494 delictum
1324 1434 1438 1511 proprie
1450 1445 1535 1507 sunp

489 1543 564 1595 tum.
585 1538 659 1612 Ergo
678 1535 809 1595 societati
823 1533 942 1594 nullum
954 1535 1007 1611 J‘us
1019 1541 1064 1593 est
1079 1531 1224 1612 puniendi
1237 1533 1365 1592 crimine
1376 1549 1441 1609 qum
1451 1531 1535 1589 iuliu-

487 1635 570 1696 duali
582 1643 699 1696 tantum
709 1634 789 1694 hono
798 1634 945 1712 peccantis
957 1639 1137 1711 repugnant.
1147 1633 1226 1708 Ergo
1235 1629 1401 1710 punitionis
1413 1631 1535 1708 propono

488 1751 548 1796 non
561 1733 598 1794 sd
609 1733 766 1806 moralem,
785 1747 832 1792 sec
845 1731 882 1792 ad
894 1733 1014 1793 civilem
1028 1732 1129 1794 delicti
1141 1731 1288 1791 malitiam
1302 1730 1428 1809 aptanda
1440 1735 1488 1789 ast

528 1839 619 1896 Pron.
637 1839 669 1893 ὓ·
680 1847 766 1894 rans.
778 1863 818 1878 -·
832 1833 1042 1894 Delictumost
1059 1839 1142 1892 actus
1155 1831 1328 1892 voluntatis.
1348 1833 1441 1891 Potest
1456 1835 1534 1889 sumn
1588 1870 1589 1879 1

488 1934 626 1996 voluutas
639 1937 668 1993 st
680 1931 838 1992 consilium
859 1931 959 1992 delicti
980 1929 1111 2010 altcujus
1130 1933 1336 1994 committendi
1356 1934 1536 2009 susciperem

488 2036 543 2095 lroc
550 2033 708 2094 consilium
719 2017 890 2110 susceptum
900 2031 1177 2111 manifestarespud
1187 2030 1537 2108 coetuuudeltuieuoou-

489 2135 600 2194 tionem
614 2131 746 2210 aggredi,
757 2132 1015 2194 stsxsecutionenr
1027 2131 1105 2192 launo
1112 2133 1262 2211 perlicere,
1274 2135 1352 2210 quin
1362 2139 1535 2193 tenesmum

487 2233 578 2293 dnum
597 2231 739 2306 oltttnoct,
754 2239 785 2291 et
802 2231 844 2291 lta
857 2231 978 2308 namqui
993 2236 1028 2289 ut
1042 2230 1133 2291 linem
1150 2245 1244 2292 suum
1262 2229 1354 2310 plano
1374 2235 1534 2309 assamur.

486 2333 624 2393 lemvsro
634 2330 666 2390 hi
680 2331 751 2390 verti
760 2329 871 2407 gradus
884 2347 936 2408 per
948 2345 1026 2406 qnos
1034 2329 1134 2392 delicti
1148 2333 1300 2392 erseoutio
1311 2331 1350 2392 ad
1367 2335 1500 2409 majorem
1510 2337 1536 2386 ar

487 2436 633 2510 majorem
649 2432 848 2508 integritatem
863 2432 1009 2510 pervenit,
1026 2434 1173 2510 majorem
1186 2433 1276 2492 etlam
1288 2447 1325 2494 ao
1336 2435 1476 2510 majorem
1487 2445 1536 2489 ua-

488 2530 583 2590 titiam
608 2531 727 2590 civilem
747 2545 864 2604 omnes,
887 2529 997 2590 ultimo
1017 2537 1147 2609 excepto,
1170 2533 1337 2607 continent,
1360 2538 1389 2592 et
1409 2531 1499 2608 majus
1513 2543 1537 2586 ao

487 2633 587 2708 majus
601 2629 731 2690 societati
746 2627 893 2688 damnum
906 2645 1011 2690 omnes
1024 2630 1168 2692 inierunt.
1183 2631 1307 2693 Socialis
1325 2639 1427 2693 autern
1445 2629 1537 2710 punitio

486 2729 575 2790 debet
592 2731 708 2807 justam
728 2728 950 2806 proportionem
970 2728 1008 2789 ad
1029 2731 1171 2791 socialem
1192 2730 1290 2791 delicti
1311 2731 1456 2791 molitiem
1471 2735 1497 2788 et
1509 2726 1536 2786 ad
1588 2784 1589 2789 ,

487 2829 632 2889 damnum
647 2825 754 2889 delicto
767 2825 884 2888 illatum
898 2827 1019 2891 habere.
1035 2830 1114 2907 Ergo
1126 2830 1244 2891 socialis
1261 2830 1380 2909 punitio
1395 2829 1477 2893 dolet
1486 2844 1537 2904 gra·

487 2928 576 2989 dibus
589 2927 688 2989 delicti
704 2927 900 3005 integralibus
911 2944 976 2989 csse
989 2929 1219 3007 proportionata.

526 3028 596 3091 969.
612 3030 678 3091 Poe.
693 3026 827 3090 llos·
847 3028 968 3089 Socialts
989 3029 1103 3089 malitia
1127 3028 1227 3091 delicti
1248 3032 1386 3108 quinque
1398 3029 1536 3109 precipuos

486 3126 596 3205 gradus
609 3124 706 3202 babet,
725 3128 837 3207 priores
848 3126 1063 3205 posterioribus
1075 3130 1206 3206 majores
1221 3148 1229 3187 ε
1242 3129 1390 3191 delictum
1401 3136 1494 3191 contra
1503 3136 1537 3185 re

486 3228 629 3305 ligiouenr
650 3226 801 3298 socialem,
816 3226 958 3289 delictum
971 3234 1074 3289 contra
1084 3230 1240 3307 publicum
1251 3230 1401 3307 ordinans,
1416 3227 1536 3291 delictum

486 3336 588 3389 contro
602 3327 748 3405 privatam
760 3343 931 3404 personent,
944 3326 1088 3390 delictum
1102 3334 1205 3390 contra
1216 3330 1325 3410 privsti
1336 3330 1486 3404 tantilem,
1494 3326 1539 3385 de·

485 3428 591 3487 lictum
608 3432 711 3486 contre
723 3426 831 3505 privati
846 3424 993 3487 lortunas.

528 3528 619 3586 Peos.
633 3557 672 3570 -
687 3526 834 3585 Externus
847 3526 993 3587 societatis
1017 3528 1091 3591 ordo
1115 3530 1148 3589 in
1170 3536 1294 3590 externa
1310 3530 1462 3592 honestata
1478 3526 1538 3587 sitm

487 3630 540 3686 cst.
557 3626 631 3685 llum
649 3622 767 3682 socialis
782 3622 855 3683 ordo
872 3625 1009 3685 consistit
1020 3628 1054 3687 in
1071 3635 1148 3689 recte
1166 3628 1342 3689 ordinandis
1357 3627 1491 3689 lrnmeuis
1503 3625 1538 3682 iu·

486 3720 617 3781 dividuis
631 3718 724 3798 (735),
737 3734 869 3798 quorum
888 3724 1033 3801 primast
1052 3726 1179 3786 marinis
1196 3728 1363 3787 nocessana
1381 3725 1537 3807 perlectioet

487 3822 612 3882 lelloitas
631 3822 663 3879 in
675 3822 801 3897 juruun
814 3821 932 3898 legibus
944 3824 1100 3885 servandis
1116 3827 1211 3905 posita
1224 3833 1274 3886 est
1285 3826 1350 3903 (uo.
1364 3840 1409 3903 m,
1423 3842 1453 3885 n.
1469 3821 1536 3896 llo).

488 3920 656 3980 Honestutis
666 3926 767 3979 eutem
782 3925 1010 3999 osternaeatqus
1023 3924 1158 3995 internos,
1176 3924 1301 3985 morello
1311 3926 1423 3990 sollium
1433 3940 1466 3985 ac
1477 3922 1538 3981 ciu-

487 4018 535 4089 lis,
552 4016 663 4078 cedem
685 4018 809 4079 omnino
822 4033 935 4079 norme
949 4026 1042 4081 sunt:
1057 4029 1177 4082 externa
1195 4025 1307 4102 quippo
1326 4024 1464 4085 honestas
1475 4015 1536 4078 nilril

487 4116 568 4178 uliud
594 4125 639 4178 est
664 4130 757 4196 quam
779 4120 905 4179 interne
918 4120 1130 4181 manifestatio.
1141 4122 1232 4199 tuot
1246 4122 1371 4183 moralia
1383 4122 1476 4183 oldus
1486 4116 1535 4179 cul«

486 4234 546 4297 qus
557 4214 673 4279 homini
687 4217 824 4295 quinque
844 4219 990 4297 principos
1001 4225 1075 4279 snut
1089 4234 1099 4278 ε
1112 4236 1185 4297 erga
1198 4223 1307 4296 muna,
1327 4238 1397 4299 erga
1410 4223 1536 4298 seipsum

485 4332 554 4391 erge
567 4316 696 4377 alienam
711 4332 883 4397 personam,
898 4332 968 4392 erga
981 4317 1111 4379 alienam
1122 4321 1278 4389 lamiliurn,
1291 4322 1482 4399 ergaulisnas
1491 4316 1536 4375 lor·

485 4424 584 4477 tunes.
601 4419 746 4478 Prntsres
759 4414 816 4477 cult
830 4416 937 4476 morati
953 4424 1099 4496 respectu,
1111 4422 1223 4481 oetens
1233 4422 1366 4497 partitus,
1380 4415 1537 4499 culpabilior

485 4518 593 4595 estqui
615 4515 721 4579 olllciis
743 4516 807 4577 suis
828 4532 900 4593 erga
914 4520 1126 4596 ommonem
1146 4522 1200 4598 qul
1224 4520 1331 4583 officiis
1344 4520 1536 4598 ergastipsuu

484 4615 577 4689 deest,
589 4618 641 4695 qui
654 4615 752 4678 olllcia
771 4632 842 4694 erge
856 4616 1001 4697 seipsum,
1012 4635 1107 4698 quam
1121 4620 1174 4698 qui
1188 4620 1285 4682 ollicia
1297 4638 1369 4699 erga
1379 4622 1451 4681 alios
1462 4610 1537 4675 viold

485 4716 567 4795 (553,
586 4712 667 4793 llo).
694 4718 770 4795 llrgo
794 4718 885 4781 etiarn
904 4718 1033 4782 civiliter
1052 4721 1189 4799 quinquo
1209 4721 1315 4784 Mean
1338 4722 1390 4784 ills
1408 4718 1536 4801 precipuo
