3559 5675
464 750 521 818 titi
874 764 952 814 toute
975 766 1134 815 narrisius

501 881 593 941 rim.
616 910 656 927 -
675 874 752 938 ium
765 882 882 947 nature,
899 883 963 935 tum
976 876 1044 937 linis
1058 876 1204 937 societatis
1219 874 1296 936 harto
1313 874 1394 937 cirili
1409 878 1539 936 erritori·

462 980 513 1039 teti
527 980 737 1055 obligationem
758 976 889 1054 pariunt.
912 975 944 1034 l·
962 974 1091 1036 Societas
1110 982 1213 1054 suopte
1232 982 1342 1036 notura
1359 983 1404 1036 est
1421 978 1539 1035 entium

461 1075 693 1153 intelligentium
706 1074 874 1151 cooperatio
885 1069 978 1147 (los).
1003 1074 1079 1150 Ergo
1090 1075 1187 1135 civilis
1200 1076 1372 1149 eucerius,
1385 1076 1434 1135 cni
1450 1074 1541 1135 cotim

461 1176 664 1237 emocintionis
684 1190 845 1234 mmmme
871 1173 985 1233 bonum
1008 1173 1228 1253 procurandum
1252 1177 1450 1235 commissum
1474 1180 1540 1249 est,

461 1274 550 1335 debet
562 1274 611 1335 bis
624 1274 744 1334 entibus
765 1272 1002 1348 intelligentibus
1020 1288 1186 1351 eorumque
1208 1275 1355 1335 consortio
1374 1290 1543 1351 congreret]-

462 1384 521 1432 tem
540 1374 753 1451 perfectionem
767 1380 952 1449 mmperare.
966 1372 1057 1448 lltqru
1074 1372 1190 1433 eodum
1210 1371 1446 1449 intelligentium
1469 1388 1543 1451 prte-

461 1477 549 1551 eipue
570 1478 601 1533 et
622 1473 751 1532 marimo
775 1466 944 1531 decesseris
970 1472 1082 1532 mentis
1105 1472 1244 1551 perleclio
1265 1478 1310 1533 est
1338 1472 1447 1533 veritas
1473 1473 1542 1533 reli·

461 1576 554 1650 piosa,
578 1575 655 1633 sieut
673 1572 819 1651 pirrecipne
843 1578 873 1631 et
888 1570 1021 1631 maxime
1034 1572 1198 1633 necessaria
1214 1571 1377 1633 voluntatis
1399 1572 1542 1651 perlectis

461 1682 507 1733 est
520 1674 588 1749 ejus
601 1668 689 1731 mure
710 1671 748 1731 ed
770 1673 865 1731 licum
882 1668 1037 1730 adhesio:
1059 1670 1198 1749 perfectio
1216 1677 1318 1733 eutem
1338 1672 1542 1733 associationis

462 1783 507 1832 est
526 1772 668 1847 religioso
686 1771 795 1844 ciuitas,
810 1775 844 1829 nt
858 1768 991 1829 vidimus
1005 1787 1036 1829 u.
1055 1770 1124 1831 874.
1140 1772 1217 1846 Ergo
1239 1772 1365 1832 societas
1384 1788 1455 1847 quae
1474 1774 1542 1831 uui·

464 1880 554 1933 tatem
576 1871 654 1933 benc
672 1872 739 1947 iem
770 1868 898 1943 babeat,
922 1868 1011 1929 debet
1035 1868 1117 1931 illam
1141 1870 1360 1933 studiosissime
1383 1871 1442 1933 sibi
1466 1888 1541 1935 ooo·

464 1988 591 2031 errrore.
790 2018 798 2031 .

504 2071 596 2147 Atqu
608 2084 670 2129 non
686 2074 784 2147 potest
799 2068 924 2129 sociotos
937 2082 1006 2127 eam
1018 2068 1078 2129 sibi
1091 2084 1221 2145 serrare,
1236 2070 1296 2131 uisi
1308 2070 1428 2132 socialis
1441 2078 1542 2132 uncto·

464 2176 536 2233 ritas
554 2180 584 2230 et
601 2175 759 2229 veneretur
777 2170 843 2248 ipse
863 2175 956 2247 etque
975 2176 1142 2247 exequatur
1165 2186 1232 2248 que
1248 2170 1350 2233 divina
1364 2171 1415 2232 ilia
1435 2173 1543 2248 religio

463 2271 585 2353 publice
594 2268 785 2347 exsequenda
793 2270 967 2347 proecmbit,
979 2274 1009 2329 et
1020 2270 1122 2348 procul
1137 2278 1286 2333 removeat
1298 2272 1482 2351 omniaque
1494 2290 1541 2333 so-

464 2373 525 2433 cios
543 2371 583 2431 ob
595 2386 632 2430 ea
647 2368 792 2445 religiono
814 2367 1001 2429 observanda
1020 2369 1168 2431 retardare
1193 2378 1340 2449 possunt3
1355 2388 1423 2449 quer
1440 2374 1543 2433 omnio

464 2471 612 2533 evidentis
623 2475 705 2529 suot.
723 2469 784 2529 liisl
797 2469 880 2529 enirn
905 2468 1024 2529 socialis
1037 2470 1197 2529 auctoritas
1209 2488 1243 2531 ee
1255 2472 1442 2549 prostiterit,
1457 2472 1543 2533 facile

465 2572 549 2633 iliius
568 2568 617 2629 vel
639 2574 843 2645 resumptum
864 2566 913 2628 vel
936 2560 1108 2629 semidiem
1121 2571 1291 2647 religiosam
1314 2570 1425 2632 subditi
1453 2572 1542 2632 malti

464 2670 665 2733 imitabuntur
673 2691 682 2745 3
711 2668 800 2728 lecile
826 2668 999 2745 aliquorum
1031 2669 1151 2730 licentis
1175 2678 1205 2731 et
1228 2670 1395 2748 petulantie
1419 2680 1543 2733 coeteros

465 2788 570 2835 omnes
583 2768 732 2831 modestos
744 2774 773 2827 et
787 2768 881 2848 piosa
897 2768 1050 2846 religionis
1068 2770 1274 2831 observatione
1285 2778 1437 2843 evertent;
1455 2772 1542 2833 facile

465 2871 684 2936 romuleum
703 2868 750 2930 vei
766 2870 917 2930 temeritas
933 2869 979 2929 rel
1002 2871 1140 2950 impietas
1158 2885 1352 2933 communem
1374 2873 1541 2934 doctrinm

463 2973 610 3032 divinitus
634 2967 775 3028 traditam
799 2973 989 3047 corrumpet,
1013 2970 1158 3030 ooitotmn
1192 2969 1362 3047 religiosam
1386 2971 1538 3033 dissolvet.

463 3075 553 3150 Ergo,
567 3077 622 3132 etc.

503 3178 535 3234 2·
546 3170 671 3232 socialis
685 3169 842 3230 euotoutas
858 3167 958 3238 debet,
975 3173 1009 3228 ut
1022 3169 1077 3228 lini
1088 3169 1237 3230 societatis
1251 3171 1404 3232 essonbali
1421 3173 1540 3234 sulisla-

461 3275 531 3344 eiat,
546 3270 605 3331 telo
617 3269 708 3330 sociis
720 3266 872 3328 meudun
884 3267 999 3328 bonurn
1011 3283 1194 3348 computare,
1209 3271 1290 3346 quod
1303 3271 1473 3334 laoiliorem
1482 3273 1540 3334 iliis

463 3373 533 3436 boni
543 3369 659 3432 bonesti
666 3367 856 3444 adeptionem
862 3365 979 3428 efficiat.
989 3370 1078 3444 Atqui
1091 3369 1254 3445 areligiosu
1265 3373 1388 3432 veriore
1397 3373 1540 3434 maximo·

463 3487 534 3554 pere
551 3470 695 3530 utilitates
708 3467 798 3526 etiam
813 3468 983 3528 materiales
996 3469 1144 3528 societatis
1159 3469 1311 3547 pendeut3
1332 3477 1361 3531 et
1375 3487 1455 3532 serre
1470 3471 1539 3532 reli·

462 3573 560 3649 gionie
573 3567 797 3630 obsonetioeot
808 3566 946 3626 omoium
960 3566 1120 3628 bominum
1132 3569 1265 3630 officium
1279 3569 1414 3648 adeoque
1426 3571 1538 3633 bomini

462 3673 634 3735 honestum.
644 3669 734 3743 Ergo,
742 3665 794 3726 obi
804 3681 882 3745 pene
890 3680 996 3726 omnes
1006 3667 1084 3727 cives
1094 3669 1350 3747 supernaturalem
1363 3669 1539 3747 religionem

459 3768 628 3850 memnon
638 3764 766 3844 amplexi
780 3765 852 3839 sint,
866 3763 965 3826 civilis
979 3767 1139 3826 eucmritos
1154 3765 1242 3828 debet
1255 3769 1287 3828 iu
1299 3768 1405 3830 ordine
1416 3777 1538 3832 caterno

462 3869 569 3947 etipsa
578 3867 672 3927 iimcc
684 3863 812 3924 moedis
826 3863 971 3924 omnibus
986 3863 1163 3926 interdicere
1176 3879 1364 3944 quoeunque
1379 3867 1478 3946 hujus
1492 3885 1538 3928 re-

462 3969 584 4046 ligionis
593 3963 814 4028 observantiam
824 3962 983 4042 impedire,
997 3970 1027 4023 et
1039 3963 1119 4026 banc
1133 3964 1305 4041 religiosum
1320 3969 1473 4030 unitatem
1482 3969 1538 4030 dis·

462 4069 579 4132 solvero
587 4069 722 4148 mount.

502 4168 573 4231 884.
592 4163 896 4228 (brom-timos
914 4161 1187 4240 politico-religiosa
1212 4165 1305 4242 igitur
1328 4184 1345 4227 e
1369 4167 1538 4228 voluntario

462 4283 611 4330 consensu
633 4263 818 4336 esiconem
844 4262 969 4340 quidem
994 4277 1159 4324 consensm
1179 4271 1224 4325 est
1242 4265 1440 4343 obligatorias
1462 4267 1538 4346 apud

463 4367 602 4428 inomaus
614 4365 763 4440 maiusque
779 4361 928 4422 individui
949 4364 1160 4425 conmieutiera
1179 4381 1232 4444 pre
1253 4368 1370 4426 ratmne
1383 4365 1539 4429 eviduroe

462 4483 523 4546 qoe
543 4464 742 4540 dirioejusm
760 4475 814 4542 per
835 4461 922 4524 illem
941 4460 1154 4524 revolutionem
1173 4467 1300 4528 notuit.
1324 4467 1408 4528 onie
1425 4467 1537 4528 intelli·

461 4581 532 4644 pere
553 4562 692 4642 qouque
709 4567 806 4640 potest
822 4561 1051 4624 associationem
1070 4563 1269 4636 catholicam.
1297 4565 1468 4628 voluntaria
1495 4567 1540 4625 rti-

460 4666 538 4727 sino
559 4661 751 4724 revelmionis
763 4660 1005 4724 inteiiibilislide
1018 4662 1190 4740 ibodeum,
1204 4665 1315 4746 peru'vo
1326 4667 1536 4736 minutiam.

459 4765 568 4852 partim
586 4763 792 4844 obligatorium
812 4778 879 4827 osse
895 4761 960 4844 (lib.
978 4779 1022 4842 vt,
1036 4779 1064 4828 o.
1079 4769 1108 4844 t,
1120 4781 1147 4826 n.
1164 4767 1204 4845 t).
