3559 5675
460 751 520 811 til
860 764 942 812 rums
961 762 1121 811 ιιιτιιιιιιιι

460 870 559 951 morlo,
581 868 634 933 sed
652 870 690 932 ael
702 870 936 950 omnebonum,
962 868 1001 932 ad
1021 871 1138 932 honum
1157 871 1190 930 in
1213 885 1322 947 genere
1334 876 1364 930 et
1382 869 1506 929 ahstrute

457 973 612 1050 cognitum
627 972 740 1033 lerator
754 971 826 1049 (46).
844 971 928 1033 lianc
942 977 1044 1033 autem
1063 976 1181 1032 natura
1197 969 1337 1032 humana
1348 970 1508 1031 nolentum

459 1076 491 1135 in
505 1073 618 1134 honum
634 1072 843 1134 universaliter
856 1073 1024 1149 cognitum,
1035 1088 1144 1150 nempe
1156 1073 1190 1132 in
1202 1070 1370 1133 felicitatem
1385 1071 1509 1131 abstracte

457 1176 622 1251 sumptam,
638 1170 671 1231 in
690 1186 783 1248 quam
795 1186 902 1231 omnes
915 1171 1026 1249 pariter
1036 1168 1176 1231 homines
1189 1184 1228 1229 ex
1243 1170 1414 1230 necessitate
1423 1185 1510 1228 essen·

456 1270 506 1330 tia
519 1284 581 1329 sue
590 1270 772 1347 conspirant,
785 1268 918 1330 vidimus
928 1273 1007 1329 retro
1019 1284 1085 1329 esse
1098 1266 1192 1327 tinem
1210 1268 1366 1347 proprium
1381 1267 1511 1328 concutis

456 1369 649 1446 universalis,
658 1386 720 1449 qua
729 1384 835 1429 omnes
849 1368 897 1428 illi
909 1373 982 1429 sunt
994 1368 1072 1428 inter
1083 1383 1117 1428 se
1129 1384 1166 1428 er
1182 1366 1386 1446 metaphysica
1398 1366 1511 1428 ooeessi

458 1475 515 1531 tate
526 1468 678 1549 conjuncti
695 1468 788 1545 (437).
909 1531 913 1542 ,

495 1571 634 1631 lamvero
645 1567 728 1630 hunc
741 1568 832 1629 linem
843 1567 991 1628 societatis
1002 1566 1194 1641 universalis,
1202 1566 1239 1627 acl
1249 1584 1342 1646 quem
1353 1583 1514 1650 persequen·

456 1670 531 1731 dum
557 1671 656 1731 omnis
679 1668 770 1731 homo
796 1668 990 1747 insuperabili
1001 1675 1116 1731 natura
1138 1671 1313 1730 necessitate
1331 1676 1461 1747 urgetur,
1484 1667 1514 1728 ad

456 1771 590 1832 altiorem
605 1768 769 1847 quemdam
783 1765 912 1845 madum
926 1770 1046 1828 Creator
1057 1785 1161 1829 rerum
1174 1770 1316 1829 omnium
1333 1776 1364 1829 et
1380 1770 1516 1846 guberne·

455 1874 502 1929 tor
515 1868 705 1945 omnipotens
723 1868 830 1944 evexit,
851 1882 981 1945 eumque
1005 1868 1038 1927 in
1054 1867 1133 1928 hono
1156 1867 1289 1945 quodam
1308 1866 1516 1947 supernaturali

457 1984 490 2029 cc
500 1968 746 2045 prestantissimo
756 1982 809 2047 per
820 1966 931 2028 Christi
942 1967 1062 2027 homini
1072 1968 1178 2027 merita
1189 1967 1356 2028 obtinendo
1369 1968 1524 2035 collocarit.

455 2068 566 2146 (Pnnc.
588 2083 598 2129 ι
617 2073 647 2127 et
660 2082 700 2141 tr,
714 2066 793 2127 1257
806 2071 837 2125 et
849 2065 947 2144 seqq.)
971 2068 1039 2139 Quo
1058 2066 1171 2126 leoham
1187 2072 1243 2142 est,
1266 2072 1303 2127 ut
1326 2084 1418 2128 nemo
1433 2065 1516 2127 leliu-

455 2172 513 2230 tatc
524 2167 587 2241 illa,
606 2166 748 2245 adquam
762 2165 899 2227 humana
909 2171 1018 2227 namra
1023 2166 1094 2227 tetis
1111 2168 1176 2227 suis
1189 2167 1306 2229 virihus
1319 2168 1429 2243 inhiat,
1442 2164 1516 2245 potiri

455 2273 545 2347 queat
562 2265 659 2345 aliter,
678 2266 810 2345 quamsi
824 2265 940 2326 honum
950 2262 1030 2326 illud
1045 2260 1274 2346 supernaturale
1295 2274 1471 2345 assequatur
1487 2265 1516 2324 ad

454 2366 535 2445 quod
547 2365 721 2428 sectandum
742 2370 773 2426 et
790 2364 989 2425 obtinendum
1008 2364 1171 2427 christiana
1184 2366 1292 2442 religio
1308 2374 1340 2428 et
1353 2368 1435 2427 viam
1447 2380 1517 2427 mon

455 2472 529 2527 strat
542 2472 569 2526 et
583 2466 662 2525 vires
675 2462 855 2543 suppeditat

495 2567 596 2642 ltaque
608 2564 646 2623 ad
660 2563 799 2623 salutaris
812 2560 908 2641 hujus
924 2561 1080 2638 religionis
1090 2564 1267 2626 notitiamet
1284 2566 1406 2629 cultum
1420 2566 1517 2643 ubique

454 2673 602 2727 terrarum
612 2662 851 2743 propagandum,
866 2662 1003 2723 Chrhtrs
1023 2664 1170 2724 Dominus
1179 2663 1320 2725 homines
1332 2666 1452 2743 aliquos
1468 2682 1518 2726 sue

454 2764 593 2846 potentia
614 2763 768 2823 ministros
790 2762 879 2840 clegit
895 2761 1005 2840 (Prius.
1021 2778 1057 2824 ιιι
1075 2769 1104 2823 et
1117 2779 1149 2835 v,
1168 2767 1246 2825 thot)
1259 2771 1290 2825 ct
1306 2766 1413 2844 1262),
1426 2769 1518 2845 suique

455 2863 579 2924 vicarios
603 2861 758 2923 constituit
778 2863 810 2921 in
824 2861 960 2924 humano
973 2877 1083 2939 genere
1091 2863 1224 2925 docendo
1246 2873 1276 2926 et
1290 2867 1519 2942 gubernantem

455 2963 492 3024 iis
505 2963 722 3040 omnibusque
736 2961 772 3022 ad
787 2960 871 3022 illam
889 2963 1148 3040 supernaturalem
1164 2965 1340 3026 felicitatem
1349 2983 1519 3047 persequen-

455 3063 524 3126 dam
542 3069 693 3145 spectant.
709 3059 823 3124 Horum
838 3062 1002 3124 homiuum
1020 3072 1051 3124 et
1070 3081 1176 3126 eorum
1194 3067 1248 3144 qui
1262 3065 1407 3148 deinceps
1430 3070 1461 3127 in
1476 3067 1520 3126 hoc
1588 3054 1589 3099 ³

454 3179 568 3225 munus
587 3163 761 3238 succedunt,
779 3163 934 3242 proprium
950 3165 1004 3240 jus
1024 3169 1053 3224 et
1066 3163 1199 3227 officium
1213 3174 1258 3227 est
1271 3167 1367 3229 linem
1383 3167 1469 3228 illum
1481 3184 1521 3228 su·
1588 3220 1589 3239 ,

453 3263 676 3343 perneturalem
691 3261 810 3342 populis
823 3261 964 3322 omnihus
976 3278 1164 3342 proponere,
1183 3272 1213 3325 et
1231 3265 1372 3326 subsidia
1392 3282 1520 3344 superna·
1588 3244 1589 3267 ¹

455 3363 576 3440 toralia,
598 3363 630 3422 in
647 3361 788 3423 eumdem
806 3360 899 3422 linem
911 3360 959 3421 his
975 3363 1122 3424 ministris
1139 3362 1289 3426 achristo
1310 3367 1441 3426 Domino
1454 3380 1522 3426 com-

455 3463 557 3536 missa,
583 3469 748 3543 opportune
762 3461 799 3522 iis
818 3463 871 3538 qui
888 3461 1069 3523 crediderint
1089 3463 1231 3525 exhihere
1252 3481 1287 3526 ac
1304 3466 1365 3526 rite
1387 3467 1521 3546 applicare

457 3562 565 3642 (princ.
583 3576 630 3639 nr,
652 3559 752 3638 1260).
766 3561 841 3621 ilinc
853 3577 922 3622 vero
934 3561 1097 3626 christiana
1107 3565 1231 3625 societas
1245 3567 1394 3643 emergit,
1406 3567 1440 3628 in
1453 3565 1521 3626 hunc

455 3661 544 3723 ulem
565 3663 656 3721 linem
669 3659 814 3720 ordinata.
1174 3653 1179 3662 '

496 3763 583 3823 1265.
600 3761 729 3822 Cononm
744 3793 785 3804 -
795 3760 905 3821 Ultima
914 3761 1076 3840 cujuslibet
1089 3762 1167 3823 entis
1188 3763 1330 3841 perlectis
1354 3782 1411 3826 seu
1421 3762 1520 3847 persee-
1588 3774 1589 3841 t

455 3863 497 3922 tio
516 3861 546 3920 in
556 3861 690 3939 termeno,
703 3863 838 3924 consistit
851 3863 883 3923 in
897 3863 986 3941 plena
999 3862 1083 3924 illius
1095 3879 1166 3924 cum
1184 3865 1295 3926 ultimo
1312 3882 1370 3927 suo
1387 3868 1445 3928 fine
1458 3881 1519 3926 con
1588 3852 1589 3873 ¹

365 4036 369 4042 Ι
454 3962 615 4040 junctione.
637 3955 782 4040 Ejusdem
799 3961 940 4042 perfectio
954 3961 986 4021 ia
1002 3963 1052 4023 oia
1073 3964 1151 4024 nihil
1174 3965 1258 4024 aliud
1275 3972 1320 4025 est
1334 3984 1431 4044 qtram
1450 3967 1519 4026 illius

454 4065 523 4138 apta
550 4059 704 4139 dispositio
727 4067 755 4120 et
785 4061 916 4140 operatio
943 4059 980 4120 ed
1006 4060 1149 4121 ultimum
1176 4063 1270 4122 tinem
1306 4065 1518 4142 assequendum

456 4157 519 4237 (19,
534 4159 598 4239 20).
610 4159 686 4236 Ergo
705 4159 853 4220 societatis
871 4159 1042 4220 christiane
1060 4161 1201 4240 perfectio
1215 4169 1277 4224 tota
1291 4166 1350 4225 sita
1364 4174 1410 4226 est
1422 4168 1452 4225 iu
1461 4163 1518 4225 effi·

453 4257 533 4316 cacia
548 4261 577 4316 et
589 4258 618 4318 vi
638 4273 698 4334 qua
712 4257 765 4318 illa
785 4257 925 4319 socialem
949 4261 1152 4338 operationem
1169 4263 1277 4323 excitat
1292 4281 1327 4326 ac
1339 4265 1477 4344 propellit
1486 4261 1516 4323 ad

454 4368 525 4412 eum
551 4355 641 4414 linem
664 4358 925 4436 supernaturalem
947 4359 1194 4437 consequendum
1225 4361 1279 4442 per
1305 4363 1375 4425 illa·
1393 4363 1518 4425 mediae

453 4447 570 4512 Christo
586 4453 711 4515 minino
724 4458 906 4536 prescripta.

495 4547 583 4608 1266.
600 4551 667 4610 Poe.
682 4553 766 4614 622¹.
779 4583 813 4598 -
826 4555 959 4619 Ecclesia
969 4557 1134 4620 christiana
1147 4567 1194 4622 est
1212 4564 1337 4625 societas
1351 4581 1456 4626 eorum
1469 4563 1516 4621 ho·

452 4645 585 4720 minum,
600 4649 653 4724 qui
667 4649 783 4714 interna
797 4657 969 4718 assensione
979 4659 1135 4723 adherent
1146 4663 1289 4726 omnihus
1308 4681 1378 4744 quae
1396 4665 1517 4727 Christus

453 4741 598 4808 Dominus
615 4749 762 4816 medenda
775 4761 805 4817 et
817 4756 953 4819 iacienda
970 4758 1070 4822 docuit
1083 4779 1117 4824 ac
1128 4767 1278 4846 pracepit.
