3559 5675
465 745 526 810 atto
830 829 831 832 Ἴ
872 765 952 812 roais
972 763 1136 813 erroneus

465 875 586 938 nomint.
603 873 693 948 Ergo,
712 871 739 956 ei
759 859 939 953 groviasima
957 871 1107 951 ejuarnodi
1127 869 1249 947 delieta,
1269 872 1517 936 mrtummume

466 971 645 1050 pemioioea,
655 957 795 1051 quarraria
808 971 994 1034 vntidiasimo
1012 972 1110 1047 irene,
1121 971 1518 1053 imminentiamilieatpone

466 1071 600 1151 oapttatn
623 1077 718 1147 meto,
746 1072 818 1133 aonii
841 1071 1187 1150 eondneantur,‘multa
1213 1073 1454 1151 oommittamtur3
1471 1073 1518 1136 hoo

466 1169 692 1246 treuueublatm
710 1170 831 1232 uultum
843 1171 932 1239 uliud
946 1171 1083 1233 medium
1093 1172 1253 1252 supererit,
1265 1187 1327 1251 quo
1337 1191 1356 1233 a
1367 1172 1474 1235 deliotie
1489 1175 1520 1234 iia

445 1287 448 1296 ’
465 1271 650 1346 gravisatmia
664 1272 775 1352 pretim
792 1269 946 1350 patrandis
963 1271 984 1331 ii
997 1270 1226 1350 prohibeantur,
1244 1274 1388 1335 Fureutee
1406 1288 1520 1352 namque

465 1372 618 1452 passiones
632 1373 794 1451 sepimine
807 1372 963 1434 hominem
973 1371 1011 1432 ad
1025 1371 1099 1434 tatia
1112 1371 1222 1432 detietr
1241 1371 1420 1434 remittenda
1432 1373 1522 1453 impet·

465 1469 552 1535 iunia
568 1470 633 1531 atie
653 1488 724 1533 vero
743 1487 839 1552 prenae
860 1487 978 1546 omnee,
995 1487 1055 1551 ore
1074 1469 1200 1550 mpiuli·
1213 1470 1374 1551 supplicio,
1389 1471 1465 1533 terea
1476 1471 1522 1534 ho·

464 1570 540 1632 mini
554 1570 683 1634 violenta
692 1573 836 1652 quapiam
853 1571 991 1650 passione
1007 1576 1157 1633 commoto
1175 1570 1326 1632 ridentur.
1349 1571 1435 1650 Ergo,
1446 1585 1522 1650 oona

464 1669 583 1749 capitali
604 1670 733 1746 sublata,
756 1671 880 1732 nultum
900 1671 972 1732 eatia
995 1668 1131 1732 validum
1152 1669 1302 1750 supererit
1322 1670 1454 1745 tranum,
1474 1687 1524 1748 quo

465 1769 537 1832 aoeii
552 1769 586 1830 in
599 1770 705 1832 ordine
719 1769 821 1831 sociali
833 1769 1051 1831 contineantur.
1496 1790 1500 1797 ⁴

491 1870 599 1930 Pana.
615 1873 647 1929 d·
661 1883 747 1931 ntae.
758 1899 796 1916 -
812 1868 901 1931 Nulla
914 1884 1013 1947 pone,
1024 1874 1132 1946 proter
1143 1866 1315 1948 capitalem,
1333 1867 1481 1930 auffleiena
1490 1874 1530 1942 eet

466 1968 504 2028 ad
516 1966 794 2030 vehementissimos
812 1968 960 2045 quosdam
975 1967 1181 2028 humanarum
1198 1968 1388 2046 paeeionum,
1403 1967 1525 2030 hnmana

466 2068 595 2128 societati
614 2067 777 2146 perniciem
798 2069 1017 2145 minitantium,
1030 2074 1138 2130 ,motna
1156 2067 1341 2130 oohibendoe
1352 2083 1461 2148 :mama
1472 2083 1527 2128 nero

465 2164 597 2246 capitalia
615 2171 660 2226 eet
678 2167 817 2227 omnium
837 2165 1043 2228 effloaeieaima
1061 2165 1099 2226 ad
1117 2166 1257 2228 hominea
1270 2183 1288 2226 a
1301 2165 1412 2228 deiicto
1430 2166 1526 2227 adster-

466 2264 585 2328 reudor.
597 2267 675 2342 Ergo
687 2264 755 2326 lieet
765 2265 868 2328 aooiati
879 2266 1046 2326 auctoritati
1056 2265 1182 2344 eupitate
1194 2265 1380 2345 supplicium
1393 2263 1527 2327 adhibete.

467 2363 885 2446 Nam1·,poeitahaopoano
899 2365 1034 2444 capitalia
1047 2365 1083 2426 ad
1098 2367 1267 2429 societatem
1282 2367 1429 2428 tuendam
1443 2379 1527 2426 neeea·

467 2467 571 2544 ritate,
592 2465 674 2526 adeat
694 2465 811 2528 ooiiieio
831 2467 910 2528 inter
928 2469 983 2543 joa
1006 2465 1154 2528 individui
1175 2473 1206 2528 at
1214 2469 1267 2544 Jua
1287 2465 1530 2528 aoeietatieadeui

467 2565 732 2628 ooneerrationem.
749 2564 843 2642 Atius
855 2566 1018 2641 meientis,
1031 2567 1063 2628 io
1077 2566 1130 2627 tali
1143 2583 1214 2628 earu
1229 2565 1384 2628 evidenter
1392 2567 1454 2645 jori
1467 2564 1530 2626 iudi·

467 2664 552 2728 vidui
565 2663 705 2743 prevalet
718 2664 814 2742 (371).

508 2769 542 2827 2·
553 2766 677 2839 omnen,
693 2764 783 2826 etiam
795 2779 891 2845 poenaa
904 2763 1039 2846 oapitnlie
1055 2765 1230 2853 adversarii,
1242 2767 1444 2843 oonaentiont,
1460 2765 1484 2825 si
1496 2764 1532 2824 io·

470 2884 580 2932 nocens
592 2865 734 2943 quolibet
752 2880 881 2945 persona
898 2866 932 2926 in
950 2872 1062 2927 oertam
1082 2867 1188 2928 urbem
1210 2866 1381 2944 ooufugerit
1398 2866 1437 2929 ad
1449 2868 1533 2927 vitan·

469 2970 540 3033 dam
554 2974 680 3031 mortem
693 2969 750 3029 eibi
765 2968 803 3029 ah
818 2967 941 3029 inimioo
953 2969 1019 3030 viro
1030 2967 1205 3049 pr'aepotenti
1216 2970 1405 3040 intentatam,
1419 2968 1468 3027 nbi
1483 2966 1534 3045 iper

470 3070 543 3133 urbe
562 3069 716 3131 obsidione
730 3073 882 3150 prematur
900 3072 930 3129 et
952 3068 984 3128 in
1003 3084 1093 3145 grave
1114 3068 1275 3130 dieen‘men
1287 3068 1328 3129 ob
1346 3083 1416 3130 eam
1428 3078 1533 3128 ennean

470 3170 580 3241 veniat,
593 3169 688 3231 teneri
699 3168 889 3231 innodantem
901 3167 985 3229 ittam
1000 3184 1159 3248 personam
1172 3168 1248 3231 orbe
1260 3170 1353 3241 erite,
1369 3170 1424 3230 etei
1437 3166 1472 3229 ad
1484 3180 1534 3227 oer-

471 3276 533 3331 tam
551 3274 678 3331 mortem
693 3266 732 3334 eit
749 3267 867 3330 abitura
881 3288 888 3329 ι
904 3268 984 3346 quod
1005 3269 1032 3329 ei
1045 3268 1195 3331 innocens
1216 3285 1252 3329 ea
1271 3284 1402 3348 persona
1420 3262 1534 3327 exireat

472 3368 681 3439 mueronem,
704 3364 874 3443 urbemque
895 3367 933 3427 ab
954 3366 1039 3429 horte
1060 3368 1129 3447 oapi
1146 3374 1177 3429 et
1196 3367 1274 3429 terro
1293 3372 1385 3444 atque
1398 3367 1535 3445 ignerat-

473 3466 531 3527 tari
544 3463 642 3540 malit,
658 3482 751 3543 quana
771 3466 869 3546 ipsam
890 3482 987 3528 unam
1007 3482 1064 3529 eno
1083 3466 1266 3546 persemtori
1286 3482 1318 3527 ae
1341 3466 1462 3537 dedere,
1478 3470 1537 3525 tuoe

473 3580 578 3628 omnes
594 3564 724 3627 demutor
738 3582 802 3627 eam
816 3582 976 3645 personam
990 3568 1073 3645 gravi
1089 3568 1196 3629 deiioto
1214 3567 1246 3628 iu
1259 3567 1411 3628 divitatem
1423 3564 1500 3627 illam
1511 3578 1537 3624 aa

473 3667 669 3744 obstringere,
689 3673 719 3729 et
737 3668 848 3729 civitati
869 3666 960 3734 tioere
974 3684 1040 3731 eam
1060 3670 1109 3731 rel
1125 3670 1251 3731 inritam
1270 3668 1349 3729 hoen
1373 3666 1537 3743 traderent

474 3766 661 3827 imminentis
681 3765 785 3827 excidii
799 3766 971 3846 perieulum
984 3784 1003 3829 a
1014 3782 1047 3830 ee
1063 3768 1222 3848 prooeitat.
1238 3767 1332 3829 itulto
1345 3768 1444 3844 magia
1460 3765 1538 3843 igitur

474 3866 603 3928 aooietati
617 3866 686 3929 lieet
698 3866 927 3945 delinquentem
947 3874 1043 3930 morte
1063 3868 1219 3939 mulctare,
1235 3882 1333 3947 quum
1348 3870 1419 3947 etna
1430 3862 1537 3946 eaoitala

473 3967 656 4046 supptioiom
667 3967 704 4030 ad
718 3968 860 4030 moialem
876 3968 1058 4031 ordinemne
1076 3968 1264 4031 eeouritatem
1277 3968 1479 4029 neceesarium
1492 3970 1536 4032 est

473 4074 507 4129 ut
522 4084 598 4149 eope
616 4070 818 4131 neceesarium
835 4086 899 4133 eoae
916 4086 1015 4150 nuper
1024 4069 1170 4147 vidimue,
1188 4068 1354 4149 presertim
1368 4084 1440 4130 vero
1452 4069 1482 4128 in
1494 4064 1539 4125 de·

474 4168 552 4229 liotie
568 4168 722 4231 seditionis
739 4186 774 4231 ao
789 4168 977 4242 rebellionie;
994 4177 1068 4233 tune
1080 4171 1163 4232 enim
1176 4170 1215 4231 ab
1228 4186 1291 4230 uno
1310 4167 1446 4247 homine,
1459 4163 1539 4227 rebel·

474 4264 551 4327 lium
572 4268 705 4346 principe
726 4282 760 4328 eo
782 4266 869 4345 duee,
883 4274 948 4327 tum
970 4268 1117 4331 societatia
1136 4274 1201 4329 tum
1225 4267 1442 4344 oonJuratiooie
1460 4269 1539 4326 sorte

473 4366 615 4444 pendent.
641 4364 696 4426 illo
717 4368 940 4443 eonjraratorom
961 4365 1224 4447 prinoipe‚ou1uo
1247 4368 1400 4445 versutia,
1421 4365 1538 4436 divitiis,

474 4465 647 4525 auotoritate
661 4464 783 4527 rebellio
797 4467 915 4545 nititur,
929 4484 947 4529 e
959 4468 1036 4529 rivis
1049 4467 1187 4541 sublatos
1196 4468 1364 4546 eonjuratio
1381 4472 1441 4529 tota
1452 4464 1538 4527 extio·

474 4563 586 4639 guitur.
601 4562 690 4643 Ergo,
705 4570 759 4627 eto.

514 4666 584 4727 978.
598 4669 726 4729 condem
747 4671 773 4728 t.
790 4683 830 4713 -‘
845 4668 917 4730 Trea
932 4670 1103 4749 tinearum,
1120 4674 1240 4735 utente
1256 4668 1389 4730 dirimue
1405 4660 1538 4749 (vadiet

474 4782 549 4844 quoa
564 4782 652 4849 poena
674 4766 769 4845 indigi
786 4768 823 4833 ab
844 4768 978 4833 humano
998 4772 1135 4835 societate
1158 4776 1253 4853 potest
1271 4786 1308 4831 no
1325 4769 1415 4830 debet
1429 4788 1436 4826 r
1452 4764 1537 4827 detio·
