3559 5675
574 831 683 882 sorar.
706 851 746 866 ·-
767 831 850 880 nasa
870 829 1062 880 ooooecmus.
1195 817 1197 822 ’
1304 813 1364 876 tito

282 953 358 1000 men
372 939 460 1022 bona
473 940 521 1002 vel
535 940 622 1002 mala
636 939 790 1003 moraliter
806 957 871 1002 esse
895 939 1061 1002 secundum
1075 939 1216 1015 adiuncta
1226 936 1363 1017 quaedam

283 1035 493 1100 determinata.
504 1040 590 1116 lem,
603 1056 699 1103 saeros
710 1047 875 1102 conventus
885 1041 1007 1116 habere,
1021 1038 1168 1115 religiosis
1179 1037 1365 1100 ceremoniis

284 1131 409 1218 operam
422 1137 504 1213 dare,
517 1140 652 1218 publicas
665 1141 897 1220 supplicationes
911 1142 1020 1208 lacere.
1036 1145 1108 1201 sunt
1129 1138 1258 1202 actiones
1273 1139 1364 1216 spiri-

288 1239 398 1310 tuales,
418 1241 450 1299 in
463 1240 577 1317 quibos
590 1241 791 1302 nihilominus
809 1239 922 1318 aliquid
943 1257 1004 1302 non
1026 1240 1107 1300 deest
1122 1238 1156 1298 ad
1173 1239 1366 1316 temporalem

288 1338 425 1398 ordinem
444 1339 611 1415 pertinens,
625 1341 690 1420 ipsa
703 1351 811 1420 nempe
828 1341 906 1402 actio
920 1347 1042 1401 exterrm
1054 1345 1084 1399 et
1097 1337 1272 1408 materialis,
1288 1353 1369 1414 qua-

289 1444 378 1496 tenns
395 1433 518 1498 exterm
531 1445 561 1497 et
573 1439 736 1498 materialis
750 1446 805 1499 est.
824 1439 1016 1518 temporales
1031 1439 1123 1514 igitur
1136 1436 1184 1498 uel
1197 1433 1369 1514 spirituales

287 1536 433 1598 dicuntur
446 1537 580 1598 hominis
593 1540 723 1600 actiones
732 1557 794 1600 non
806 1539 917 1600 idcireo
926 1540 1007 1618 qarod
1020 1539 1079 1599 ille
1093 1540 1152 1599 sint
1164 1555 1241 1597 ruere
1256 1543 1368 1614 tempo

287 1635 370 1696 rales
385 1643 439 1696 aut
458 1637 641 1714 spirituales,
656 1639 707 1699 sed
728 1646 880 1714 cusanus
893 1637 1105 1718 principaliter
1128 1635 1306 1718 temporales
1318 1641 1370 1696 aut

289 1735 477 1812 spirituales,
498 1737 616 1798 etiamsi
631 1738 783 1817 meroque
796 1738 833 1799 ad
845 1737 941 1798 alium
962 1740 1051 1798 ctiam
1067 1737 1216 1810 ordinem,
1230 1735 1370 1813 spiritua·

290 1833 353 1892 lem
366 1841 419 1894 aut
430 1835 638 1916 temporalem,
660 1837 825 1898 secundum
839 1837 935 1897 alium
955 1842 1123 1915 respectum
1139 1835 1314 1914 pertineant.
1331 1867 1371 1879 -

292 1935 442 2011 lienique,
453 1935 511 1996 hoc
522 1940 587 2013 jam
602 1938 681 2016 apud
691 1955 796 1999 omnes
809 1943 938 2014 constat,
952 1953 999 1996 res
1011 1943 1040 1997 et
1053 1937 1183 1997 actiones
1194 1935 1372 2014 temporales

290 2035 461 2093 auctoritati
474 2036 603 2095 secralari
615 2055 681 2098 esse
694 2038 859 2116 subjectas.
874 2054 922 2097 res
934 2053 1006 2097 vero
1017 2043 1047 2096 et
1058 2037 1188 2096 actiones
1202 2032 1373 2113 spirituales

290 2132 351 2192 sub
371 2135 532 2211 spirituali,
557 2136 653 2198 idest
674 2138 882 2212 ecclesiastica,
901 2138 1087 2210 aarctoritate,
1110 2151 1173 2196 esse
1186 2137 1256 2211 jure
1270 2133 1373 2194 diuino

289 2234 480 2306 consumier,
496 2241 530 2295 ut
542 2250 640 2316 nuper
653 2238 735 2297 artic.
749 2238 761 2295 l
776 2236 958 2314 explicatum
973 2241 1028 2295 est.
1339 2309 1342 2315 ¹

336 2333 388 2392 liis
399 2337 574 2413 praemissis,
584 2337 730 2414 quaritur
742 2335 954 2411 utrum,sieuti
969 2335 1031 2395 dno
1042 2331 1167 2393 sociales
1178 2332 1225 2392 illi
1239 2331 1373 2404 ordines,

294 2434 462 2510 spiritualis
472 2451 506 2497 ac
519 2437 704 2516 temporalis,
723 2442 795 2497 sunt
809 2453 861 2514 per
874 2433 1002 2512 subjecti
1016 2433 1198 2494 identitatem
1213 2431 1375 2491 arctissime

294 2534 434 2608 connexi,
453 2535 495 2595 ita
514 2537 607 2596 etiam
629 2535 708 2596 binae
729 2535 918 2595 autoritates
941 2531 1139 2594 ecclenastica
1161 2535 1191 2590 et
1210 2529 1295 2604 laica,
1315 2528 1377 2586 sint

297 2627 375 2688 inter
386 2647 419 2692 se
432 2635 598 2710 conjunctae
613 2651 666 2712 per
676 2631 832 2713 formalem
848 2632 972 2692 alterius
984 2631 1021 2692 ab
1033 2629 1125 2690 altera
1139 2625 1373 2708 deponentium,

299 2742 358 2802 qna
371 2727 423 2790 fiat
433 2737 479 2807 ut,
495 2731 540 2791 rel
555 2731 734 2809 generaliter
744 2731 793 2792 vel
806 2733 839 2792 in
859 2737 940 2791 certo
953 2730 1085 2808 quodam
1097 2726 1214 2802 ordine,
1237 2727 1313 2788 nihil
1334 2725 1376 2786 al-

298 2830 359 2886 tera
380 2826 503 2889 illamm
522 2830 615 2909 possit
636 2831 794 2909 praecipere
813 2837 866 2890 aut
885 2836 998 2904 uetare,
1019 2828 1078 2889 nisi
1099 2846 1153 2909 per
1166 2833 1314 2905 acceptam
1338 2825 1376 2887 ab

297 2926 391 2987 :ultera
404 2928 589 2990 facultatem.

323 3025 431 3086 teet.
454 3028 523 3088 Poe.
545 3028 630 3089 668⁸.
650 3058 691 3073 -
710 3027 878 3089 Auctoritas
902 3025 1101 3087 ecclesiastica
1123 3030 1167 3085 est
1194 3024 1319 3085 omnino
1339 3023 1377 3083 alr

299 3126 385 3185 orrrni
406 3128 578 3188 auctoritate
599 3126 727 3189 seculari
748 3124 953 3205 independens
968 3125 1039 3201 jure
1057 3123 1160 3185 diuino
1180 3124 1212 3183 in
1235 3122 1377 3184 omnibus

299 3224 391 3283 etiarn
406 3225 619 3302 temporalibus
632 3221 836 3299 materialiter,
854 3230 1003 3300 quatenns
1017 3237 1052 3281 ea
1064 3227 1135 3281 sunt
1148 3218 1318 3300 (emolitae
1330 3236 1377 3277 aar·

298 3324 477 3385 clesiastica.
862 3347 865 3353 ¹

343 3426 436 3485 imos.
460 3422 491 3483 l·
512 3440 587 3486 rans
602 3445 609 3484 :
625 3426 791 3487 Arrctoritae
805 3424 1003 3486 ecclesiastica
1021 3430 1066 3485 est
1082 3423 1206 3483 omnino
1221 3418 1379 3481 asecnlari

301 3530 447 3605 potestate
469 3526 682 3603 independens.
697 3556 738 3573 -
754 3526 909 3593 Christus.
934 3526 1136 3599 liemoliens,
1155 3524 1204 3584 eui
1223 3521 1322 3583 udaia
1336 3528 1382 3582 eet

301 3628 403 3687 omnis
414 3632 543 3705 potestas
555 3628 587 3687 in
601 3627 675 3689 coelo
686 3634 715 3687 et
729 3629 762 3687 in
780 3634 883 3687 merae
903 3626 958 3704 (a),
971 3646 987 3683 a
1001 3627 1034 3686 in
1051 3627 1138 3702 cujus
1152 3625 1275 3685 nomine
1292 3620 1381 3684 debet

301 3742 394 3787 omrre
416 3742 495 3801 genu
516 3726 596 3787 ilecti
618 3724 801 3801 caelestium,
820 3728 1009 3786 terrestrium
1029 3732 1059 3786 et
1081 3726 1268 3786 internorum
1285 3742 1301 3778 r>
1320 3720 1359 3801 (d)
1369 3766 1380 3798 ,

300 3842 395 3903 quem
406 3825 683 3902 genuslrumanum
694 3810 871 3886 uniuersum
882 3825 994 3885 ridebit
1006 3823 1167 3901 aliquando
1182 3822 1381 3882 evenientem

302 3928 336 3987 in
349 3926 480 3985 nubibus
492 3926 560 3986 ooeli
575 3943 647 3986 cum
661 3926 770 3986 virtute
787 3925 885 3985 multa
899 3930 928 3984 et
938 3927 1094 4001 majestate
1105 3944 1120 3980 a
1136 3921 1189 4000 (c),
1204 3927 1238 3981 ut
1252 3942 1266 3978 e
1278 3918 1384 3981 reddat

303 4026 470 4103 unicnique
481 4025 648 4087 secundnm
658 4028 852 4104 operaejus»
870 4022 928 4102 (d),
940 4023 1022 4085 dedit
1032 4021 1180 4102 apostolis
1192 4021 1384 4081 aulaeorum·

249 4132 256 4146 ·
302 4144 364 4203 <pire
378 4127 612 4202 successoribus,
626 4128 683 4187 snb
698 4130 783 4188 l‘etro
809 4142 914 4187 eorum
929 4125 1077 4205 Principe,
1099 4122 1313 4203 plenissimum
1333 4122 1384 4198 jus

304 4233 336 4285 et
355 4225 498 4303 imposuit
520 4227 732 4302 gravissimum
755 4225 888 4286 officitrm
903 4222 1117 4285 constituendae
1135 4219 1315 4282 universalis
1333 4234 1386 4279 cn·

302 4327 427 4404 jusdam
442 4326 601 4387 hominnm
616 4328 775 4401 societatis,
788 4343 880 4404 qnam
891 4326 947 4405 ipsi
962 4324 1104 4385 deberent
1117 4323 1221 4384 docere
1235 4328 1265 4383 et
1276 4322 1384 4398 gaber·

306 4443 392 4501 arare,
408 4426 577 4487 ordinatam
592 4428 680 4488 unice
694 4426 838 4487 advitam
852 4433 995 4487 eternam
1014 4424 1252 4505 pmmerendarn,
1267 4423 1304 4484 ad
1321 4440 1386 4500 reg·

306 4544 384 4588 num
407 4526 551 4587 coelorum
572 4526 789 4606 obtinendam,
806 4528 1004 4607 precepitque
1022 4525 1150 4586 uthans
1169 4525 1386 4603 amplissimam

339 4768 376 4830 (rii
390 4768 478 4818 liedda
492 4780 580 4829 sarrit,
594 4770 661 4818 lte-
673 4768 705 4830 (t)
720 4765 810 4830 l‘lrilip.
823 4779 848 4826 u,
863 4768 932 4818 rd.-
943 4764 975 4829 [a]
992 4766 1078 4818 llattit.
1097 4780 1165 4831 tritt,
1185 4768 1255 4817 'itl—
1268 4764 1303 4831 (ιι)
1316 4764 1387 4815 lton.

310 4858 338 4905 ιι,
350 4848 374 4892 6.
