3559 5675
555 790 664 837 ιιιιιιιι.
686 810 726 827 -
746 793 831 839 trare
852 790 1044 837 unousctnos.
1277 769 1335 831 :iti

256 895 479 971 subjiciuntur,
511 900 607 957 totum
636 894 897 959 christianismum
924 894 1092 957 necessario
1122 892 1277 955 labefactat
1309 909 1342 953 ac

264 1011 389 1072 prorsus
403 990 518 1056 creabi.

298 1094 390 1169 thui
408 1092 668 1171 protestantismus
682 1101 787 1174 suapte
801 1102 911 1157 natura
920 1091 1020 1168 efficit,
1036 1096 1069 1153 ut
1083 1091 1115 1153 iu
1127 1091 1195 1153 fidei
1208 1091 1343 1155 doctriua

257 1208 352 1269 quam
364 1194 431 1269 eJ'ns
444 1190 564 1253 asseclas
583 1197 713 1271 teneant,
727 1192 804 1257 nihil
819 1198 950 1267 certum,
970 1190 1048 1251 nihil
1068 1190 1157 1271 plane
1171 1190 1341 1267 delinitum,

256 1291 334 1353 nibil
345 1290 536 1354 immutabile
552 1291 592 1353 sit
601 1314 612 1369 ;
630 1290 684 1355 sed
701 1310 737 1358 ea
750 1294 850 1373 potius
863 1291 991 1353 infinitis
1008 1306 1043 1353 ac
1056 1290 1206 1371 perpetuis
1226 1289 1343 1353 dubita·
1433 1288 1436 1293 '

260 1391 392 1453 tionibus
404 1408 440 1453 ac
460 1391 678 1453 mutationibus
691 1393 729 1453 sit
742 1392 884 1456 obnoxia.
903 1391 1034 1463 Etenim,
1059 1390 1111 1451 ubi
1124 1387 1342 1451 credendorum

260 1492 415 1553 criterium
423 1495 468 1551 est
478 1488 674 1551 esrentshllter
683 1492 847 1569 incertum,
858 1489 1029 1565 infirmum,
1042 1487 1192 1561 variabile,
1204 1493 1265 1549 tota
1279 1486 1344 1567 ipsa
1446 1480 1450 1487 ’

262 1590 397 1653 doctrina
410 1591 522 1652 incerta
532 1596 588 1666 est,
608 1588 733 1666 caduca,
747 1589 994 1653 auhmistam
1013 1585 1206 1651 individualis
1219 1587 1345 1654 rationis

261 1692 293 1751 in
302 1706 486 1768 unoquoque
499 1688 623 1750 homine
633 1689 785 1767 iudicium
798 1695 844 1752 est
853 1706 905 1769 per
918 1706 951 1749 ae
965 1685 1161 1752 essentialiter
1172 1686 1342 1764 intumum,

259 1793 427 1866 incertum,
442 1788 601 1866 mutabile,
619 1788 677 1851 hnc
689 1790 754 1869 ipso
771 1788 853 1868 quod
873 1788 949 1851 ratio
964 1788 1028 1868 ipsa
1040 1792 1085 1849 est
1098 1785 1296 1855 esmndnliter
1310 1785 1347 1853 ti.

263 1891 325 1951 nita
333 1905 345 1966 3
359 1889 525 1968 presertim
538 1905 608 1951 vero
623 1889 675 1949 ubi
694 1906 742 1951 res
760 1886 1078 1967 obscurae,altissimte,
1095 1884 1285 1967 pemitncttes
1296 1885 1344 1947 illi

263 1993 479 2070 proponuntur.
491 1989 583 2067 htqm
597 1989 858 2067 pmtestautismus
872 1992 965 2052 totam
982 1986 1053 2049 iidei
1073 2002 1253 2064 morumque
1275 1984 1344 2049 doc·

264 2090 374 2150 trinam
386 2085 567 2149 individuali
581 2086 822 2165 uuiuscujusque
836 2085 970 2149 hominis
981 2084 1097 2164 judicio
1111 2084 1342 2149 discernendam

260 2184 564 2249 acdetermiuandam
581 2184 724 2264 permittit
733 2205 744 2259 ;
757 2202 818 2263 quo
833 2184 867 2245 iit
885 2185 1065 2259 necessario,
1082 2192 1116 2245 ut
1128 2183 1345 2251 credendorum

260 2286 299 2348 de
318 2284 388 2346 tidei
403 2284 578 2347 veritatibus
591 2285 718 2345 unicum
735 2284 889 2347 criterium
905 2286 945 2346 sit
964 2282 1158 2347 individualis
1172 2284 1298 2345 rationis
1311 2284 1344 2343 in

261 2401 446 2463 unoquoque
459 2384 583 2447 homine
593 2384 754 2465 judicium,
770 2389 803 2447 ut
815 2386 955 2465 superius
967 2388 1034 2465 jam
1053 2382 1191 2465 pluribus
1205 2381 1278 2445 locis
1290 2382 1343 2443 lir-

263 2486 400 2547 missime
412 2484 619 2565 probavimus.

303 2586 382 2661 Ergo
395 2584 658 2664 protestantismus
670 2600 792 2649 omnem
804 2583 1063 2649 christianismum
1077 2582 1196 2663 perimit
1206 2598 1239 2645 ac
1252 2580 1343 2660 delet,

259 2686 317 2746 hoc
326 2685 391 2763 ipso
404 2682 485 2761 quod
494 2683 585 2745 illum
598 2683 713 2761 privato
727 2672 971 2763 uuiuscujusque
983 2682 1100 2760 judicio
1113 2682 1276 2763 permittit:
1287 2698 1344 2743 ne·

259 2786 327 2865 quit
335 2785 418 2846 enim
429 2783 563 2846 doctrina
576 2782 781 2862 undequaque
791 2782 944 2848 fluctuans
955 2789 984 2846 et
995 2784 1119 2862 incerte,
1132 2782 1344 2866 perpetuisque

262 2885 480 2948 mutationibus
494 2885 632 2958 obnoxia,
647 2901 712 2948 esse
726 2881 835 2949 Christi
845 2885 988 2948 doctrina.

301 2987 336 3050 3¹¹
358 2986 651 3067 Exprotestantismo
670 2983 866 3066 scepticismus
888 2992 919 3066 et
938 2983 1131 3047 incredulitas
1152 2985 1184 3045 iu
1206 2999 1238 3048 te
1260 2984 1345 3046 omni

259 3085 402 3163 religiosa
419 3086 586 3148 nmessario
603 3093 800 3148 enascuntur.
817 3087 891 3148 Nam
913 3086 1025 3164 quibus
1037 3083 1183 3164 praesidiis
1199 3099 1261 3163 qun
1275 3098 1344 3146 nta-

257 3187 305 3264 gis
315 3186 474 3264 quaeritur,
487 3202 523 3246 eo
537 3186 640 3246 miuus
652 3185 816 3261 invenitur,
837 3184 944 3248 iisdem
961 3185 1090 3264 quilibet
1112 3193 1204 3246 senus
1218 3183 1341 3245 landem

257 3285 443 3348 existimabit
459 3284 538 3346 nihil
558 3301 645 3366 posse
669 3285 809 3346 inveniri.
836 3288 923 3358 item,
949 3285 986 3347 de
1007 3302 1068 3366 qua
1090 3302 1123 3347 re
1147 3284 1344 3346 tantominus

260 3387 416 3448 veritatem
426 3389 537 3445 certam
548 3384 748 3461 assequimur,
760 3391 874 3462 quanto
885 3383 1005 3446 fidelius
1014 3385 1130 3447 utimur
1141 3385 1343 3451 inanumento

259 3485 299 3548 ed
309 3502 378 3548 eam
389 3483 630 3564 comperiendam
649 3485 796 3559 instituto,
813 3486 851 3546 de
865 3485 919 3548 ille
932 3485 1072 3566 quisquis
1084 3502 1144 3549 uon
1155 3485 1243 3567 plene
1258 3484 1343 3546 desi·

259 3589 316 3668 pit,
331 3587 457 3648 omnino
468 3581 580 3646 statuet
593 3585 672 3648 nihil
688 3586 759 3646 certi
773 3587 910 3664 cognosci
927 3605 1022 3668 posse.

300 3689 392 3766 tttqui
404 3703 466 3768 quo
480 3686 600 3748 fidelius
622 3694 651 3748 et
673 3687 860 3750 mnatantius
882 3691 1092 3769 protesteutico
1105 3687 1251 3752 examinis
1265 3687 1344 3752 indi·

255 3787 392 3850 vidualis
415 3787 561 3868 principio
580 3788 696 3848 utimur
713 3787 751 3849 ad
773 3788 843 3850 fidei
863 3785 1029 3852 doctrinam
1044 3787 1292 3867 dignoscendam,
1308 3805 1354 3854 ee.

257 3888 383 3967 lougius
402 3904 458 3950 nos
474 3887 513 3948 ab
533 3905 569 3948 ea
585 3886 721 3949 recedere
738 3888 944 3950 necessarium
958 3893 1012 3950 est.
1030 3889 1105 3950 Nam
1119 3887 1188 3950 iidei
1210 3886 1344 3950 doctrina

258 3987 352 4048 unica
364 3991 510 4064 estatque
520 3983 730 4047 immutabilia.
751 3988 800 4062 nt,
813 4000 875 4064 qno
887 3985 1011 4047 fidelius
1023 3992 1053 4047 et
1066 3986 1252 4047 constantius
1262 3985 1344 4065 prin·

254 4088 338 4167 cipio
356 4086 564 4167 mensuatim
578 4086 728 4147 examinis
749 4083 950 4146 individualis
970 4083 1165 4158 inhaeremus,
1189 4100 1225 4146 eo
1245 4087 1344 4163 major

253 4187 469 4268 opinationum
488 4184 706 4266 multiplicitas,
731 4186 871 4264 varietas,
894 4185 1085 4246 contrarietas
1106 4184 1137 4245 iu
1159 4182 1228 4244 lidei
1242 4199 1344 4261 quars-

254 4284 396 4348 tionibus
409 4283 496 4345 debet
505 4299 666 4361 emergere,
678 4289 769 4362 atque
780 4297 816 4346 eo
828 4284 925 4361 magis
938 4282 1027 4346 debet
1038 4283 1254 4344 sententiarum
1268 4281 1344 4346 liuc-

256 4385 358 4448 tuatio
369 4390 400 4445 et
419 4381 592 4444 volubilitas
608 4398 662 4462 per
675 4398 782 4445 omnes
796 4401 933 4446 errorum
952 4383 1095 4460 ambages
1106 4397 1273 4444 excurrere.
1290 4385 1344 4446 nt-

254 4488 357 4560 enim,
370 4501 432 4564 quo
450 4485 547 4562 magis
566 4484 693 4545 facultas
710 4483 813 4562 aliqua
826 4485 885 4547 sibi
900 4486 1102 4566 relinquitur,
1125 4489 1160 4546 ut
1175 4483 1342 4548 secuudum

251 4603 349 4650 suam
370 4591 510 4646 naturam
531 4590 672 4664 operetur
679 4628 690 4660 ,
711 4601 748 4646 eo
770 4584 981 4647 vehementius
1005 4585 1156 4664 latiusque
1179 4601 1245 4647 sese
1272 4585 1344 4646 vitia

250 4689 343 4750 illius
361 4683 514 4746 naturalia
536 4683 678 4764 produnt.
694 4669 785 4764 Ergo,
805 4703 867 4764 qno
886 4685 1007 4748 fidelius
1027 4692 1057 4748 et
1074 4685 1260 4748 constantius
1278 4685 1341 4747 sola

250 4789 338 4853 ratio
348 4784 545 4852 individualis
559 4784 719 4850 adhibetur
733 4785 769 4848 ed
782 4784 853 4850 ildei
866 4787 1032 4852 doctrinam
1048 4785 1287 4853 discernendam,
1305 4803 1341 4850 en
