<?xml version="1.0" encoding="UTF-8"?>
<!DOCTYPE html PUBLIC "-//W3C//DTD XHTML 1.0 Transitional//EN"
    "http://www.w3.org/TR/xhtml1/DTD/xhtml1-transitional.dtd">
<html xmlns="http://www.w3.org/1999/xhtml" xml:lang="en" lang="en">
 <head>
  <title>
</title>
<meta http-equiv="Content-Type" content="text/html;charset=utf-8" />
  <meta name='ocr-system' content='tesseract 3.04.00' />
  <meta name='ocr-capabilities' content='ocr_page ocr_carea ocr_par ocr_line ocrx_word'/>
</head>
<body>
  <div class='ocr_page' id='page_1' title='image "./jurisnaturalisu00bensgoog_0017.png"; bbox 0 0 3559 5675; ppageno 0'>
   <div class='ocr_carea' id='block_1_1' title="bbox 604 700 1361 762">
    <p class='ocr_par' dir='ltr' id='par_1_1' title="bbox 604 700 1361 762">
     <span class='ocr_line' id='line_1_1' title="bbox 604 700 1361 762; baseline 0.004 -5"><span class='ocrx_word' id='word_1_1' title='bbox 604 709 713 760; x_wconf 69' lang='grc' dir='ltr'><strong>ῦΰΙΙΑ.</strong></span> <span class='ocrx_word' id='word_1_2' title='bbox 738 726 778 746; x_wconf 84' lang='grc'><strong>··</strong></span> <span class='ocrx_word' id='word_1_3' title='bbox 800 710 886 759; x_wconf 70' lang='lat' dir='ltr'><strong>idm</strong></span> <span class='ocrx_word' id='word_1_4' title='bbox 906 710 1053 761; x_wconf 65' lang='lat' dir='ltr'><strong>antuus.</strong></span> <span class='ocrx_word' id='word_1_5' title='bbox 1329 700 1361 762; x_wconf 77' lang='grc' dir='ltr'><strong>Η</strong></span> 
     </span>
    </p>
   </div>
   <div class='ocr_carea' id='block_1_2' title="bbox 281 816 1438 4814">
    <p class='ocr_par' dir='ltr' id='par_1_2' title="bbox 281 816 1366 1099">
     <span class='ocr_line' id='line_1_2' title="bbox 282 816 1365 907; baseline -0.002 -24"><span class='ocrx_word' id='word_1_6' title='bbox 282 819 461 883; x_wconf 78' lang='lat' dir='ltr'><strong>ldebtatam</strong></span> <span class='ocrx_word' id='word_1_7' title='bbox 478 816 647 897; x_wconf 70' lang='lat' dir='ltr'><strong>pinguibus</strong></span> <span class='ocrx_word' id='word_1_8' title='bbox 665 816 824 898; x_wconf 90' lang='lat' dir='ltr'><strong>stipendiis</strong></span> <span class='ocrx_word' id='word_1_9' title='bbox 843 825 937 894; x_wconf 90' lang='lat' dir='ltr'><strong>amat,</strong></span> <span class='ocrx_word' id='word_1_10' title='bbox 957 834 1008 881; x_wconf 87' lang='lat' dir='ltr'><strong>eos</strong></span> <span class='ocrx_word' id='word_1_11' title='bbox 1032 820 1088 883; x_wconf 89' lang='lat' dir='ltr'><strong>bac</strong></span> <span class='ocrx_word' id='word_1_12' title='bbox 1108 821 1222 882; x_wconf 71' lang='lat' dir='ltr'><strong>mione</strong></span> <span class='ocrx_word' id='word_1_13' title='bbox 1244 820 1365 907; x_wconf 76' lang='lat' dir='ltr'><strong>venales</strong></span> 
     </span>
     <span class='ocr_line' id='line_1_3' title="bbox 281 915 1366 999; baseline -0.001 -17"><span class='ocrx_word' id='word_1_14' title='bbox 281 918 386 994; x_wconf 75' lang='lat' dir='ltr'><strong>efficit,</strong></span> <span class='ocrx_word' id='word_1_15' title='bbox 399 916 538 996; x_wconf 89' lang='lat' dir='ltr'><strong>adeoque</strong></span> <span class='ocrx_word' id='word_1_16' title='bbox 550 915 672 979; x_wconf 81' lang='lat' dir='ltr'><strong>easdem</strong></span> <span class='ocrx_word' id='word_1_17' title='bbox 682 925 752 997; x_wconf 84' lang='lat' dir='ltr'><strong>apte</strong></span> <span class='ocrx_word' id='word_1_18' title='bbox 763 917 895 999; x_wconf 74' lang='lat' dir='ltr'><strong>disponit</strong></span> <span class='ocrx_word' id='word_1_19' title='bbox 908 924 943 979; x_wconf 92' lang='grc' dir='ltr'><strong>ιιι</strong></span> <span class='ocrx_word' id='word_1_20' title='bbox 962 934 1048 981; x_wconf 88' lang='lat' dir='ltr'><strong>suam</strong></span> <span class='ocrx_word' id='word_1_21' title='bbox 1062 918 1152 981; x_wconf 89' lang='lat' dir='ltr'><strong>tidem</strong></span> <span class='ocrx_word' id='word_1_22' title='bbox 1167 918 1213 981; x_wconf 91' lang='lat' dir='ltr'><strong>illi</strong></span> <span class='ocrx_word' id='word_1_23' title='bbox 1225 920 1280 998; x_wconf 91' lang='lat' dir='ltr'><strong>qui</strong></span> <span class='ocrx_word' id='word_1_24' title='bbox 1293 920 1366 999; x_wconf 90' lang='lat' dir='ltr'><strong>pin-</strong></span> 
     </span>
     <span class='ocr_line' id='line_1_4' title="bbox 282 1016 1167 1099; baseline 0.003 -21"><span class='ocrx_word' id='word_1_25' title='bbox 282 1020 423 1099; x_wconf 84' lang='lat' dir='ltr'><strong>guiorem</strong></span> <span class='ocrx_word' id='word_1_26' title='bbox 435 1016 606 1098; x_wconf 81' lang='lat' dir='ltr'><strong>mercedem</strong></span> <span class='ocrx_word' id='word_1_27' title='bbox 624 1016 739 1093; x_wconf 73' lang='lat' dir='ltr'><strong>oderat,</strong></span> <span class='ocrx_word' id='word_1_28' title='bbox 755 1020 981 1099; x_wconf 72' lang='lat' dir='ltr'><strong>quamprimum</strong></span> <span class='ocrx_word' id='word_1_29' title='bbox 994 1020 1167 1083; x_wconf 79' lang='lat' dir='ltr'><strong>divendant.</strong></span> 
     </span>
    </p>

    <p class='ocr_par' dir='ltr' id='par_1_3' title="bbox 281 1117 1367 1502">
     <span class='ocr_line' id='line_1_5' title="bbox 319 1117 1367 1200; baseline 0.005 -20"><span class='ocrx_word' id='word_1_30' title='bbox 319 1119 531 1194; x_wconf 73' lang='lat' dir='ltr'><strong>Quamobrem</strong></span> <span class='ocrx_word' id='word_1_31' title='bbox 551 1117 672 1179; x_wconf 90' lang='lat' dir='ltr'><strong>socialis</strong></span> <span class='ocrx_word' id='word_1_32' title='bbox 690 1118 847 1197; x_wconf 84' lang='lat' dir='ltr'><strong>regiminis</strong></span> <span class='ocrx_word' id='word_1_33' title='bbox 869 1119 1009 1197; x_wconf 81' lang='lat' dir='ltr'><strong>perfectio</strong></span> <span class='ocrx_word' id='word_1_34' title='bbox 1032 1120 1164 1200; x_wconf 79' lang='lat' dir='ltr'><strong>postulat</strong></span> <span class='ocrx_word' id='word_1_35' title='bbox 1184 1122 1309 1200; x_wconf 87' lang='lat' dir='ltr'><strong>quidem</strong></span> <span class='ocrx_word' id='word_1_36' title='bbox 1332 1130 1367 1185; x_wconf 89' lang='grc' dir='ltr'><strong>ιιι</strong></span> 
     </span>
     <span class='ocr_line' id='line_1_6' title="bbox 282 1218 1367 1301; baseline 0.005 -22"><span class='ocrx_word' id='word_1_37' title='bbox 282 1220 433 1301; x_wconf 76' lang='lat' dir='ltr'><strong>principia</strong></span> <span class='ocrx_word' id='word_1_38' title='bbox 446 1225 478 1280; x_wconf 90' lang='lat' dir='ltr'><strong>et</strong></span> <span class='ocrx_word' id='word_1_39' title='bbox 495 1219 621 1279; x_wconf 88' lang='lat' dir='ltr'><strong>rationis</strong></span> <span class='ocrx_word' id='word_1_40' title='bbox 641 1218 735 1280; x_wconf 90' lang='lat' dir='ltr'><strong>simul</strong></span> <span class='ocrx_word' id='word_1_41' title='bbox 755 1224 786 1280; x_wconf 92' lang='lat' dir='ltr'><strong>et</strong></span> <span class='ocrx_word' id='word_1_42' title='bbox 807 1218 945 1281; x_wconf 72' lang='lat' dir='ltr'><strong>utilitatis</strong></span> <span class='ocrx_word' id='word_1_43' title='bbox 963 1220 996 1281; x_wconf 90' lang='lat' dir='ltr'><strong>in</strong></span> <span class='ocrx_word' id='word_1_44' title='bbox 1009 1220 1121 1300; x_wconf 92' lang='lat' dir='ltr'><strong>populo</strong></span> <span class='ocrx_word' id='word_1_45' title='bbox 1138 1222 1367 1301; x_wconf 81' lang='lat' dir='ltr'><strong>regendoadlii-</strong></span> 
     </span>
     <span class='ocr_line' id='line_1_7' title="bbox 281 1316 1366 1401; baseline 0.002 -20"><span class='ocrx_word' id='word_1_46' title='bbox 281 1320 426 1390; x_wconf 64' lang='lat' dir='ltr'><strong>mutus,</strong></span> <span class='ocrx_word' id='word_1_47' title='bbox 443 1316 498 1379; x_wconf 89' lang='lat' dir='ltr'><strong>sed</strong></span> <span class='ocrx_word' id='word_1_48' title='bbox 515 1318 560 1379; x_wconf 87' lang='lat' dir='ltr'><strong>ita</strong></span> <span class='ocrx_word' id='word_1_49' title='bbox 572 1325 674 1379; x_wconf 70' lang='lat' dir='ltr'><strong>umen</strong></span> <span class='ocrx_word' id='word_1_50' title='bbox 687 1324 723 1379; x_wconf 92' lang='lat' dir='ltr'><strong>ut</strong></span> <span class='ocrx_word' id='word_1_51' title='bbox 742 1319 925 1398; x_wconf 86' lang='lat' dir='ltr'><strong>principium</strong></span> <span class='ocrx_word' id='word_1_52' title='bbox 948 1318 1085 1382; x_wconf 82' lang='lat' dir='ltr'><strong>utilitatis</strong></span> <span class='ocrx_word' id='word_1_53' title='bbox 1107 1338 1227 1401; x_wconf 86' lang='lat' dir='ltr'><strong>semper</strong></span> <span class='ocrx_word' id='word_1_54' title='bbox 1243 1324 1366 1385; x_wconf 85' lang='lat' dir='ltr'><strong>rationis</strong></span> 
     </span>
     <span class='ocr_line' id='line_1_8' title="bbox 282 1418 1172 1502; baseline 0 -20"><span class='ocrx_word' id='word_1_55' title='bbox 282 1420 435 1502; x_wconf 90' lang='lat' dir='ltr'><strong>principio</strong></span> <span class='ocrx_word' id='word_1_56' title='bbox 448 1418 661 1480; x_wconf 85' lang='lat' dir='ltr'><strong>subordinatur</strong></span> <span class='ocrx_word' id='word_1_57' title='bbox 673 1419 711 1481; x_wconf 83' lang='lat' dir='ltr'><strong>ab</strong></span> <span class='ocrx_word' id='word_1_58' title='bbox 725 1436 822 1497; x_wconf 90' lang='lat' dir='ltr'><strong>eoque</strong></span> <span class='ocrx_word' id='word_1_59' title='bbox 835 1420 868 1480; x_wconf 92' lang='lat' dir='ltr'><strong>iu</strong></span> <span class='ocrx_word' id='word_1_60' title='bbox 880 1418 1023 1481; x_wconf 84' lang='lat' dir='ltr'><strong>omnibus</strong></span> <span class='ocrx_word' id='word_1_61' title='bbox 1037 1420 1172 1500; x_wconf 87' lang='lat' dir='ltr'><strong>pendeat.</strong></span> 
     </span>
    </p>

    <p class='ocr_par' dir='ltr' id='par_1_4' title="bbox 281 1516 1368 2096">
     <span class='ocr_line' id='line_1_9' title="bbox 322 1516 1368 1599; baseline 0.005 -17"><span class='ocrx_word' id='word_1_62' title='bbox 322 1522 368 1582; x_wconf 83' lang='lat' dir='ltr'><strong>lix</strong></span> <span class='ocrx_word' id='word_1_63' title='bbox 382 1518 502 1596; x_wconf 88' lang='lat' dir='ltr'><strong>quibus</strong></span> <span class='ocrx_word' id='word_1_64' title='bbox 513 1516 658 1579; x_wconf 86' lang='lat' dir='ltr'><strong>omnibus</strong></span> <span class='ocrx_word' id='word_1_65' title='bbox 674 1517 805 1596; x_wconf 88' lang='lat' dir='ltr'><strong>quisque</strong></span> <span class='ocrx_word' id='word_1_66' title='bbox 818 1518 909 1589; x_wconf 83' lang='lat' dir='ltr'><strong>videt,</strong></span> <span class='ocrx_word' id='word_1_67' title='bbox 924 1518 952 1578; x_wconf 89' lang='lat' dir='ltr'><strong>oi</strong></span> <span class='ocrx_word' id='word_1_68' title='bbox 965 1518 1019 1595; x_wconf 90' lang='lat' dir='ltr'><strong>qui</strong></span> <span class='ocrx_word' id='word_1_69' title='bbox 1034 1520 1204 1581; x_wconf 86' lang='lat' dir='ltr'><strong>societatem</strong></span> <span class='ocrx_word' id='word_1_70' title='bbox 1222 1524 1368 1599; x_wconf 87' lang='lat' dir='ltr'><strong>gubernat</strong></span> 
     </span>
     <span class='ocr_line' id='line_1_10' title="bbox 282 1617 1368 1699; baseline 0.004 -17"><span class='ocrx_word' id='word_1_71' title='bbox 282 1635 483 1699; x_wconf 81' lang='lat' dir='ltr'><strong>naquaquam</strong></span> <span class='ocrx_word' id='word_1_72' title='bbox 497 1617 535 1678; x_wconf 89' lang='lat' dir='ltr'><strong>ad</strong></span> <span class='ocrx_word' id='word_1_73' title='bbox 555 1618 657 1697; x_wconf 88' lang='lat' dir='ltr'><strong>ipsum</strong></span> <span class='ocrx_word' id='word_1_74' title='bbox 678 1618 828 1680; x_wconf 86' lang='lat' dir='ltr'><strong>societatis</strong></span> <span class='ocrx_word' id='word_1_75' title='bbox 839 1617 932 1679; x_wconf 88' lang='lat' dir='ltr'><strong>tinem</strong></span> <span class='ocrx_word' id='word_1_76' title='bbox 943 1618 1024 1679; x_wconf 85' lang='lat' dir='ltr'><strong>vires</strong></span> <span class='ocrx_word' id='word_1_77' title='bbox 1043 1617 1282 1699; x_wconf 82' lang='lat' dir='ltr'><strong>industriamque</strong></span> <span class='ocrx_word' id='word_1_78' title='bbox 1298 1642 1368 1686; x_wconf 90' lang='lat' dir='ltr'><strong>suas</strong></span> 
     </span>
     <span class='ocr_line' id='line_1_11' title="bbox 281 1716 1367 1797; baseline 0.002 -14"><span class='ocrx_word' id='word_1_79' title='bbox 281 1738 346 1783; x_wconf 87' lang='lat' dir='ltr'><strong>esee</strong></span> <span class='ocrx_word' id='word_1_80' title='bbox 358 1716 658 1794; x_wconf 56' lang='lat' dir='ltr'><strong>convertendique</strong></span> <span class='ocrx_word' id='word_1_81' title='bbox 679 1734 716 1779; x_wconf 89' lang='lat' dir='ltr'><strong>eo</strong></span> <span class='ocrx_word' id='word_1_82' title='bbox 734 1717 834 1797; x_wconf 87' lang='lat' dir='ltr'><strong>potius</strong></span> <span class='ocrx_word' id='word_1_83' title='bbox 855 1716 1053 1780; x_wconf 87' lang='lat' dir='ltr'><strong>intendendae</strong></span> <span class='ocrx_word' id='word_1_84' title='bbox 1072 1734 1137 1781; x_wconf 89' lang='lat' dir='ltr'><strong>esse</strong></span> <span class='ocrx_word' id='word_1_85' title='bbox 1159 1726 1194 1781; x_wconf 91' lang='lat' dir='ltr'><strong>ut</strong></span> <span class='ocrx_word' id='word_1_86' title='bbox 1214 1722 1367 1785; x_wconf 83' lang='lat' dir='ltr'><strong>sociorum</strong></span> 
     </span>
     <span class='ocr_line' id='line_1_12' title="bbox 285 1816 1366 1899; baseline 0.002 -18"><span class='ocrx_word' id='word_1_87' title='bbox 285 1822 423 1899; x_wconf 90' lang='lat' dir='ltr'><strong>ipsomm</strong></span> <span class='ocrx_word' id='word_1_88' title='bbox 442 1820 523 1879; x_wconf 77' lang='lat' dir='ltr'><strong>vires</strong></span> <span class='ocrx_word' id='word_1_89' title='bbox 536 1817 728 1894; x_wconf 80' lang='lat' dir='ltr'><strong>actionesque</strong></span> <span class='ocrx_word' id='word_1_90' title='bbox 746 1817 780 1877; x_wconf 90' lang='lat' dir='ltr'><strong>in</strong></span> <span class='ocrx_word' id='word_1_91' title='bbox 792 1816 875 1878; x_wconf 90' lang='lat' dir='ltr'><strong>hunc</strong></span> <span class='ocrx_word' id='word_1_92' title='bbox 897 1816 989 1877; x_wconf 89' lang='lat' dir='ltr'><strong>linem</strong></span> <span class='ocrx_word' id='word_1_93' title='bbox 1007 1818 1148 1879; x_wconf 90' lang='lat' dir='ltr'><strong>socialem</strong></span> <span class='ocrx_word' id='word_1_94' title='bbox 1162 1820 1366 1895; x_wconf 76' lang='lat' dir='ltr'><strong>connituntur,</strong></span> 
     </span>
     <span class='ocr_line' id='line_1_13' title="bbox 288 1914 1368 1997; baseline 0.002 -16"><span class='ocrx_word' id='word_1_95' title='bbox 288 1920 450 1997; x_wconf 87' lang='lat' dir='ltr'><strong>mediaque</strong></span> <span class='ocrx_word' id='word_1_96' title='bbox 471 1922 541 1997; x_wconf 85' lang='lat' dir='ltr'><strong>apta</strong></span> <span class='ocrx_word' id='word_1_97' title='bbox 559 1915 607 1977; x_wconf 88' lang='lat' dir='ltr'><strong>illi</strong></span> <span class='ocrx_word' id='word_1_98' title='bbox 627 1932 693 1977; x_wconf 90' lang='lat' dir='ltr'><strong>esse</strong></span> <span class='ocrx_word' id='word_1_99' title='bbox 712 1914 881 1977; x_wconf 83' lang='lat' dir='ltr'><strong>adhibenda</strong></span> <span class='ocrx_word' id='word_1_100' title='bbox 899 1919 933 1976; x_wconf 91' lang='lat' dir='ltr'><strong>ut</strong></span> <span class='ocrx_word' id='word_1_101' title='bbox 953 1914 1009 1977; x_wconf 85' lang='lat' dir='ltr'><strong>has</strong></span> <span class='ocrx_word' id='word_1_102' title='bbox 1029 1918 1180 1980; x_wconf 89' lang='lat' dir='ltr'><strong>sociorum</strong></span> <span class='ocrx_word' id='word_1_103' title='bbox 1199 1920 1277 1981; x_wconf 80' lang='lat' dir='ltr'><strong>vires</strong></span> <span class='ocrx_word' id='word_1_104' title='bbox 1295 1936 1368 1983; x_wconf 90' lang='lat' dir='ltr'><strong>cou-</strong></span> 
     </span>
     <span class='ocr_line' id='line_1_14' title="bbox 288 2014 804 2096; baseline -0.008 -16"><span class='ocrx_word' id='word_1_105' title='bbox 288 2024 431 2096; x_wconf 87' lang='lat' dir='ltr'><strong>gmsuter</strong></span> <span class='ocrx_word' id='word_1_106' title='bbox 443 2022 564 2078; x_wconf 80' lang='lat' dir='ltr'><strong>moveat</strong></span> <span class='ocrx_word' id='word_1_107' title='bbox 576 2032 611 2076; x_wconf 86' lang='lat' dir='ltr'><strong>ac</strong></span> <span class='ocrx_word' id='word_1_108' title='bbox 623 2014 804 2077; x_wconf 83' lang='lat' dir='ltr'><strong>moderetur.</strong></span> 
     </span>
    </p>

    <p class='ocr_par' dir='ltr' id='par_1_5' title="bbox 293 2114 1371 2399">
     <span class='ocr_line' id='line_1_15' title="bbox 327 2114 1369 2196; baseline 0.004 -17"><span class='ocrx_word' id='word_1_109' title='bbox 327 2121 427 2193; x_wconf 78' lang='lat' dir='ltr'><strong>omre</strong></span> <span class='ocrx_word' id='word_1_110' title='bbox 446 2116 562 2196; x_wconf 83' lang='lat' dir='ltr'><strong>publici</strong></span> <span class='ocrx_word' id='word_1_111' title='bbox 576 2115 732 2192; x_wconf 86' lang='lat' dir='ltr'><strong>regiminis</strong></span> <span class='ocrx_word' id='word_1_112' title='bbox 749 2114 890 2194; x_wconf 76' lang='lat' dir='ltr'><strong>perfectio</strong></span> <span class='ocrx_word' id='word_1_113' title='bbox 907 2117 1042 2179; x_wconf 88' lang='lat' dir='ltr'><strong>consistit</strong></span> <span class='ocrx_word' id='word_1_114' title='bbox 1055 2117 1087 2177; x_wconf 92' lang='lat' dir='ltr'><strong>in</strong></span> <span class='ocrx_word' id='word_1_115' title='bbox 1106 2134 1165 2181; x_wconf 89' lang='lat' dir='ltr'><strong>usu</strong></span> <span class='ocrx_word' id='word_1_116' title='bbox 1179 2119 1291 2181; x_wconf 86' lang='lat' dir='ltr'><strong>virium</strong></span> <span class='ocrx_word' id='word_1_117' title='bbox 1311 2121 1369 2183; x_wconf 90' lang='lat' dir='ltr'><strong>hu·</strong></span> 
     </span>
     <span class='ocr_line' id='line_1_16' title="bbox 293 2214 1370 2296; baseline 0.001 -15"><span class='ocrx_word' id='word_1_118' title='bbox 293 2234 452 2281; x_wconf 86' lang='lat' dir='ltr'><strong>manarum</strong></span> <span class='ocrx_word' id='word_1_119' title='bbox 465 2234 521 2296; x_wconf 87' lang='lat' dir='ltr'><strong>per</strong></span> <span class='ocrx_word' id='word_1_120' title='bbox 533 2214 635 2277; x_wconf 86' lang='lat' dir='ltr'><strong>medis</strong></span> <span class='ocrx_word' id='word_1_121' title='bbox 648 2222 847 2277; x_wconf 65' lang='lat' dir='ltr'><strong>consensum</strong></span> <span class='ocrx_word' id='word_1_122' title='bbox 861 2217 903 2277; x_wconf 86' lang='lat' dir='ltr'><strong>ita</strong></span> <span class='ocrx_word' id='word_1_123' title='bbox 915 2216 1074 2293; x_wconf 86' lang='lat' dir='ltr'><strong>dirigendo</strong></span> <span class='ocrx_word' id='word_1_124' title='bbox 1086 2224 1120 2279; x_wconf 92' lang='lat' dir='ltr'><strong>ut</strong></span> <span class='ocrx_word' id='word_1_125' title='bbox 1132 2236 1202 2279; x_wconf 92' lang='lat' dir='ltr'><strong>cum</strong></span> <span class='ocrx_word' id='word_1_126' title='bbox 1215 2222 1299 2282; x_wconf 89' lang='lat' dir='ltr'><strong>omni</strong></span> <span class='ocrx_word' id='word_1_127' title='bbox 1315 2238 1370 2282; x_wconf 86' lang='lat' dir='ltr'><strong>sua</strong></span> 
     </span>
     <span class='ocr_line' id='line_1_17' title="bbox 296 2315 1371 2399; baseline 0.003 -18"><span class='ocrx_word' id='word_1_128' title='bbox 296 2318 432 2394; x_wconf 72' lang='lat' dir='ltr'><strong>efficacia,</strong></span> <span class='ocrx_word' id='word_1_129' title='bbox 448 2318 516 2378; x_wconf 88' lang='lat' dir='ltr'><strong>sine</strong></span> <span class='ocrx_word' id='word_1_130' title='bbox 533 2321 642 2376; x_wconf 88' lang='lat' dir='ltr'><strong>mutua</strong></span> <span class='ocrx_word' id='word_1_131' title='bbox 657 2315 823 2387; x_wconf 90' lang='lat' dir='ltr'><strong>collisione,</strong></span> <span class='ocrx_word' id='word_1_132' title='bbox 839 2315 899 2378; x_wconf 78' lang='lat' dir='ltr'><strong>illae</strong></span> <span class='ocrx_word' id='word_1_133' title='bbox 912 2317 1082 2396; x_wconf 87' lang='lat' dir='ltr'><strong>conspirent</strong></span> <span class='ocrx_word' id='word_1_134' title='bbox 1091 2317 1129 2379; x_wconf 92' lang='lat' dir='ltr'><strong>ad</strong></span> <span class='ocrx_word' id='word_1_135' title='bbox 1143 2319 1256 2381; x_wconf 80' lang='grc' dir='ltr'>ιιοιιιιιιι</span> <span class='ocrx_word' id='word_1_136' title='bbox 1269 2324 1371 2399; x_wconf 74' lang='lat' dir='ltr'><strong>cuius·</strong></span> 
     </span>
    </p>

    <p class='ocr_par' dir='ltr' id='par_1_6' title="bbox 303 2415 1371 2579">
     <span class='ocr_line' id='line_1_18' title="bbox 304 2415 1371 2498; baseline 0.004 -20"><span class='ocrx_word' id='word_1_137' title='bbox 304 2418 436 2495; x_wconf 82' lang='lat' dir='ltr'><strong>quesocii</strong></span> <span class='ocrx_word' id='word_1_138' title='bbox 459 2415 640 2498; x_wconf 82' lang='lat' dir='ltr'><strong>particulare</strong></span> <span class='ocrx_word' id='word_1_139' title='bbox 657 2415 856 2477; x_wconf 86' lang='lat' dir='ltr'><strong>obtinendum</strong></span> <span class='ocrx_word' id='word_1_140' title='bbox 874 2416 1069 2478; x_wconf 88' lang='lat' dir='ltr'><strong>subordinate</strong></span> <span class='ocrx_word' id='word_1_141' title='bbox 1086 2416 1123 2478; x_wconf 84' lang='lat' dir='ltr'><strong>ad</strong></span> <span class='ocrx_word' id='word_1_142' title='bbox 1138 2434 1295 2481; x_wconf 87' lang='lat' dir='ltr'><strong>summum</strong></span> <span class='ocrx_word' id='word_1_143' title='bbox 1312 2438 1371 2483; x_wconf 86' lang='lat' dir='ltr'><strong>na-</strong></span> 
     </span>
     <span class='ocr_line' id='line_1_19' title="bbox 303 2515 664 2579; baseline 0 -2"><span class='ocrx_word' id='word_1_144' title='bbox 303 2524 371 2579; x_wconf 78' lang='lat' dir='ltr'><strong>tura</strong></span> <span class='ocrx_word' id='word_1_145' title='bbox 381 2516 524 2579; x_wconf 75' lang='lat' dir='ltr'><strong>inmense</strong></span> <span class='ocrx_word' id='word_1_146' title='bbox 538 2515 664 2577; x_wconf 86' lang='lat' dir='ltr'><strong>bonum.</strong></span> 
     </span>
    </p>

    <p class='ocr_par' dir='ltr' id='par_1_7' title="bbox 289 2616 1373 3797">
     <span class='ocr_line' id='line_1_20' title="bbox 333 2616 1369 2699; baseline 0.004 -18"><span class='ocrx_word' id='word_1_147' title='bbox 333 2618 464 2681; x_wconf 69' lang='lat' dir='ltr'><strong>(neom.</strong></span> <span class='ocrx_word' id='word_1_148' title='bbox 482 2618 513 2679; x_wconf 83' lang='grc'><strong>3.</strong></span> <span class='ocrx_word' id='word_1_149' title='bbox 529 2616 615 2677; x_wconf 91' lang='lat' dir='ltr'><strong>-Si</strong></span> <span class='ocrx_word' id='word_1_150' title='bbox 634 2616 756 2695; x_wconf 89' lang='lat' dir='ltr'><strong>publica</strong></span> <span class='ocrx_word' id='word_1_151' title='bbox 775 2618 948 2698; x_wconf 83' lang='lat' dir='ltr'><strong>auctoritas,</strong></span> <span class='ocrx_word' id='word_1_152' title='bbox 968 2618 1007 2681; x_wconf 84' lang='lat' dir='ltr'><strong>uo</strong></span> <span class='ocrx_word' id='word_1_153' title='bbox 1029 2618 1129 2682; x_wconf 85' lang='lat' dir='ltr'><strong>officio</strong></span> <span class='ocrx_word' id='word_1_154' title='bbox 1142 2636 1199 2683; x_wconf 85' lang='lat' dir='ltr'><strong>suo</strong></span> <span class='ocrx_word' id='word_1_155' title='bbox 1216 2620 1369 2699; x_wconf 86' lang='lat' dir='ltr'><strong>aberrans,</strong></span> 
     </span>
     <span class='ocr_line' id='line_1_21' title="bbox 294 2718 1370 2797; baseline 0.004 -16"><span class='ocrx_word' id='word_1_156' title='bbox 294 2720 448 2782; x_wconf 82' lang='lat' dir='ltr'><strong>mmmuui</strong></span> <span class='ocrx_word' id='word_1_157' title='bbox 467 2718 549 2779; x_wconf 87' lang='lat' dir='ltr'><strong>bono</strong></span> <span class='ocrx_word' id='word_1_158' title='bbox 560 2718 727 2797; x_wconf 85' lang='lat' dir='ltr'><strong>prospicere</strong></span> <span class='ocrx_word' id='word_1_159' title='bbox 744 2718 888 2795; x_wconf 78' lang='lat' dir='ltr'><strong>negligat,</strong></span> <span class='ocrx_word' id='word_1_160' title='bbox 901 2735 957 2781; x_wconf 89' lang='lat' dir='ltr'><strong>nec</strong></span> <span class='ocrx_word' id='word_1_161' title='bbox 973 2721 1119 2781; x_wconf 76' lang='lat' dir='ltr'><strong>rabonem</strong></span> <span class='ocrx_word' id='word_1_162' title='bbox 1134 2722 1282 2783; x_wconf 86' lang='lat' dir='ltr'><strong>sociorum</strong></span> <span class='ocrx_word' id='word_1_163' title='bbox 1303 2740 1370 2785; x_wconf 93' lang='lat' dir='ltr'><strong>mo-</strong></span> 
     </span>
     <span class='ocr_line' id='line_1_22' title="bbox 291 2813 1371 2898; baseline 0.005 -18"><span class='ocrx_word' id='word_1_164' title='bbox 291 2834 372 2896; x_wconf 81' lang='lat' dir='ltr'><strong>rans,</strong></span> <span class='ocrx_word' id='word_1_165' title='bbox 391 2832 452 2879; x_wconf 90' lang='lat' dir='ltr'><strong>noc</strong></span> <span class='ocrx_word' id='word_1_166' title='bbox 464 2814 624 2877; x_wconf 83' lang='lat' dir='ltr'><strong>sensitivas</strong></span> <span class='ocrx_word' id='word_1_167' title='bbox 641 2813 797 2877; x_wconf 80' lang='lat' dir='ltr'><strong>facultates</strong></span> <span class='ocrx_word' id='word_1_168' title='bbox 811 2816 971 2891; x_wconf 86' lang='lat' dir='ltr'><strong>inclinans,</strong></span> <span class='ocrx_word' id='word_1_169' title='bbox 989 2824 1060 2880; x_wconf 88' lang='lat' dir='ltr'><strong>tuuc</strong></span> <span class='ocrx_word' id='word_1_170' title='bbox 1081 2818 1247 2882; x_wconf 86' lang='lat' dir='ltr'><strong>necessario</strong></span> <span class='ocrx_word' id='word_1_171' title='bbox 1260 2819 1322 2898; x_wconf 89' lang='lat' dir='ltr'><strong>liet,</strong></span> <span class='ocrx_word' id='word_1_172' title='bbox 1336 2829 1371 2885; x_wconf 88' lang='lat' dir='ltr'><strong>ut</strong></span> 
     </span>
     <span class='ocr_line' id='line_1_23' title="bbox 289 2914 1371 2998; baseline 0.004 -21"><span class='ocrx_word' id='word_1_173' title='bbox 289 2916 423 2998; x_wconf 88' lang='lat' dir='ltr'><strong>populus</strong></span> <span class='ocrx_word' id='word_1_174' title='bbox 444 2915 618 2988; x_wconf 84' lang='lat' dir='ltr'><strong>universus,</strong></span> <span class='ocrx_word' id='word_1_175' title='bbox 641 2914 773 2975; x_wconf 87' lang='lat' dir='ltr'><strong>naturali</strong></span> <span class='ocrx_word' id='word_1_176' title='bbox 786 2916 984 2994; x_wconf 87' lang='lat' dir='ltr'><strong>propensione</strong></span> <span class='ocrx_word' id='word_1_177' title='bbox 1004 2916 1165 2996; x_wconf 88' lang='lat' dir='ltr'><strong>impulsus,</strong></span> <span class='ocrx_word' id='word_1_178' title='bbox 1187 2921 1371 2981; x_wconf 84' lang='lat' dir='ltr'><strong>auctoritatis</strong></span> 
     </span>
     <span class='ocr_line' id='line_1_24' title="bbox 290 3013 1372 3095; baseline 0.001 -18"><span class='ocrx_word' id='word_1_179' title='bbox 290 3015 438 3095; x_wconf 86' lang='lat' dir='ltr'><strong>regimini</strong></span> <span class='ocrx_word' id='word_1_180' title='bbox 451 3013 608 3075; x_wconf 84' lang='lat' dir='ltr'><strong>renitatur.</strong></span> <span class='ocrx_word' id='word_1_181' title='bbox 621 3013 737 3074; x_wconf 80' lang='lat' dir='ltr'><strong>Etenim</strong></span> <span class='ocrx_word' id='word_1_182' title='bbox 751 3015 785 3074; x_wconf 91' lang='lat' dir='ltr'><strong>iu</strong></span> <span class='ocrx_word' id='word_1_183' title='bbox 805 3031 841 3076; x_wconf 89' lang='lat' dir='ltr'><strong>eo</strong></span> <span class='ocrx_word' id='word_1_184' title='bbox 853 3031 927 3076; x_wconf 83' lang='lat' dir='ltr'><strong>casu</strong></span> <span class='ocrx_word' id='word_1_185' title='bbox 942 3020 1021 3075; x_wconf 85' lang='lat' dir='ltr'><strong>totus</strong></span> <span class='ocrx_word' id='word_1_186' title='bbox 1039 3015 1142 3092; x_wconf 90' lang='lat' dir='ltr'><strong>homo,</strong></span> <span class='ocrx_word' id='word_1_187' title='bbox 1157 3021 1192 3075; x_wconf 87' lang='lat' dir='ltr'><strong>ut</strong></span> <span class='ocrx_word' id='word_1_188' title='bbox 1210 3018 1372 3078; x_wconf 81' lang='lat' dir='ltr'><strong>sensitivus</strong></span> 
     </span>
     <span class='ocr_line' id='line_1_25' title="bbox 290 3113 1373 3193; baseline 0 -16"><span class='ocrx_word' id='word_1_189' title='bbox 290 3116 444 3178; x_wconf 86' lang='lat' dir='ltr'><strong>nimirum</strong></span> <span class='ocrx_word' id='word_1_190' title='bbox 467 3121 558 3190; x_wconf 89' lang='lat' dir='ltr'><strong>atque</strong></span> <span class='ocrx_word' id='word_1_191' title='bbox 570 3119 606 3173; x_wconf 90' lang='lat' dir='ltr'><strong>ut</strong></span> <span class='ocrx_word' id='word_1_192' title='bbox 618 3113 785 3190; x_wconf 78' lang='lat' dir='ltr'><strong>radooalis,</strong></span> <span class='ocrx_word' id='word_1_193' title='bbox 799 3119 860 3174; x_wconf 79' lang='lat' dir='ltr'><strong>mm</strong></span> <span class='ocrx_word' id='word_1_194' title='bbox 878 3113 1072 3175; x_wconf 84' lang='lat' dir='ltr'><strong>vehementes</strong></span> <span class='ocrx_word' id='word_1_195' title='bbox 1086 3113 1236 3193; x_wconf 89' lang='lat' dir='ltr'><strong>impulsus</strong></span> <span class='ocrx_word' id='word_1_196' title='bbox 1254 3117 1287 3176; x_wconf 92' lang='lat' dir='ltr'><strong>in</strong></span> <span class='ocrx_word' id='word_1_197' title='bbox 1306 3117 1373 3179; x_wconf 88' lang='lat' dir='ltr'><strong>sin·</strong></span> 
     </span>
     <span class='ocr_line' id='line_1_26' title="bbox 290 3213 1373 3294; baseline 0.002 -18"><span class='ocrx_word' id='word_1_198' title='bbox 290 3215 375 3294; x_wconf 86' lang='lat' dir='ltr'><strong>gulis</strong></span> <span class='ocrx_word' id='word_1_199' title='bbox 394 3213 563 3275; x_wconf 82' lang='lat' dir='ltr'><strong>individuis</strong></span> <span class='ocrx_word' id='word_1_200' title='bbox 577 3213 613 3274; x_wconf 86' lang='lat' dir='ltr'><strong>ad</strong></span> <span class='ocrx_word' id='word_1_201' title='bbox 630 3213 840 3276; x_wconf 83' lang='lat' dir='ltr'><strong>reluctandum</strong></span> <span class='ocrx_word' id='word_1_202' title='bbox 865 3213 984 3293; x_wconf 89' lang='lat' dir='ltr'><strong>accipit,</strong></span> <span class='ocrx_word' id='word_1_203' title='bbox 1006 3215 1228 3293; x_wconf 85' lang='lat' dir='ltr'><strong>etquicunque</strong></span> <span class='ocrx_word' id='word_1_204' title='bbox 1248 3219 1373 3278; x_wconf 87' lang='lat' dir='ltr'><strong>auctori-</strong></span> 
     </span>
     <span class='ocr_line' id='line_1_27' title="bbox 290 3311 1372 3395; baseline 0.001 -19"><span class='ocrx_word' id='word_1_205' title='bbox 290 3316 363 3376; x_wconf 84' lang='lat' dir='ltr'><strong>tatis</strong></span> <span class='ocrx_word' id='word_1_206' title='bbox 374 3319 504 3376; x_wconf 83' lang='lat' dir='ltr'><strong>conatus</strong></span> <span class='ocrx_word' id='word_1_207' title='bbox 515 3312 603 3392; x_wconf 89' lang='lat' dir='ltr'><strong>plane</strong></span> <span class='ocrx_word' id='word_1_208' title='bbox 618 3311 803 3375; x_wconf 79' lang='lat' dir='ltr'><strong>insufficiens</strong></span> <span class='ocrx_word' id='word_1_209' title='bbox 819 3313 942 3374; x_wconf 88' lang='lat' dir='ltr'><strong>iuturus</strong></span> <span class='ocrx_word' id='word_1_210' title='bbox 960 3312 1050 3374; x_wconf 86' lang='lat' dir='ltr'><strong>ailad</strong></span> <span class='ocrx_word' id='word_1_211' title='bbox 1065 3313 1263 3376; x_wconf 82' lang='lat' dir='ltr'><strong>obedientiam</strong></span> <span class='ocrx_word' id='word_1_212' title='bbox 1278 3333 1296 3376; x_wconf 90' lang='lat' dir='ltr'><strong>a</strong></span> <span class='ocrx_word' id='word_1_213' title='bbox 1310 3316 1372 3395; x_wconf 90' lang='lat' dir='ltr'><strong>ple·</strong></span> 
     </span>
     <span class='ocr_line' id='line_1_28' title="bbox 290 3414 1371 3496; baseline 0.004 -20"><span class='ocrx_word' id='word_1_214' title='bbox 290 3419 397 3496; x_wconf 87' lang='lat' dir='ltr'><strong>risque</strong></span> <span class='ocrx_word' id='word_1_215' title='bbox 416 3414 548 3477; x_wconf 89' lang='lat' dir='ltr'><strong>subditis</strong></span> <span class='ocrx_word' id='word_1_216' title='bbox 564 3415 770 3476; x_wconf 86' lang='lat' dir='ltr'><strong>obtinendam.</strong></span> <span class='ocrx_word' id='word_1_217' title='bbox 785 3416 862 3478; x_wconf 89' lang='lat' dir='ltr'><strong>iiiuc</strong></span> <span class='ocrx_word' id='word_1_218' title='bbox 872 3432 953 3496; x_wconf 80' lang='lat' dir='ltr'><strong>saepe</strong></span> <span class='ocrx_word' id='word_1_219' title='bbox 965 3415 1000 3476; x_wconf 88' lang='lat' dir='ltr'><strong>fit</strong></span> <span class='ocrx_word' id='word_1_220' title='bbox 1012 3421 1047 3476; x_wconf 89' lang='lat' dir='ltr'><strong>ut</strong></span> <span class='ocrx_word' id='word_1_221' title='bbox 1068 3417 1100 3478; x_wconf 92' lang='lat' dir='ltr'><strong>in</strong></span> <span class='ocrx_word' id='word_1_222' title='bbox 1121 3417 1310 3480; x_wconf 88' lang='lat' dir='ltr'><strong>societatibus</strong></span> <span class='ocrx_word' id='word_1_223' title='bbox 1323 3417 1371 3481; x_wconf 89' lang='lat' dir='ltr'><strong>vel</strong></span> 
     </span>
     <span class='ocr_line' id='line_1_29' title="bbox 292 3515 1372 3600; baseline -0.001 -21"><span class='ocrx_word' id='word_1_224' title='bbox 292 3518 407 3598; x_wconf 88' lang='lat' dir='ltr'><strong>optime</strong></span> <span class='ocrx_word' id='word_1_225' title='bbox 431 3517 577 3578; x_wconf 85' lang='lat' dir='ltr'><strong>ordinatis</strong></span> <span class='ocrx_word' id='word_1_226' title='bbox 601 3516 740 3594; x_wconf 80' lang='lat' dir='ltr'><strong>quodam</strong></span> <span class='ocrx_word' id='word_1_227' title='bbox 762 3515 856 3594; x_wconf 88' lang='lat' dir='ltr'><strong>leges,</strong></span> <span class='ocrx_word' id='word_1_228' title='bbox 882 3518 1021 3594; x_wconf 83' lang='lat' dir='ltr'><strong>quamvis</strong></span> <span class='ocrx_word' id='word_1_229' title='bbox 1047 3517 1205 3595; x_wconf 76' lang='lat' dir='ltr'><strong>abrogata,</strong></span> <span class='ocrx_word' id='word_1_230' title='bbox 1230 3523 1372 3600; x_wconf 87' lang='lat' dir='ltr'><strong>perpetuo</strong></span> 
     </span>
     <span class='ocr_line' id='line_1_30' title="bbox 294 3615 1372 3695; baseline -0.001 -16"><span class='ocrx_word' id='word_1_231' title='bbox 294 3621 456 3679; x_wconf 75' lang='lat' dir='ltr'><strong>sementim</strong></span> <span class='ocrx_word' id='word_1_232' title='bbox 464 3631 476 3695; x_wconf 92' lang='lat'>;</span> <span class='ocrx_word' id='word_1_233' title='bbox 493 3615 560 3678; x_wconf 80' lang='lat' dir='ltr'><strong>aliae</strong></span> <span class='ocrx_word' id='word_1_234' title='bbox 571 3633 652 3688; x_wconf 83' lang='lat' dir='ltr'><strong>reto,</strong></span> <span class='ocrx_word' id='word_1_235' title='bbox 663 3615 836 3678; x_wconf 82' lang='lat' dir='ltr'><strong>auctoritate</strong></span> <span class='ocrx_word' id='word_1_236' title='bbox 849 3617 962 3678; x_wconf 79' lang='lat' dir='ltr'><strong>frustm</strong></span> <span class='ocrx_word' id='word_1_237' title='bbox 976 3633 1080 3678; x_wconf 79' lang='lat' dir='ltr'><strong>smum</strong></span> <span class='ocrx_word' id='word_1_238' title='bbox 1101 3619 1309 3680; x_wconf 86' lang='lat' dir='ltr'><strong>executionem</strong></span> <span class='ocrx_word' id='word_1_239' title='bbox 1322 3635 1372 3679; x_wconf 91' lang='lat' dir='ltr'><strong>ur·</strong></span> 
     </span>
     <span class='ocr_line' id='line_1_31' title="bbox 295 3717 917 3797; baseline -0.006 -17"><span class='ocrx_word' id='word_1_240' title='bbox 295 3724 396 3797; x_wconf 87' lang='lat' dir='ltr'><strong>geute,</strong></span> <span class='ocrx_word' id='word_1_241' title='bbox 408 3717 493 3779; x_wconf 84' lang='lat' dir='ltr'><strong>brevi</strong></span> <span class='ocrx_word' id='word_1_242' title='bbox 506 3718 540 3778; x_wconf 90' lang='lat' dir='ltr'><strong>iu</strong></span> <span class='ocrx_word' id='word_1_243' title='bbox 553 3717 783 3780; x_wconf 87' lang='lat' dir='ltr'><strong>desuetudinem</strong></span> <span class='ocrx_word' id='word_1_244' title='bbox 796 3717 917 3779; x_wconf 85' lang='lat' dir='ltr'><strong>abeant.</strong></span> 
     </span>
    </p>

    <p class='ocr_par' dir='ltr' id='par_1_8' title="bbox 295 3817 1438 4596">
     <span class='ocr_line' id='line_1_32' title="bbox 334 3817 1373 3898; baseline 0 -16"><span class='ocrx_word' id='word_1_245' title='bbox 334 3823 403 3882; x_wconf 80' lang='lat' dir='ltr'><strong>lam</strong></span> <span class='ocrx_word' id='word_1_246' title='bbox 417 3821 450 3880; x_wconf 92' lang='lat' dir='ltr'><strong>in</strong></span> <span class='ocrx_word' id='word_1_247' title='bbox 464 3819 614 3898; x_wconf 84' lang='lat' dir='ltr'><strong>ejusmodi</strong></span> <span class='ocrx_word' id='word_1_248' title='bbox 628 3818 750 3881; x_wconf 82' lang='lat' dir='ltr'><strong>casibus</strong></span> <span class='ocrx_word' id='word_1_249' title='bbox 769 3820 847 3881; x_wconf 86' lang='lat' dir='ltr'><strong>actio</strong></span> <span class='ocrx_word' id='word_1_250' title='bbox 864 3817 1071 3882; x_wconf 87' lang='lat' dir='ltr'><strong>multitudinis</strong></span> <span class='ocrx_word' id='word_1_251' title='bbox 1090 3819 1237 3882; x_wconf 77' lang='lat' dir='ltr'><strong>universa</strong></span> <span class='ocrx_word' id='word_1_252' title='bbox 1252 3823 1373 3882; x_wconf 76' lang='lat' dir='ltr'><strong>instinc</strong></span> 
     </span>
     <span class='ocr_line' id='line_1_33' title="bbox 296 3917 1372 3996; baseline 0.001 -16"><span class='ocrx_word' id='word_1_253' title='bbox 296 3922 355 3982; x_wconf 82' lang='lat' dir='ltr'><strong>tiva</strong></span> <span class='ocrx_word' id='word_1_254' title='bbox 368 3926 427 3993; x_wconf 90' lang='lat' dir='ltr'><strong>est,</strong></span> <span class='ocrx_word' id='word_1_255' title='bbox 441 3919 556 3981; x_wconf 86' lang='lat' dir='ltr'><strong>scilicet</strong></span> <span class='ocrx_word' id='word_1_256' title='bbox 568 3919 779 3994; x_wconf 86' lang='lat' dir='ltr'><strong>indeliberata,</strong></span> <span class='ocrx_word' id='word_1_257' title='bbox 800 3933 978 3996; x_wconf 86' lang='lat' dir='ltr'><strong>quanquam</strong></span> <span class='ocrx_word' id='word_1_258' title='bbox 991 3917 1046 3979; x_wconf 85' lang='lat' dir='ltr'><strong>illa</strong></span> <span class='ocrx_word' id='word_1_259' title='bbox 1059 3919 1092 3979; x_wconf 93' lang='lat' dir='ltr'><strong>in</strong></span> <span class='ocrx_word' id='word_1_260' title='bbox 1106 3918 1234 3996; x_wconf 89' lang='lat' dir='ltr'><strong>singulis</strong></span> <span class='ocrx_word' id='word_1_261' title='bbox 1247 3919 1372 3981; x_wconf 89' lang='lat' dir='ltr'><strong>seorsim</strong></span> 
     </span>
     <span class='ocr_line' id='line_1_34' title="bbox 295 4011 1438 4098; baseline 0 -18"><span class='ocrx_word' id='word_1_262' title='bbox 295 4019 458 4081; x_wconf 80' lang='lat' dir='ltr'><strong>indiuiduis</strong></span> <span class='ocrx_word' id='word_1_263' title='bbox 479 4036 516 4080; x_wconf 90' lang='lat' dir='ltr'><strong>ea</strong></span> <span class='ocrx_word' id='word_1_264' title='bbox 535 4020 627 4098; x_wconf 85' lang='lat' dir='ltr'><strong>possit</strong></span> <span class='ocrx_word' id='word_1_265' title='bbox 649 4035 715 4080; x_wconf 88' lang='lat' dir='ltr'><strong>esse</strong></span> <span class='ocrx_word' id='word_1_266' title='bbox 736 4017 866 4079; x_wconf 81' lang='lat' dir='ltr'><strong>maxime</strong></span> <span class='ocrx_word' id='word_1_267' title='bbox 890 4011 1065 4078; x_wconf 80' lang='lat' dir='ltr'><strong>deliberata.¹</strong></span> <span class='ocrx_word' id='word_1_268' title='bbox 1082 4019 1199 4080; x_wconf 87' lang='lat' dir='ltr'><strong>Etenim</strong></span> <span class='ocrx_word' id='word_1_269' title='bbox 1224 4021 1372 4082; x_wconf 84' lang='lat' dir='ltr'><strong>sociorum</strong></span> <span class='ocrx_word' id='word_1_270' title='bbox 1435 4083 1438 4090; x_wconf 73' lang='grc'>,</span> 
     </span>
     <span class='ocr_line' id='line_1_35' title="bbox 297 4117 1372 4198; baseline 0.001 -18"><span class='ocrx_word' id='word_1_271' title='bbox 297 4119 463 4180; x_wconf 87' lang='lat' dir='ltr'><strong>multitudo</strong></span> <span class='ocrx_word' id='word_1_272' title='bbox 483 4120 517 4180; x_wconf 91' lang='lat' dir='ltr'><strong>iu</strong></span> <span class='ocrx_word' id='word_1_273' title='bbox 531 4118 585 4178; x_wconf 90' lang='lat' dir='ltr'><strong>tali</strong></span> <span class='ocrx_word' id='word_1_274' title='bbox 604 4133 675 4179; x_wconf 87' lang='lat' dir='ltr'><strong>casu</strong></span> <span class='ocrx_word' id='word_1_275' title='bbox 688 4118 837 4178; x_wconf 69' lang='lat' dir='ltr'><strong>onitamm</strong></span> <span class='ocrx_word' id='word_1_276' title='bbox 855 4117 981 4178; x_wconf 88' lang='lat' dir='ltr'><strong>actionis</strong></span> <span class='ocrx_word' id='word_1_277' title='bbox 1001 4117 1092 4180; x_wconf 88' lang='lat' dir='ltr'><strong>babet</strong></span> <span class='ocrx_word' id='word_1_278' title='bbox 1112 4119 1178 4180; x_wconf 89' lang='lat' dir='ltr'><strong>sine</strong></span> <span class='ocrx_word' id='word_1_279' title='bbox 1195 4119 1372 4198; x_wconf 75' lang='lat' dir='ltr'><strong>procedenti</strong></span> 
     </span>
     <span class='ocr_line' id='line_1_36' title="bbox 300 4214 1373 4297; baseline 0.002 -17"><span class='ocrx_word' id='word_1_280' title='bbox 300 4219 508 4292; x_wconf 80' lang='lat' dir='ltr'><strong>conventione,</strong></span> <span class='ocrx_word' id='word_1_281' title='bbox 527 4217 594 4278; x_wconf 89' lang='lat' dir='ltr'><strong>sine</strong></span> <span class='ocrx_word' id='word_1_282' title='bbox 616 4217 755 4297; x_wconf 81' lang='lat' dir='ltr'><strong>praesenti</strong></span> <span class='ocrx_word' id='word_1_283' title='bbox 776 4214 959 4278; x_wconf 77' lang='lat' dir='ltr'><strong>advertenda</strong></span> <span class='ocrx_word' id='word_1_284' title='bbox 986 4217 1098 4294; x_wconf 88' lang='lat' dir='ltr'><strong>sociali,</strong></span> <span class='ocrx_word' id='word_1_285' title='bbox 1122 4219 1187 4280; x_wconf 89' lang='lat' dir='ltr'><strong>sine</strong></span> <span class='ocrx_word' id='word_1_286' title='bbox 1209 4226 1289 4282; x_wconf 86' lang='lat' dir='ltr'><strong>certo</strong></span> <span class='ocrx_word' id='word_1_287' title='bbox 1312 4221 1373 4282; x_wconf 89' lang='lat' dir='ltr'><strong>tine</strong></span> 
     </span>
     <span class='ocr_line' id='line_1_37' title="bbox 300 4317 1371 4398; baseline 0 -18"><span class='ocrx_word' id='word_1_288' title='bbox 300 4319 499 4381; x_wconf 81' lang='lat' dir='ltr'><strong>communiter</strong></span> <span class='ocrx_word' id='word_1_289' title='bbox 509 4317 715 4380; x_wconf 87' lang='lat' dir='ltr'><strong>determinato.</strong></span> <span class='ocrx_word' id='word_1_290' title='bbox 727 4319 765 4379; x_wconf 82' lang='grc' dir='ltr'>Αι</span> <span class='ocrx_word' id='word_1_291' title='bbox 776 4317 896 4395; x_wconf 84' lang='lat' dir='ltr'><strong>singula</strong></span> <span class='ocrx_word' id='word_1_292' title='bbox 910 4317 1065 4382; x_wconf 85' lang='lat' dir='ltr'><strong>individua</strong></span> <span class='ocrx_word' id='word_1_293' title='bbox 1077 4319 1168 4398; x_wconf 90' lang='lat' dir='ltr'><strong>probe</strong></span> <span class='ocrx_word' id='word_1_294' title='bbox 1181 4327 1292 4381; x_wconf 82' lang='lat' dir='ltr'><strong>norunt</strong></span> <span class='ocrx_word' id='word_1_295' title='bbox 1305 4321 1371 4382; x_wconf 82' lang='lat' dir='ltr'><strong>talis</strong></span> 
     </span>
     <span class='ocr_line' id='line_1_38' title="bbox 300 4417 1371 4499; baseline -0.004 -19"><span class='ocrx_word' id='word_1_296' title='bbox 300 4419 421 4480; x_wconf 69' lang='lat' dir='ltr'><strong>saionis</strong></span> <span class='ocrx_word' id='word_1_297' title='bbox 433 4433 500 4479; x_wconf 71' lang='lat' dir='ltr'><strong>suas</strong></span> <span class='ocrx_word' id='word_1_298' title='bbox 512 4433 631 4490; x_wconf 78' lang='lat' dir='ltr'><strong>coiisse,</strong></span> <span class='ocrx_word' id='word_1_299' title='bbox 649 4417 784 4496; x_wconf 82' lang='lat' dir='ltr'><strong>adeoque</strong></span> <span class='ocrx_word' id='word_1_300' title='bbox 803 4424 929 4497; x_wconf 81' lang='lat' dir='ltr'><strong>possum</strong></span> <span class='ocrx_word' id='word_1_301' title='bbox 945 4417 1082 4478; x_wconf 80' lang='lat' dir='ltr'><strong>eamdem</strong></span> <span class='ocrx_word' id='word_1_302' title='bbox 1101 4435 1155 4499; x_wconf 89' lang='lat' dir='ltr'><strong>pro</strong></span> <span class='ocrx_word' id='word_1_303' title='bbox 1169 4420 1312 4480; x_wconf 81' lang='lat' dir='ltr'><strong>arbitratu</strong></span> <span class='ocrx_word' id='word_1_304' title='bbox 1327 4419 1371 4478; x_wconf 86' lang='lat' dir='ltr'><strong>di-</strong></span> 
     </span>
     <span class='ocr_line' id='line_1_39' title="bbox 300 4535 403 4596; baseline 0.029 -18"><span class='ocrx_word' id='word_1_305' title='bbox 300 4535 403 4596; x_wconf 78' lang='lat' dir='ltr'><strong>sigere.</strong></span> 
     </span>
    </p>

    <p class='ocr_par' dir='ltr' id='par_1_9' title="bbox 302 4617 1372 4814">
     <span class='ocr_line' id='line_1_40' title="bbox 338 4617 1372 4698; baseline -0.001 -20"><span class='ocrx_word' id='word_1_306' title='bbox 338 4619 482 4694; x_wconf 81' lang='lat' dir='ltr'><strong>Quocirca</strong></span> <span class='ocrx_word' id='word_1_307' title='bbox 501 4617 559 4679; x_wconf 87' lang='lat' dir='ltr'><strong>boc</strong></span> <span class='ocrx_word' id='word_1_308' title='bbox 570 4617 723 4679; x_wconf 76' lang='lat' dir='ltr'><strong>morditer</strong></span> <span class='ocrx_word' id='word_1_309' title='bbox 738 4623 854 4680; x_wconf 80' lang='lat' dir='ltr'><strong>carlom</strong></span> <span class='ocrx_word' id='word_1_310' title='bbox 868 4626 925 4694; x_wconf 88' lang='lat' dir='ltr'><strong>est,</strong></span> <span class='ocrx_word' id='word_1_311' title='bbox 947 4618 1067 4698; x_wconf 89' lang='lat' dir='ltr'><strong>publico</strong></span> <span class='ocrx_word' id='word_1_312' title='bbox 1087 4619 1228 4696; x_wconf 86' lang='lat' dir='ltr'><strong>regimini</strong></span> <span class='ocrx_word' id='word_1_313' title='bbox 1249 4618 1297 4680; x_wconf 79' lang='lat' dir='ltr'><strong>sol</strong></span> <span class='ocrx_word' id='word_1_314' title='bbox 1311 4619 1372 4680; x_wconf 86' lang='lat' dir='ltr'><strong>im·</strong></span> 
     </span>
     <span class='ocr_line' id='line_1_41' title="bbox 302 4715 1370 4814; baseline -0.002 -34"><span class='ocrx_word' id='word_1_315' title='bbox 302 4717 441 4814; x_wconf 82' lang='lat' dir='ltr'><strong>prudenti</strong></span> <span class='ocrx_word' id='word_1_316' title='bbox 454 4715 505 4786; x_wconf 83' lang='lat' dir='ltr'><strong>vel</strong></span> <span class='ocrx_word' id='word_1_317' title='bbox 518 4717 632 4805; x_wconf 75' lang='lat' dir='ltr'><strong>injusto</strong></span> <span class='ocrx_word' id='word_1_318' title='bbox 649 4735 685 4779; x_wconf 80' lang='lat' dir='ltr'><strong>ea</strong></span> <span class='ocrx_word' id='word_1_319' title='bbox 703 4717 778 4798; x_wconf 89' lang='lat' dir='ltr'><strong>ipsis</strong></span> <span class='ocrx_word' id='word_1_320' title='bbox 798 4720 867 4797; x_wconf 75' lang='lat' dir='ltr'><strong>ejus</strong></span> <span class='ocrx_word' id='word_1_321' title='bbox 879 4719 962 4780; x_wconf 84' lang='lat' dir='ltr'><strong>vitiis</strong></span> <span class='ocrx_word' id='word_1_322' title='bbox 972 4722 1086 4796; x_wconf 87' lang='lat' dir='ltr'><strong>justam</strong></span> <span class='ocrx_word' id='word_1_323' title='bbox 1102 4722 1289 4802; x_wconf 87' lang='lat' dir='ltr'><strong>punitionem</strong></span> <span class='ocrx_word' id='word_1_324' title='bbox 1303 4735 1370 4802; x_wconf 90' lang='lat' dir='ltr'><strong>pm-</strong></span> 
     </span>
    </p>
   </div>
   <div class='ocr_carea' id='block_1_3' title="bbox 0 0 1799 5675">
    <p class='ocr_par' dir='ltr' id='par_1_10' title="bbox 0 0 1799 5675">
     <span class='ocr_line' id='line_1_42' title="bbox 0 0 1799 5675; baseline 0 0"><span class='ocrx_word' id='word_1_325' title='bbox 0 0 1799 5675; x_wconf 95' lang='lat' dir='ltr'><strong> </strong></span> 
     </span>
    </p>
   </div>
  </div>
 </body>
</html>
