3559 5675
597 734 704 787 551155.
727 759 768 773 -
789 742 876 791 amaa
895 740 1032 792 oestrus.
1295 722 1354 789 111

268 844 514 923 istiabjeeerint,
527 843 646 907 nullam
657 846 688 907 in
704 849 931 931 aestatemque
941 848 1032 909 talem
1042 844 1255 910 revelationem
1266 860 1355 907 cons·

270 953 374 1007 tenter
395 947 529 1027 retinet„
540 946 687 1007 rationem
699 956 877 1027 agnoscunt,
902 950 1034 1027 quaejus
1048 944 1125 1007 illud
1148 960 1283 1007 5555555
1307 945 1352 1022 gi-

269 1064 367 1124 gnere
382 1045 488 1125 possit

309 1148 453 1208 somno.
466 1149 538 1205 2.-
548 1146 592 1206 Ex
602 1144 689 1207 dictis
701 1148 831 1225 quisque
840 1149 933 1212 etiam
946 1146 1034 1208 tacito
1046 1145 1202 1223 intelligit,
1219 1148 1248 1205 1ο
1262 1159 1354 1223 quom

267 1247 438 1328 prudenter
463 1245 544 1324 apud
568 1246 705 1307 nationes
732 1247 893 1309 catholicas
916 1248 1035 1327 publiea
1056 1246 1206 1309 librorum
1227 1260 1356 1307 censura

266 1348 491 1421 committatur,
506 1352 561 1405 aut
584 1345 690 1406 saltem
710 1348 890 1425 subjiciatur
914 1347 958 1407 illi
979 1347 1158 1423 5551551511,
1181 1362 1274 1423 quarn
1287 1345 1355 1406 doc·

269 1449 357 1509 trinae
372 1446 515 1507 revelatae
528 1446 683 1507 custodem
696 1450 787 1525 atque
798 1448 991 1527 interpretem
1011 1446 1114 1509 dirino
1123 1447 1193 1523 Juro
1205 1462 1270 1509 esee
1291 1462 1354 1507 cre·

269 1545 360 1621 dunt,
377 1545 529 1606 nimirum
544 1546 694 1623 Ecclesia,
709 1548 845 1625 51555115
858 1549 911 1625 qui
928 1546 966 1625 ab
982 1546 1047 1624 ille,
1059 1552 1094 1607 ut
1108 1548 1139 1607 iu
1150 1546 1356 1609 ecclesiasticis

268 1646 419 1708 doctrinis
436 1645 529 1725 probe
540 1642 638 1725 periti,
652 1646 768 1707 fuerint
779 1648 941 1725 designati.

308 1745 523 1823 recolligitur
535 1746 846 1825 imprudentissimam
873 1764 937 1809 esse
968 1752 1072 1809 eorum
1093 1746 1278 1825 opinionem,
1302 1746 1356 1822 qui

270 1848 395 1927 plenam
410 1845 594 1920 libertatem,
607 1846 693 1908 libris
711 1847 834 1927 publico
853 1846 954 1923 editis,
968 1846 1005 1908 de
1018 1847 1165 1921 religione
1183 1842 1355 1925 disputandi

271 1944 377 2005 utilem
394 1958 462 2005 5555
489 1945 683 2006 arbitrantur.
694 1947 736 2007 Er
749 1946 940 2024 ingeniorum
957 1952 987 2007 et
1006 1950 1248 2025 argumentorum
1272 1944 1356 2011 eolli-

272 2045 370 2121 51555,
380 2044 471 2103 aiunt
483 2043 542 2118 illi,
554 2044 607 2105 lus
618 2045 753 2106 veritatis
765 2046 884 2107 emieat.
897 2048 935 2108 nt
950 2050 991 2124 l.‚
1004 2046 1119 2107 etiamsi
1134 2044 1197 2111 heo
1210 2044 1357 2105 sententia

274 2162 341 2205 rara
358 2151 452 2222 esset,
465 2143 573 2205 nullus
587 2151 688 2207 temen
702 2146 842 2207 bieesset
859 2147 887 2207 ci
907 2146 1001 2207 locus.
1017 2146 1075 2219 Qui
1093 2146 1175 2206 enim
1190 2144 1357 2206 doctrinam

276 2246 409 2322 aliquam
422 2244 619 2306 ntdirinitus
639 2246 799 2307 revelatam
821 2244 956 2323 adeoque
984 2253 1018 2306 ut
1043 2246 1239 2307 certissimam
1251 2260 1358 2321 agnos·

280 2352 349 2405 cunt
368 2362 404 2407 ac
424 2349 623 2420 renotentur,
647 2346 778 2425 protecto
791 2348 862 2424 ejus
879 2347 1033 2407 veritatem
1051 2346 1082 2405 in
1103 2346 1230 2405 dubium
1252 2361 1356 2406 vocare

281 2446 343 2505 siue
359 2444 476 2523 injuria
489 2460 550 2506 uon
562 2452 699 2524 possunt.
712 2449 742 2506 2.
754 2446 810 2506 1115
822 2445 887 2525 ipsa
901 2445 1089 2505 5551555551
1106 2443 1222 2505 1515551
1236 2444 1356 2523 pericn-

277 2544 339 2605 lose
348 2551 381 2606 51
390 2549 474 2607 certe
492 2545 583 2605 noris
599 2551 653 2606 cst.
673 2545 765 2606 Falso
779 2545 919 2623 quidem,
933 2545 1004 2621 quia
1018 2546 1051 2605 in
1065 2559 1098 2605 re
1112 2544 1314 2624 metaphysica
1328 2551 1357 2606 51

275 2644 386 2705 morali
400 2644 656 2723 disputationibus
670 2662 738 2722 qum
755 2646 820 2727 sola
833 2646 948 2705 ratione
967 2644 1143 2719 tundentur,¹
1158 2642 1357 2705 dubitationes

273 2750 365 2822 atqua
383 2760 504 2805 errores
520 2750 682 2824 augentur,
696 2760 758 2805 non
781 2746 918 2806 veritates
937 2743 1128 2805 illustmntur
1145 2764 1152 2803 :
1169 2743 1249 2822 quod
1262 2750 1293 2805 et
1304 2744 1359 2807 ob-

273 2847 322 2906 via
340 2847 421 2906 ratio
436 2844 669 2923 aquaestionum
689 2843 866 2907 difficultate
877 2852 933 2908 ete
951 2845 1081 2924 partium
1101 2844 1200 2906 studio
1211 2845 1311 2923 petita,
1327 2851 1360 2906 51

273 2939 437 3008 5511551515
447 2946 632 3026 experientia
642 2947 833 3008 confirmant.
847 2944 1018 3006 Periculose
1029 2961 1111 3015 sero,
1123 2944 1355 3020 quiadeiensori

271 3047 433 3124 ingenium
451 3051 624 3125 potestesse
645 3045 771 3107 interius
783 3061 876 3122 qnam
896 3045 1029 3106 veritatis
1044 3042 1259 3122 impugnatori.
1272 3040 1356 3102 'rum

274 3163 349 3208 vero
361 3162 456 3206 causa
472 3143 644 3224 reloptima
665 3148 695 3206 51
717 3145 910 3209 sanctissima
930 3143 968 3204 ob
984 3142 1149 3204 defensoris
1176 3141 1357 3219 imperitiam

274 3245 358 3328 apud
372 3243 546 3306 auditorum
564 3244 612 3305 vet
628 3245 774 3306 lectorum
786 3251 903 3306 mentes
925 3239 1076 3304 vacillabit
1089 3247 1142 3302 aut
1156 3239 1246 3302 stiam
1268 3239 1357 3320 plano

274 3344 426 3408 concidet.
442 3341 696 3421 Nomadeuiquo,
707 3345 781 3421 quie
793 3343 940 3421 quamdiu
958 3341 1139 3420 disputatur,
1157 3339 1255 3401 dubiae
1273 3356 1358 3400 men·

274 3453 320 3507 tos
335 3446 472 3506 barrem:
485 3443 607 3505 55515155
617 3460 699 3521 sero,
713 3443 1037 3522 quaedootrineeliqua
1055 3447 1134 3502 certa
1148 3457 1266 3520 semper
1279 3439 1358 3500 indi·

274 3561 336 3632 get‚
351 3569 416 3630 quo
429 3569 463 3612 se
481 3556 587 3626 uertat,
609 3553 705 3612 nescit
729 3573 736 3610 ι
761 3568 828 3629 qnae
851 3550 1006 3612 1155155115
1025 3565 1171 3626 magnum
1186 3554 1215 3610 et
1231 3547 1358 3630 publicae

276 3652 420 3731 religioni
435 3657 468 3714 et
479 3651 603 3731 privetis
621 3651 757 3713 moribus
778 3649 993 3712 detrimentum
1014 3647 1108 3712 ailant.

670 3860 885 3952 Ι55555555
907 3863 954 3923 ιιι.

291 4041 337 4105 Dr
353 4039 534 4125 perfectione
550 4059 638 4122 quom
656 4039 777 4102 sociatos
794 4037 977 4102 sudditorum
996 4035 1139 4100 mentibus
1158 4035 1346 4123 suppeditare

569 4139 667 4222 quood
679 4139 752 4202 dono
769 4139 968 4222 particularia
984 4136 1078 4203 debet.

318 4328 391 4390 891.
403 4324 1356 4410 nmrroos.-buosuntpropriairretligsotiainbominibus

279 4443 413 4492 munera
436 4443 446 4488 ε
467 4427 596 4490 alterum
616 4435 663 4491 551
675 4430 844 4506 veritatem,
866 4445 934 4507 quoe
951 4427 1089 4489 naturale
1105 4427 1188 4487 illius
1207 4425 1357 4503 objectum

277 4536 335 4602 est,
356 4543 552 4605 oognosoere3
573 4528 1174 4604 5115555155553511155555155151515
1193 4539 1358 4600 omnesque

277 4627 435 4690 tacultetos
446 4645 465 4689 a
476 4627 630 4688 voluntate
639 4626 842 4706 dependentes
855 4626 993 4706 dirigere.
1008 4627 1082 4688 bina
1095 4625 1187 4705 igitur
1200 4624 1277 4685 bona
1291 4629 1363 4682 5551

281 4745 350 4808 quae
369 4727 496 4791 societas
516 4727 675 4792 individuo
694 4725 801 4792 515555
824 4733 921 4810 potest
942 4743 951 4790 1
974 4725 1116 4790 eumdem
1142 4723 1287 4786 nimirum
1312 4719 1363 4782 ad·
