3559 5675
437 675 474 737 tt
841 690 921 736 rosus
941 688 1102 735 strumus

470 798 561 875 Atqui
587 802 618 857 1⁰
639 798 755 858 bouum
776 800 927 875 eujusque
941 795 1073 855 hominis
1096 794 1249 875 proprium
1263 792 1504 869 estmegiseou-

429 913 542 959 nexum
553 900 706 976 oum-ejus
716 902 824 958 natura
841 912 934 975 quam
949 895 1063 957 bonum
1082 893 1233 957 alienum:
1250 909 1320 956 nom
1335 892 1373 955 od
1387 892 1503 955 honum

430 996 560 1057 otiorum
573 1001 695 1059 eatenus
708 996 810 1059 solum
820 996 927 1068 tendit,
943 1000 1094 1074 quetenru
1103 1012 1209 1058 eorum
1223 1001 1334 1057 natura
1346 1010 1408 1055 suae
1421 990 1507 1053 simi·

431 1094 472 1159 lis
484 1102 544 1174 est;
570 1096 609 1159 ad
622 1114 715 1159 suum
727 1103 828 1158 autem
846 1096 961 1159 mum
975 1095 1088 1171 tendit,
1107 1100 1255 1176 quatenus
1274 1092 1351 1156 illud
1370 1098 1415 1154 est
1432 1108 1506 1171 per·
1625 1148 1626 1161 ,

429 1196 518 1258 tentio
529 1202 645 1259 naturae
659 1197 756 1278 ipsius
766 1195 903 1276 propriae.
916 1196 1006 1275 Atqui
1024 1195 1191 1257 similitudo
1205 1194 1302 1257 multo
1316 1194 1418 1255 minus
1431 1208 1505 1253 oum
1625 1222 1626 1281 3

431 1296 565 1375 subjeeto
575 1312 708 1359 oonnexa
721 1302 766 1357 est
776 1312 870 1375 quern
882 1295 1032 1359 identitas.
1043 1298 1166 1375 Ergoex
1179 1301 1263 1375 parte
1279 1298 1395 1356 nutura
1408 1288 1507 1353 multo
1625 1326 1626 1351 i

429 1397 528 1475 magis
538 1396 630 1459 homo
642 1397 796 1478 proprium
808 1396 924 1459 bonurn
936 1412 1030 1475 quam
1044 1396 1180 1457 alienum
1193 1410 1294 1455 amare
1307 1393 1405 1455 dehet.

472 1498 505 1557 t·
522 1494 816 1575 apprehensisque
829 1495 958 1557 alterum
968 1500 1013 1557 est
1025 1493 1185 1556 tendentia
1200 1492 1394 1573 prinoipium‚
1408 1488 1507 1551 multo

433 1595 608 1659 viridiorem
621 1596 732 1676 prabet
742 1597 944 1674 eoguitionem
957 1594 1025 1672 mei,
1041 1612 1135 1674 quam
1158 1595 1242 1657 illius
1265 1592 1344 1673 quod
1361 1597 1508 1653 ostentm

434 1713 497 1762 mes
516 1702 546 1757 et
570 1694 680 1758 ideireo
699 1697 757 1757 sub
770 1696 875 1757 formis
889 1696 986 1757 multo
1006 1694 1238 1757 evidentioribus
1258 1694 1368 1771 ouique
1390 1688 1509 1753 homini
1625 1728 1626 1789 ἐ

434 1793 554 1855 exhibet
574 1799 605 1855 et
623 1796 829 1857 necessitatem
842 1795 926 1873 boni,
940 1809 1032 1873 quem
1047 1794 1100 1856 ille
1122 1794 1278 1874 persentit,
1292 1798 1321 1853 et
1343 1792 1509 1872 proportio·
1625 1800 1626 1875 t

435 1910 506 1955 uem
519 1894 646 1972 objecti,
666 1895 748 1973 quod
761 1895 807 1957 illi
820 1895 988 1957 nenessitati
1003 1894 1171 1957 satisfecere
1183 1900 1286 1975 potest.
1301 1895 1391 1970 Ergo,
1409 1900 1466 1953 eto.

475 1987 545 2049 74⁵.
567 1988 699 2051 Conona.
710 2018 753 2035 -
772 1990 932 2051 Romanus
945 1989 1038 2066 igitur
1056 1988 1183 2050 aliomm
1202 2005 1298 2067 emor,
1313 2004 1378 2066 seu,
1392 1994 1428 2049 ut
1445 1986 1508 2051 diei

436 2087 524 2163 solet,
537 2106 623 2149 omer
631 2088 778 2169 preximi,
792 2088 881 2153 debet
893 2106 958 2151 esse
970 2087 1080 2149 similis
1090 2090 1183 2150 amori
1199 2090 1247 2150 sui
1261 2088 1368 2169 ipsius,
1383 2087 1434 2149 sed
1450 2102 1509 2151 ne·

435 2204 589 2265 manuam
599 2187 740 2251 debetilii
751 2186 874 2270 equatio
885 2204 971 2250 esse:
989 2188 1084 2250 multo
1101 2189 1207 2251 miuus
1228 2192 1326 2269 potest
1340 2187 1509 2251 rationabi-

435 2287 506 2350 liter
516 2306 582 2351 eese
595 2286 703 2369 nuper,
720 2295 755 2350 ut
766 2288 908 2351 nonnulli
917 2304 1073 2371 perperam
1086 2289 1203 2367 uolunt,
1217 2288 1356 2351 dooentes
1370 2302 1508 2351 amorem

436 2389 486 2452 sui
510 2389 607 2469 ipsius
627 2389 665 2451 ab
683 2406 783 2451 amore
804 2390 935 2451 aliorum
955 2396 1099 2467 tanquam
1118 2406 1137 2451 a
1155 2401 1211 2451 suo
1227 2404 1318 2451 eausa
1335 2385 1507 2467 procedere.

437 2488 581 2551 Videmus
591 2487 734 2567 equidem
742 2490 953 2567 magnanimos
966 2488 1115 2568 quosdam
1127 2488 1268 2551 homines
1282 2486 1357 2549 adeo
1370 2486 1509 2565 generosi

437 2589 549 2652 amoris
562 2591 731 2651 testimonia
740 2589 923 2668 quandoque
936 2589 1075 2667 edidisse,
1086 2596 1121 2651 ut
1131 2590 1256 2651 omnino
1264 2588 1422 2651 videantur
1436 2586 1510 2649 atie-

438 2707 515 2751 num
529 2690 643 2752 bonum
656 2705 712 2751 suo
724 2691 845 2770 proprio
863 2692 1039 2771 protulisse.
1053 2694 1191 2754 Attamen
1206 2691 1234 2752 id
1255 2689 1313 2753 sibi
1325 2687 1510 2770 persuadere

438 2790 530 2854 iisoli
542 2795 775 2867 consueverunt,
787 2790 901 2870 quibus
915 2791 1030 2854 honum
1042 2791 1106 2856 heo
1122 2792 1183 2854 duo
1194 2790 1256 2854 sola
1273 2795 1355 2870 sunt,
1371 2787 1510 2870 voluptas

438 2898 468 2953 et
486 2891 610 2954 utilitas.
626 2891 748 2954 &mum
765 2889 965 2954 nihilominus
978 2899 1024 2954 est
1037 2909 1142 2954 uemm
1155 2892 1270 2954 bonum
1284 2891 1416 2953 hominis
1438 2905 1510 2970 pro·

438 2992 540 3071 prium
548 2992 582 3054 in
594 2991 798 3071 ordineetque
809 2993 964 3055 honestate
977 2991 1078 3056 solum
1089 2993 1358 3071 ooneistere,oujus
1368 2989 1507 3073 pulohri·

437 3092 511 3156 tudo
525 3110 561 3154 ee
574 3093 672 3171 magis
682 3091 791 3173 retonat,
796 3109 858 3171 qno
865 3091 961 3172 magis
974 3093 1057 3156 iliius
1068 3109 1159 3157 oense
1169 3093 1307 3174 voluptas
1319 3098 1410 3172 atque
1420 3089 1507 3152 utili·
1625 3127 1626 3138 η

438 3199 740 3274 tasoontemnuumr.

480 3295 576 3371 igitur
586 3295 641 3373 qui
653 3309 708 3373 pro
721 3293 846 3354 atterim
858 3309 961 3359 amore
977 3295 1114 3358 iortunss
1127 3311 1198 3357 suas
1215 3294 1264 3358 uel
1284 3291 1439 3358 oommode
1461 3293 1510 3355 rel

439 3395 554 3456 temam
565 3393 613 3454 rol
626 3394 725 3472 ipsam
740 3390 872 3469 denique
885 3393 976 3454 vitem
987 3395 1114 3473 projioit,
1129 3394 1204 3456 dum
1217 3411 1275 3458 suo
1292 3393 1413 3474 proprio
1431 3392 1511 3454 bono
1625 3405 1626 3408 ’

441 3493 614 3554 renuntiare
626 3491 757 3565 videtur,
769 3494 879 3568 niagno
895 3495 996 3552 temen
1010 3492 1123 3572 impetu
1142 3493 1239 3556 evolat
1252 3493 1284 3554 in
1297 3490 1373 3554 illud
1392 3491 1508 3553 bonum
1625 3551 1626 3580 ¹

441 3591 557 3655 ordinis
569 3599 600 3654 et
610 3591 741 3665 honesti,
756 3589 795 3652 ad
815 3590 896 3668 quod
917 3589 1116 3654 obtinendum
1127 3591 1283 3654 humanus
1297 3592 1417 3653 animus
1427 3607 1510 3652 erea-
1625 3599 1626 3678 p

442 3697 490 3752 tus
504 3696 560 3754 eet.
581 3691 644 3752 lieo
654 3689 784 3764 bonum,
798 3687 880 3767 quod
898 3689 1022 3752 unioum
1039 3695 1083 3752 est
1100 3690 1233 3753 hominis
1249 3707 1355 3753 verum
1379 3690 1507 3761 bonum.
1625 3705 1626 3710 ¹

440 3789 582 3868 sugeres
591 3789 687 3850 animi
701 3805 756 3868 per
765 3787 926 3852 laboriosos
935 3787 1033 3851 solum
1047 3790 1215 3870 percipiunt
1227 3789 1509 3862 demonstrationes,
1625 3833 1626 3838 η

441 3889 553 3968 quihus
565 3889 642 3950 ratio
653 3888 778 3966 quidem
786 3889 986 3964 eonvinoitur,
1006 3890 1059 3952 sed
1088 3889 1211 3953 adedus
1233 3891 1359 3952 minime
1373 3886 1513 3951 aseendi-

441 3995 501 4053 tur.
513 3991 552 4050 At
568 3988 677 4051 excelsi
691 3987 786 4050 animi
802 3986 882 4050 illud
896 3990 1054 4052 intuitione
1066 3989 1197 4070 quadarn
1215 3989 1380 4072 pervident,
1399 4006 1461 4068 qua
1480 3993 1512 4048 et
1625 3979 1626 3986 ’

440 4087 795 4171 itliuepulehritudinem
807 4096 929 4169 repente
942 4090 1129 4168 intelligunt,
1139 4090 1303 4154 etiniliud
1315 4105 1435 4152 summo
1446 4093 1511 4150 stu·
1625 4169 1626 4180 ἵ

441 4189 492 4252 dio
511 4187 684 4270 rapiuntur.
