3559 5675
485 767 544 830 tit
890 779 1152 828 surrentinorum
1196 830 1201 842 ,

528 889 598 960 948.
614 889 682 948 Ρεε.
696 885 779 946 464·.
790 917 831 931 -
842 887 876 946 in
891 899 1072 964 quacunque
1090 889 1227 950 societate
1236 893 1288 966 jus
1305 896 1334 949 et
1345 889 1467 951 officium
1477 909 1530 951 auc·

491 989 599 1052 toritati
613 993 655 1049 est
668 986 769 1047 omnia
786 991 815 1046 et
827 985 946 1063 singula
958 986 1066 1048 delicta
1079 1005 1209 1065 congrue
1225 989 1378 1068 puniendi.

531 1091 623 1149 i'nor.
646 1119 681 1130 —
698 1087 861 1146 Auctoritas
876 1087 907 1144 iu
923 1103 1044 1164 quaque
1061 1088 1197 1149 societate
1211 1096 1256 1148 est
1269 1087 1420 1150 essentiale
1437 1090 1532 1149 sociatis

490 1189 603 1251 ordinis
618 1186 810 1265 principium,
825 1185 861 1244 aii
875 1203 1003 1263 eamque
1013 1189 1140 1265 pertinet
1154 1189 1265 1250 liberas
1279 1189 1441 1249 voluntates
1452 1205 1532 1249 conso

489 1290 579 1349 cistas
588 1285 715 1362 dirigere
728 1285 765 1345 ad
776 1301 968 1348 communem
978 1285 1070 1346 tinem
1082 1303 1133 1365 per
1144 1287 1444 1350 mediadctermiuata
1457 1289 1533 1364 (itip

491 1405 543 1467 per
556 1403 623 1447 eam
635 1401 728 1444 unam
743 1383 874 1461 denique
888 1386 987 1445 omnis
1002 1387 1120 1448 sociatis
1132 1389 1208 1448 actio
1223 1390 1353 1449 exeritur
1367 1388 1453 1466 (rto).
1468 1389 1534 1463 utqui

491 1487 588 1550 ordini
601 1485 702 1546 sociati
714 1483 858 1544 tietiotum
875 1485 1237 1565 quootioetrepugnaust
1248 1489 1379 1549 sicietui
1392 1490 1441 1566 jus
1453 1485 1536 1547 etoiii·

491 1589 572 1650 cium
586 1592 630 1646 est
644 1585 745 1645 omnia
766 1582 871 1646 delicte
887 1586 1115 1663 comprimendi.
1138 1589 1216 1664 Ergo
1230 1589 1395 1649 auctoritati
1410 1589 1439 1646 in
1454 1586 1536 1662 queris

492 1687 629 1746 societate
643 1683 699 1742 hoo
709 1685 760 1758 ius
776 1688 804 1742 et
824 1681 880 1742 hoc
902 1682 1037 1743 officium
1053 1701 1117 1744 csse
1130 1691 1245 1764 oportet
1259 1686 1421 1747 obsistendi
1434 1683 1537 1746 efflue

491 1791 535 1845 ter
547 1781 670 1844 cuilibet
684 1779 801 1840 delicto.
815 1783 877 1841 iton
890 1787 1092 1859 potestantem
1105 1785 1263 1844 auctoritas
1282 1783 1436 1844 efficaciter
1449 1780 1538 1842 delictis

487 1883 635 1944 contraire
653 1879 738 1939 aliter
761 1897 850 1956 qrram
870 1896 1003 1955 congrua
1024 1881 1179 1961 punitione
1203 1881 1350 1943 adhibita.
1381 1879 1539 1960 Experieotia

489 1981 600 2058 quippe
614 1977 786 2056 quotidiana
800 1977 1081 2058 constatplerosque
1098 1978 1247 2056 homines,
1265 1989 1359 2059 atque
1373 1998 1422 2041 eos
1434 1979 1539 2039 maxims

459 2079 461 2084 ’
489 2080 541 2157 qui
556 2077 593 2138 ad
609 2077 736 2138 crimine
750 2083 779 2138 et
796 2077 904 2137 delicta
918 2078 1060 2156 patranda
1075 2085 1147 2138 sunt
1165 2085 1317 2158 propensi,
1338 2097 1394 2142 nec
1406 2075 1541 2139 honestatis

493 2193 605 2250 amore,
616 2191 670 2234 neo
684 2175 911 2235 existimationis
920 2192 983 2235 suae
996 2192 1080 2252 cura,
1095 2191 1150 2237 neo
1164 2177 1272 2237 divinae
1285 2179 1409 2239 ultionis
1421 2182 1493 2236 metu
1505 2189 1540 2232 sa·

492 2279 531 2337 tis
551 2275 669 2336 excitari
691 2273 728 2333 ad
748 2273 829 2351 leges
849 2275 974 2335 sociates
988 2275 1150 2335 serrandus
1170 2282 1259 2353 atque
1278 2277 1316 2337 ab
1332 2277 1436 2338 uiienis
1446 2273 1541 2352 juribus

492 2375 639 2438 vioiamiis
652 2367 722 2432 setis
733 2371 903 2433 absterreri.
920 2372 1006 2450 Ergo,
1018 2360 1098 2451 quoti
1111 2391 1206 2435 unum
1216 2376 1253 2435 ad
1268 2367 1409 2439 scelestos
1422 2369 1541 2451 ejusmodi

492 2475 631 2537 homines
642 2473 835 2534 continendos
849 2471 993 2532 idoneum
1007 2479 1107 2543 restat,
1123 2491 1218 2553 poeoae
1229 2482 1432 2552 congruentes·
1441 2491 1458 2533 a
1467 2468 1543 2532 sociati

493 2579 666 2641 auctoritate
681 2573 857 2634 adhihenda
869 2579 939 2633 suut
952 2573 987 2634 ad
1003 2573 1112 2635 delicta
1126 2576 1341 2656 oppugnanda.

533 2677 603 2738 949.
621 2677 750 2736 coron„
767 2705 803 2719 -
819 2673 935 2750 ituplex
947 2689 1031 2734 error
1043 2675 1078 2734 in
1092 2675 1147 2737 huc
1160 2692 1192 2735 re
1211 2675 1306 2736 obiter
1316 2682 1364 2738 est
1377 2669 1545 2758 hicauimat·

495 2775 665 2839 vertendus.
690 2775 772 2834 Alter
794 2777 839 2832 est
854 2789 958 2833 eorum
982 2775 1035 2852 qui
1058 2775 1165 2836 docent
1180 2781 1357 2855 potestatem
1377 2780 1545 2844 exeuntium,

494 2880 582 2954 cujus
593 2882 637 2937 est
647 2875 728 2952 leges
742 2872 919 2950 generaliter
928 2876 1104 2935 constitutas
1112 2874 1151 2935 ad
1165 2875 1301 2953 singulos
1312 2892 1402 2938 casus
1410 2875 1545 2954 applicare,
1590 2929 1591 2938 ,

495 2984 523 3038 ει
544 2980 717 3055 potestatem
735 2972 940 3050 judiciariam,
961 2974 1050 3049 cujus
1062 2982 1108 3035 est
1127 2974 1164 3036 de
1182 2976 1299 3036 delictis
1312 2976 1480 3037 commissis
1492 2987 1547 3032 seu·

494 3078 619 3137 tentiam
632 3076 720 3151 terre,
736 3086 797 3133 nou
811 3086 909 3150 posse,
933 3073 1017 3134 suits
1032 3074 1166 3136 libertate
1178 3083 1208 3136 st
1225 3078 1385 3140 seueritate
1399 3072 1546 3147 civiumin

492 3174 597 3237 satiem
612 3168 1308 3253 personsconjungereturominemriotatum
1324 3178 1496 3249 instaurare,
1506 3184 1545 3231 seu

493 3270 677 3346 reordmur'e,
692 3270 771 3348 quoti
792 3284 846 3349 per
860 3270 960 3333 tieiicti
973 3274 1173 3349 cognitionem
1193 3276 1428 3355 et'puriitiouem
1443 3274 1482 3348 ut,
1493 3284 1546 3350 ptr·

496 3376 571 3434 tinet
580 3370 754 3452 protectoad
764 3370 913 3430 societatis
920 3370 1133 3435 ordinatorem.
1145 3375 1298 3436 societatis
1305 3377 1409 3438 autem
1419 3372 1546 3437 ordinator

495 3478 541 3535 est
552 3467 748 3550 presumitis,
764 3468 886 3548 physica
899 3467 944 3529 rei
956 3470 1090 3547 muratis,
1103 3474 1134 3532 in
1147 3490 1208 3551 qua
1228 3487 1291 3535 unu
1303 3476 1427 3537 sociatis
1439 3466 1546 3534 auotori-
1590 3467 1591 3512 ἐ

497 3580 542 3633 tas
560 3562 681 3641 residet,
703 3568 826 3644 Ergoati
841 3570 979 3630 eamdem
999 3586 1158 3650 porsonam
1179 3573 1308 3654 pertinet
1323 3582 1454 3656 potestus
1471 3570 1546 3646 iegit-

495 3671 596 3743 letira‚
608 3674 736 3745 potestas
747 3668 904 3746 judiciaria
917 3675 948 3729 et
969 3676 1097 3749 potestus
1114 3674 1278 3751 srecuttra,
1289 3673 1329 3736 iis
1343 3675 1457 3754 quibus
1471 3672 1513 3732 10·
1521 3662 1546 3725 ii·

494 3772 549 3833 bro
561 3768 705 3831 dicemus.
723 3768 835 3829 Omnes
848 3770 931 3828 enim
944 3768 991 3830 hu
1003 3775 1161 3849 potestates
1169 3772 1279 3852 pariter
1292 3781 1368 3835 suut
1379 3774 1418 3836 ud
1430 3767 1547 3834 sociates

494 3871 629 3933 ordinem
653 3875 682 3929 st
697 3866 940 3928 constituendum
964 3874 994 3929 et
1010 3870 1249 3933 conservandum
1263 3875 1451 3934 necessarie
1469 3872 1546 3943 Quart

494 3968 697 4033 commentitie
717 3965 770 4026 iiis
795 3967 956 4027 necessitas
969 3966 1166 4031 distribuendi
1187 3972 1219 4032 in
1234 3970 1338 4053 piures
1357 3981 1494 4053 persomt
1506 3977 1548 4045 po

494 4075 627 4132 testatem
647 4066 840 4145 judiciariam
869 4071 898 4124 et
919 4073 1094 4143 potestatem
1117 4071 1313 4145 caecutirem,
1343 4072 1424 4133 siout
1442 4060 1548 4130 (ιεειιιῑί

493 4172 637 4233 unitatem
650 4164 789 4246 principii
803 4179 822 4223 a
835 4177 898 4242 quo
911 4172 990 4225 totus
1008 4164 1126 4227 socialis
1142 4169 1216 4230 onio
1227 4166 1391 4242 enascitur,
1412 4170 1454 4230 its
1467 4168 1547 4245 ipsum

491 4275 611 4351 quoque
622 4266 754 4327 scientie
767 4264 893 4343 politice
906 4264 1137 4327 iuuuumentum
1156 4269 1336 4349 principium
1350 4270 1467 4331 evertit.

531 4372 632 4433 utero
645 4378 745 4424 errore
769 4368 909 4422 terremur
930 4364 985 4440 qui
998 4366 1452 4444 potestatem-Juuieisriamuni
1464 4372 1550 4441 mptt·

405 4470 407 4475 '
490 4486 548 4533 me
573 4464 739 4528 auctoritati
760 4464 866 4540 utique
896 4464 1101 4540 mencientes,
1127 4467 1302 4528 existimant
1321 4474 1427 4528 tamen
1448 4466 1483 4526 att
1501 4472 1549 4522 εει

490 4568 644 4653 potestatis
660 4562 828 4641 iuuit-ierim
850 4564 1108 4626 necessitateoriri
1129 4567 1333 4629 mosssitatsm
1357 4576 1550 4647 supremum

491 4670 576 4735 cisiis
595 4664 789 4729 auctoritatis.
815 4664 887 4736 Qua
907 4664 1010 4742 opinio
1032 4676 1187 4745 prorsusa
1204 4669 1326 4730 vertute
1345 4666 1475 4730 sberrat.
1491 4664 1549 4727 iau

494 4776 534 4849 tr,
548 4768 690 4849 quonism
713 4764 889 4825 naturaiiter
903 4763 996 4827 homo
1010 4768 1047 4827 uit
1062 4766 1204 4829 cometem
1217 4770 1311 4831 ritum
1329 4768 1487 4831 ordinatus
1505 4764 1549 4837 stt
