3559 5675
430 718 469 778 52
828 728 916 774 tunes·
929 727 1088 774 narsaeus

428 835 528 915 pulos,
543 832 592 893 hio
610 832 642 892 in
659 831 807 911 poputum
822 832 1000 893 universnm
1013 830 1068 909 qui
1085 827 1177 889 armis
1197 832 1241 889 est
1258 826 1295 887 ab
1310 824 1442 887 hostium
1453 838 1499 899 ag·

374 969 377 974 ,
429 933 581 1012 pressione
594 930 810 1011 protegendus.

435 1141 481 1151 β
1202 1128 1501 1141 -u——n—-n-

435 1154 796 1170 W
807 1156 827 1161 ···

852 1308 997 1385 caput·
1022 1308 1080 1384 ΙΙΙ.

501 1520 553 1574 no
573 1516 731 1569 montone
755 1507 931 1567 honuni·
948 1512 992 1565 tn
1009 1512 1199 1569 societate
1221 1510 1435 1577 sensuum.

792 1716 798 1726 ι
887 1706 1028 1726 μ

835 1859 1041 1925 suetonius
1066 1860 1088 1920 1.

589 2030 633 2092 De
649 2030 799 2092 societatis
811 2029 976 2112 coujupolt's
990 2038 1097 2091 notura
1114 2038 1142 2093 et
1162 2029 1344 2093 aemunitate.

466 2220 537 2280 802.
553 2220 622 2280 Pos.
643 2218 724 2281 384¹.
742 2252 783 2265 -
803 2220 931 2281 Societas
947 2220 1113 2299 conjugalis
1127 2228 1161 2282 ut
1175 2220 1215 2283 ab
1229 2220 1408 2283 hominibus
1421 2220 1501 2280 ines-

426 2324 488 2391 tnr‚
505 2320 537 2379 in
548 2320 696 2381 creatoris
710 2320 863 2382 uoluntate
885 2328 940 2381 est.

466 2421 647 2481 Nornnnnu.
666 2452 702 2463 -
717 2418 848 2481 Societas
867 2422 1051 2499 conjugalis,
1069 2438 1136 2499 qnae
1156 2426 1185 2481 et
1201 2420 1427 2509 matrimonium
1441 2436 1500 2500 pas-

426 2518 482 2580 sim
496 2519 681 2600 appellatur‚
695 2524 741 2579 est
753 2519 811 2579 viri
825 2525 855 2580 et
868 2520 990 2583 sominae
1004 2521 1175 2599 conjunctio
1190 2520 1225 2580 ad
1246 2521 1364 2599 prolem
1379 2521 1499 2597 gignen-

426 2620 496 2681 dam
511 2623 640 2699 apteque
657 2618 842 2682 educandam
858 2620 976 2683 idonea.
996 2620 1096 2682 Status
1113 2626 1214 2683 autem
1231 2621 1298 2681 ritae
1314 2619 1499 2681 matrimonio
1523 2660 1526 2666 -

425 2718 573 2779 immunis
596 2717 707 2780 dieitur
731 2717 895 2797 coelibatus,
918 2728 948 2781 et
967 2718 1069 2783 celebs
1094 2738 1220 2801 persona
1242 2722 1389 2798 quaelibet
1405 2718 1499 2783 adulta

425 2820 617 2882 matrimonio
635 2836 797 2898 reunquam
816 2822 936 2899 junon.

465 2921 558 2980 Pnon.
575 2935 640 2980 ros.
654 2953 694 2964 —
708 2919 740 2980 Si
754 2919 928 2982 humanum
941 2921 1140 3000 compositum
1150 2926 1227 2982 esset
1241 2920 1412 2984 immortale
1425 2925 1454 2981 ot
1466 2917 1498 2978 ott

427 3017 517 3079 seriem
531 3017 569 3078 ab
583 3034 769 3096 unoquoque
790 3017 915 3080 homine
936 3020 1063 3080 seorsim
1076 3026 1197 3100 sumpto
1211 3019 1243 3079 in
1262 3021 1351 3080 terris
1365 3019 1499 3082 obtinen-

425 3117 497 3208 dum
526 3135 544 3178 a
566 3118 704 3178 creatore
727 3117 805 3178 illua
831 3118 986 3180 conditum
1012 3126 1112 3195 esset,
1143 3126 1201 3180 tros
1216 3119 1277 3178 illm
1297 3117 1497 3180 associationis

425 3219 542 3293 torma,
557 3217 706 3278 nimirum
727 3218 889 3280 domestica
910 3217 1106 3289 consuetudo,
1126 3219 1300 3281 enarmonio
1314 3219 1497 3296 negotiorum

426 3324 455 3377 et
474 3317 663 3388 utilitatum,
691 3317 825 3378 amicitia
851 3317 980 3393 intima,
1009 3317 1152 3378 omnibns
1176 3318 1309 3382 hominis
1332 3315 1499 3396 indigentiis

426 3412 514 3494 piane
526 3414 741 3475 satisfacerent.
759 3417 925 3476 ternoex
940 3413 1073 3476 hominis
1087 3416 1192 3476 morali
1208 3421 1237 3478 et
1252 3415 1374 3496 physion
1389 3411 1499 3476 consti-

427 3514 540 3574 tutione
555 3515 749 3594 perspicuum
765 3515 810 3590 iit,
824 3514 970 3575 creatoris
986 3515 1173 3577 voluntatem
1189 3515 1267 3576 hane
1291 3532 1369 3591 esse,
1385 3519 1417 3573 ut
1437 3515 1499 3590 ojus

427 3612 552 3674 consilia
562 3611 704 3673 homines
717 3629 770 3690 per
781 3613 980 3676 successivam
995 3614 1239 3693 propagationem
1250 3613 1380 3674 aliorsum
1391 3609 1498 3674 aboliis

428 3711 603 3772 hominibus
619 3711 767 3790 paulatim
783 3711 948 3792 perficiant.
967 3701 1053 3788 uam,
1066 3729 1101 3771 ex
1115 3713 1208 3774 altera
1227 3718 1320 3791 parts,
1334 3713 1497 3772 humanum

427 3811 624 3890 compositum
635 3809 666 3871 iu
677 3809 804 3888 singulis
816 3809 992 3874 homiuibus
1015 3811 1139 3874 mortale
1153 3819 1207 3888 est,
1224 3819 1314 3890 atque
1334 3811 1371 3873 ari
1389 3809 1498 3872 brevis·

428 3916 541 3974 simum
552 3911 695 3991 temporis
710 3913 841 3991 spatium
854 3910 1045 3989 singulorum
1057 3912 1117 3972 vite
1130 3911 1338 3992 protenditm3
1359 3929 1394 3972 or
1412 3907 1499 3968 altera

427 4013 687 4090 sermonumque
702 4012 819 4072 homiui
840 4011 960 4073 Creator
975 4011 1085 4073 indidit
1099 4012 1292 4074 vehementes
1314 4009 1461 4092 impulsus
1473 4009 1499 4064 et

428 4115 552 4176 rationis
574 4121 603 4175 et
640 4130 748 4174 sensus
771 4119 800 4172 et
823 4111 939 4190 phpsici
960 4112 1119 4190 organisrui
1149 4111 1185 4172 ad
1209 4119 1350 4192 perpetuo
1380 4111 1411 4169 in
1435 4103 1499 4166 aliis

429 4222 519 4294 atque
543 4213 613 4274 aliis
640 4207 805 4274 individuis
820 4211 1042 4292 propagandam
1059 4227 1124 4274 eam
1138 4214 1231 4274 vitam
1244 4228 1312 4290 quae
1328 4211 1359 4272 in
1375 4201 1498 4284 singulis

429 4320 574 4398 perpetuo
586 4313 718 4373 elabitur
732 4328 766 4373 ac
780 4309 891 4372 deficit.
909 4377 912 4384 ,
1297 4385 1298 4390 ¹

469 4414 588 4477 Etenim
604 4415 634 4474 1ο
647 4411 743 4488 ratio,
771 4410 905 4472 hominis
931 4411 1136 4474 excellentiam
1158 4427 1218 4492 prae
1233 4410 1345 4474 oaeteris
1362 4404 1498 4480 omnibns

430 4516 535 4580 orestis
554 4513 645 4574 rebus
666 4511 723 4592 ipsi
747 4511 865 4572 homini
892 4511 1089 4584 ostendendo,
1106 4508 1192 4573 senile
1206 4511 1250 4572 illi
1266 4509 1434 4594 persuadet,
1450 4503 1498 4565 ho·

311 4680 315 4685 ἢ
429 4616 542 4676 minem
558 4629 621 4674 esse
635 4629 652 4674 a
666 4614 801 4673 creatora
815 4609 1002 4674 destinatum
1019 4612 1055 4676 ad
1069 4617 1184 4674 naturae
1201 4619 1338 4693 portenta
1363 4610 1498 4690 perpetuo

431 4713 660 4796 contemplanda
674 4710 900 4790 etadmiranda,
910 4711 946 4776 ad
961 4717 1074 4778 creatas
1082 4729 1130 4778 res
1145 4713 1176 4776 in
1192 4729 1263 4777 suos
1275 4727 1350 4778 usus
1364 4711 1497 4792 perpetuo
