3559 5675
557 699 664 747 scuras.
687 718 727 731 -
750 699 832 747 crees
854 702 1045 749 nenorosus.
1273 686 1334 749 665

253 806 366 877 testati,
388 804 439 866 sed
458 804 565 867 irrorati
589 812 705 867 tantum
729 808 809 883 riget
827 808 869 882 vi,
891 824 985 885 quarn
1012 807 1051 868 iis
1074 807 1186 887 praebet
1210 807 1333 887 publica

250 906 361 966 notitia
372 905 539 983 bonijmis,
552 906 717 984 prudentiss
729 923 763 969 ac
777 907 941 984 modestiae,
955 908 1067 985 quibus
1078 908 1109 967 in
1123 913 1263 986 potestate
1276 924 1333 969 sue

248 1006 405 1085 spirituali
419 1006 581 1067 exercende
592 1005 625 1067 hi
637 1012 808 1069 constanter
821 1012 953 1069 utantur.
970 1009 1156 1087 Quapropter
1168 1025 1222 1068 stre
1237 1009 1333 1089 ipsius

249 1111 366 1167 nature
387 1106 509 1183 suisque
524 1105 666 1167 omnibus
681 1106 859 1167 utilitatibus
878 1112 1007 1187 potestas
1021 1105 1221 1168 ecclesiastiea
1237 1107 1333 1170 addu-

248 1209 334 1268 citur
352 1208 385 1268 in
401 1223 501 1269 reram
513 1206 718 1269 necessitatem
733 1208 796 1269 suis
808 1209 929 1285 juribus
942 1207 1032 1283 bene,
1045 1205 1205 1287 prudenter
1219 1222 1253 1268 ec
1264 1224 1332 1267 mo·

247 1306 354 1369 derate
368 1306 483 1381 utendi,
497 1321 531 1369 ac
543 1305 667 1387 proinde
679 1306 711 1369 iu
720 1325 821 1369 reram
832 1308 940 1369 iisdem
949 1307 1092 1369 abutendi
1104 1306 1331 1385 impotentum:

247 1426 324 1487 qum
347 1408 476 1487 prolecto
500 1413 655 1485 nequeunt
679 1407 716 1468 de
730 1406 859 1469 seculari
873 1414 1015 1489 potestate
1029 1405 1186 1471 adiuuari.
1210 1407 1240 1468 si
1263 1423 1333 1485 ergo

247 1507 385 1585 singulis
406 1512 435 1569 et
448 1506 590 1567 omnibus
604 1506 788 1587 principibus
802 1506 878 1568 illud
888 1510 941 1586 jus
961 1512 1024 1567 tem
1038 1505 1255 1587 periculosum,
1270 1522 1332 1585 quo

246 1606 396 1669 facillime
407 1606 491 1668 abuti
505 1612 640 1686 possunt,
653 1623 714 1685 quo
728 1607 891 1687 saepissime
906 1607 992 1668 abusi
1006 1612 1089 1682 sunt,
1102 1607 1136 1666 in
1148 1605 1332 1685 priuatorum

248 1710 391 1769 fortunas
403 1706 584 1769 indirectum
598 1706 802 1780 concedimus,
818 1724 873 1769 cur
885 1724 953 1769 eam
967 1711 1141 1786 potestatem
1155 1704 1333 1777 indirectam

250 1807 288 1867 in
297 1806 467 1885 principum
482 1806 689 1867 auctoritatem
703 1806 868 1868 secularem
891 1806 1028 1869 Ecclesie
1046 1808 1232 1886 Summaque
1253 1809 1332 1869 Pon·

254 1904 329 1965 titici
349 1903 577 1983 denegabimus,
596 1922 691 1983 quum
707 1922 741 1968 ee
754 1906 792 1967 sit
806 1911 835 1967 et
848 1904 993 1968 divinitus
1012 1922 1161 1982 concessa,
1180 1912 1210 1967 et
1230 1923 1335 1970 rerum

253 2006 468 2085 temporalium
477 2004 576 2067 ordini
589 2007 766 2081 necessaria,
779 2011 808 2067 et
821 2007 893 2085 ipsis
901 2007 1087 2086 principibus
1100 2006 1195 2083 utilis,
1206 2012 1234 2068 et
1246 2006 1333 2068 nullo

253 2104 449 2167 incitamento
463 2110 640 2167 mereantur
654 2106 810 2167 Pontifices
827 2090 861 2167 ut
880 2106 933 2167 illa
946 2106 1127 2167 abutentart
1142 2139 1178 2152 -
1193 2104 1226 2167 4⁰
1236 2106 1267 2167 Si
1282 2122 1333 2167 se-

253 2200 367 2263 cularis
386 2202 556 2282 principum
572 2202 733 2264 auctoritas
747 2216 809 2263 non
820 2206 865 2263 est
879 2202 1084 2264 ecclesiastieae
1104 2203 1238 2281 potestati
1257 2204 1332 2265 sub-

249 2304 343 2379 jecta,
359 2298 435 2362 nihil
448 2317 518 2377 ergo
529 2298 583 2361 illa
594 2300 630 2361 ad
642 2300 839 2363 moralitatem
852 2302 980 2380 pertinet
985 2315 996 2377 ;
1010 2307 1136 2381 possunt
1146 2316 1217 2377 ergo
1229 2301 1333 2381 populi

256 2399 341 2461 illam
358 2399 542 2480 principibus
552 2400 666 2479 eripete
679 2416 732 2479 pro
746 2398 858 2475 lubitu,
874 2400 951 2477 quin
961 2398 1098 2460 ordinem
1112 2397 1257 2460 moralem
1266 2398 1333 2460 rio-

255 2501 330 2572 lent,
352 2500 427 2579 quin
447 2504 578 2579 peccent.
594 2501 629 2559 ln
641 2482 806 2559 absolutam
829 2498 942 2560 scilicet
958 2496 1130 2561 anarcbiam
1144 2513 1198 2559 nos
1213 2497 1334 2577 conjicit

258 2617 340 2661 error
360 2600 564 2679 bossuetieus‚
589 2605 624 2659 ut
647 2598 786 2679 superius
810 2597 997 2659 ostendimus
1016 2597 1125 2676 (1354,
1145 2596 1230 2677 prob.
1255 2598 1330 2678 5·);

258 2705 357 2777 atqrre,
371 2704 406 2759 ut
426 2702 556 2775 nequeat
577 2695 705 2758 Ecclesia
723 2696 888 2775 principem
906 2696 1006 2757 ullum
1021 2696 1067 2757 rel
1086 2696 1331 2759 scelestissimum

255 2798 418 2878 deponere,
433 2795 514 2876 quod
526 2795 678 2858 rarissime
692 2794 848 2874 accideret,
866 2812 973 2858 omnes
985 2796 1135 2877 principes
1149 2796 1197 2859 vel
1206 2796 1334 2876 optimos

255 2899 366 2960 damus
390 2897 526 2960 amentiae
550 2902 579 2958 et
598 2897 691 2958 turoni
707 2896 913 2958 seditiosorum
934 2898 1139 2977 quorumlibet
1159 2897 1332 2975 bominum,

254 3003 323 3078 qui,
335 2999 420 3079 plebe
435 2997 556 3079 decepta
570 3003 599 3058 et
613 3003 763 3076 corrupta,
779 2995 848 3058 illos
859 3013 921 3058 noo
936 2997 1040 3059 eselio
1054 3002 1171 3058 tautum
1180 2996 1331 3076 dejicient,

255 3098 309 3160 sed
325 3098 361 3160 sd
376 3099 545 3178 patibulum
560 3097 650 3158 etiam
663 3114 734 3158 cum
750 3097 1004 3159 innocentissimis
1016 3112 1121 3158 eorum
1140 3097 1263 3157 lemitiis
1274 3103 1333 3158 tra-

255 3199 341 3260 hent.
360 3232 399 3243 -
420 3195 453 3258 5⁰
467 3194 618 3272 Quamdiu
636 3203 721 3258 retus
745 3195 879 3258 doctrina
904 3195 941 3258 de
968 3194 1108 3259 Ecclesia
1129 3199 1272 3276 potestate
1293 3195 1329 3258 ad

255 3300 406 3380 principes
417 3298 566 3374 scelestos,
580 3299 606 3359 si
620 3313 695 3377 opus
709 3297 810 3375 tuerit,
825 3297 915 3358 etism
930 3295 1134 3378 deponendos,
1149 3297 1181 3358 in
1196 3300 1256 3358 tota
1269 3297 1332 3357 Ειι-

256 3416 331 3479 ropa
345 3399 460 3476 viguit,
477 3399 625 3458 tutissima
640 3413 723 3476 pace,
737 3395 911 3459 firmissime
923 3397 1104 3478 populorum
1120 3412 1246 3458 suorum
1256 3393 1331 3456 tide·

257 3499 341 3560 litate
350 3514 384 3560 ae
396 3497 598 3560 sincerissimo
609 3513 711 3558 amore
731 3497 879 3578 principes
894 3514 999 3560 omnes
1012 3496 1167 3558 christiani
1177 3501 1250 3558 sunt
1262 3510 1340 3556 con·⁸

256 3605 370 3660 stanter
388 3597 487 3676 fruiti,
513 3613 670 3675 nunquam
690 3596 774 3675 regie
794 3600 934 3675 majestas
954 3597 1012 3658 tuit
1031 3613 1050 3658 a
1072 3596 1200 3659 subditis
1222 3599 1332 3677 sprets,
1356 3626 1359 3631 <

256 3696 447 3772 conculcate3
464 3711 622 3774 nunquam
636 3695 785 3777 principes
797 3696 854 3774 ipsi
864 3711 883 3756 a
894 3694 1025 3757 subditis
1036 3696 1069 3755 iu
1079 3695 1230 3773 judicium
1240 3713 1332 3756 suum

257 3797 368 3872 vorati,
390 3811 406 3857 e
425 3794 522 3876 patrio
542 3792 605 3854 solo
628 3811 679 3872 per
706 3798 806 3855 motus
828 3793 999 3872 repentinos
1019 3793 1187 3867 exturbati,
1214 3793 1333 3874 capitali

258 3895 492 3978 suppliciosum
508 3892 651 3956 omnibus
665 3891 784 3955 sceleris
794 3898 824 3954 et
835 3893 966 3954 iutemiae
976 3893 1146 3970 insignibus
1161 3891 1267 3954 adecti.
1284 3893 1336 3967 tu,

257 4015 296 4057 er
317 4013 378 4076 quo
398 3995 627 4078 protestenticus
651 3999 681 4056 et
698 3994 883 4057 bossueticus
904 4011 987 4057 error
1013 3993 1153 4069 invaluit,
1175 4009 1237 4072 qua
1249 4009 1333 4074 paee,

257 4115 321 4176 que
334 4097 491 4159 securitate
502 4095 651 4176 principes
664 4093 817 4170 truantur,
830 4112 936 4157 omnes
947 4095 1096 4157 ridemus.

301 4199 433 4260 Couosn.
447 4202 476 4259 2.
489 4195 699 4257 -Summum
716 4194 788 4256 illud
805 4196 944 4258 Ecclesia
952 4199 1005 4276 jus
1022 4197 1055 4257 in
1069 4195 1234 4258 secularem
1246 4195 1335 4276 prin-

258 4301 358 4379 cipum
370 4303 545 4379 potestetem
557 4297 614 4358 sub
629 4301 764 4375 respectu
780 4294 935 4374 religionis
946 4302 976 4358 et
993 4297 1182 4374 moralitatis,
1193 4313 1255 4376 qun
1265 4298 1335 4377 jure

259 4400 314 4461 illa
334 4401 427 4480 possit
449 4399 610 4481 principes,
634 4397 751 4475 etopus
768 4395 868 4472 tuerit,
891 4398 982 4461 etiam
1001 4399 1169 4480 deponere,
1188 4415 1335 4478 agnovere

259 4517 379 4581 semper
392 4506 422 4563 et
437 4499 560 4581 professi
574 4501 742 4559 constanter
764 4505 835 4559 sunt
854 4515 915 4561 non
934 4499 1035 4562 solum
1054 4515 1159 4562 omnes
1177 4501 1333 4563 christiani

261 4603 377 4684 populi,
393 4603 445 4664 sed
462 4603 519 4682 ipsi
533 4600 624 4662 etiam
636 4613 720 4676 reges
734 4614 769 4658 ec
782 4599 943 4679 principes,
954 4619 1084 4680 quorum
1099 4603 1187 4664 multi
1200 4603 1289 4665 etiam
1302 4603 1333 4662 in

260 4703 381 4784 propria
395 4720 450 4764 sua
462 4717 554 4764 eausa
572 4703 644 4762 sunt
658 4698 785 4762 confessi
798 4700 836 4761 ob
851 4699 990 4764 baeresim
1001 4703 1048 4766 rel
1064 4703 1207 4781 schisma,
1220 4701 1332 4784 utribus
