3559 5675
579 767 688 814 suunt.
715 786 750 798 -
773 742 859 811 treas
879 761 1052 812 oneremus.
1283 752 1338 817 381

312 874 436 937 cotom
447 876 481 936 2.
492 905 533 919 -
546 872 619 949 Qua
640 878 701 935 toto
713 871 771 935 hee
783 869 952 938 articulum
965 871 1119 950 superiore
1133 867 1344 952 disseruimus,
1462 921 1464 925 a

276 974 428 1038 oemndmn
449 973 570 1056 plenam
593 992 612 1038 a
633 972 754 1056 publiea
777 972 948 1035 auctoritate
975 970 1140 1034 libertatem
1164 977 1343 1039 commercio

274 1093 392 1139 soomm
415 1090 488 1137 cum
511 1074 580 1137 aliis
603 1073 725 1157 populis
748 1072 982 1137 conservandam
1007 1090 1083 1153 esse,
1109 1076 1257 1154 quamdiu
1281 1078 1345 1142 hmo

273 1177 389 1240 libertas
407 1176 495 1239 nullo
512 1178 627 1255 majore
642 1177 713 1254 jnre
734 1181 823 1253 etrus
836 1172 935 1237 officio
954 1172 1116 1237 colliditur.
1132 1176 1244 1255 Siquod
1263 1180 1345 1241 enim

269 1280 316 1356 jns
333 1279 383 1343 rel
401 1278 536 1341 officium
557 1276 683 1354 majoris
702 1275 848 1337 momenti
868 1274 942 1337 boio
963 1274 1093 1337 libertati
1115 1276 1221 1352 obstet,
1237 1280 1346 1341 sociide

271 1378 380 1441 bonum
393 1378 538 1458 postulat,
552 1382 588 1438 ut
599 1376 671 1439 certi
684 1374 761 1437 lines
773 1375 801 1437 ei
814 1376 995 1437 commercio
1008 1376 1211 1456 proteantur.
1226 1380 1345 1459 liujus·

270 1478 347 1542 modi
363 1486 412 1542 est
431 1474 600 1540 interdictio
613 1476 758 1539 itinerum
772 1476 805 1537 in
818 1475 956 1554 regiones
976 1482 1071 1556 peste,
1085 1477 1133 1541 rel
1146 1478 1346 1559 physica'cor-

269 1598 387 1661 porum,
401 1580 450 1643 rel
462 1577 571 1643 morsli
591 1576 785 1640 scelestarum
802 1574 1019 1653 doctrinarum,
1034 1577 1259 1641 laborantibus:
1278 1598 1346 1659 quae

268 1682 510 1746 interdictionem
523 1694 634 1759 genere
646 1675 743 1740 officio
762 1678 888 1759 propriu
909 1679 1140 1742 conservationis
1153 1686 1184 1744 et
1196 1678 1346 1745 delensio·

268 1781 312 1843 nis
320 1782 485 1862 jubentur,
504 1784 535 1842 et
550 1776 637 1841 nullo
656 1784 742 1860 pacto
761 1777 941 1841 universalis
963 1780 1112 1843 sootetatis
1127 1778 1225 1844 officio
1243 1780 1345 1846 edver-

266 1891 380 1949 taum.

301 1988 338 2049 tt
353 1988 443 2047 extra
455 1982 607 2063 ejusmodi
620 1998 709 2046 casos
728 1996 844 2056 omnes,
862 1981 1100 2045 internetionalis
1120 2000 1216 2065 amor,
1237 1985 1346 2066 cuique

266 2086 380 2148 nationi
402 2084 577 2166 precipiens
598 2086 631 2144 ut
651 2082 731 2143 idem
751 2081 866 2143 ceteris
886 2082 1007 2162 populis
1025 2081 1140 2169 bonum
1161 2083 1247 2165 velit,
1262 2087 1343 2165 quod

263 2183 409 2258 sibivult,
421 2181 479 2246 hoc
499 2183 637 2263 requirit,
652 2188 687 2244 ut
698 2182 861 2243 liberaliter
878 2197 948 2243 cum
967 2182 1230 2265 oblocutionibus,
1243 2202 1343 2264 quen·

264 2290 327 2347 tum
336 2285 410 2347 sine
424 2290 526 2346 nostm
538 2282 650 2346 damno
660 2298 833 2363 munius,
847 2281 926 2342 bone
936 2283 1050 2358 omnio,
1064 2298 1132 2361 que
1144 2282 1234 2345 tellus
1245 2294 1346 2347 nostre

263 2383 349 2462 ierat,
364 2385 516 2447 constanti
525 2384 705 2447 commercio
714 2383 986 2446 communicemus.
1001 2384 1069 2457 Quo
1081 2382 1205 2460 quidem
1219 2385 1346 2445 mutuati

264 2491 413 2567 precepto
426 2486 556 2547 memore
576 2483 741 2564 probabitis
754 2501 772 2545 a
784 2483 877 2563 priori
889 2481 1017 2545 efficitur
1028 2500 1064 2545 ee
1079 2484 1238 2565 mounes,
1252 2500 1345 2563 quam
1448 2496 1451 2503 ⁴

263 2584 410 2649 nonnulli
431 2578 510 2649 iacto
531 2584 597 2665 ipso
609 2590 639 2647 et
651 2584 834 2665 experientia
853 2583 1046 2664 comprobare
1064 2584 1216 2662 nituntur,
1236 2586 1349 2649 sedicet

264 2692 346 2749 tento
368 2683 610 2765 locupletiorem,
631 2684 751 2761 ceteris¹
765 2685 902 2765 peribus,
922 2684 1089 2764 quemlibet
1106 2688 1258 2749 medonem
1271 2688 1347 2767 toro,

263 2790 383 2868 quanto
394 2788 541 2866 majorem
554 2789 661 2847 mutuo
671 2801 798 2848 suorum
809 2802 881 2849 cum
895 2785 962 2847 eliis
972 2786 1145 2852 notionibus
1156 2790 1346 2870 commercio,

265 2887 302 2950 ad
314 2905 394 2952 suas
407 2903 522 2948 meroes
542 2885 750 2966 exportandos.
773 2885 948 2964 alienasque
971 2885 1160 2965 excipiendas
1181 2887 1347 2952 libertatem

263 2987 420 3052 concedet
446 2989 549 3062 Qum
570 2986 653 3049 enim
674 2985 1012 3064 autoramentum,
1036 2987 1170 3048 medones
1190 3003 1295 3050 omnes
1310 2987 1348 3052 ad

265 3085 474 3150 universalem
489 3086 660 3148 societatem
670 3091 701 3146 et
711 3084 748 3148 ed
760 3083 905 3146 honestos
916 3083 1035 3148 diritius
1048 3085 1152 3150 eedem
1165 3086 1281 3166 inritet,
1293 3103 1349 3150 nc·

263 3207 426 3270 quaquam
437 3190 578 3253 ridentur
596 3188 643 3251 he
655 3188 724 3255 due
739 3189 822 3267 leges
834 3187 990 3252 naturales
1003 3187 1061 3250 sibi
1074 3193 1183 3251 mutuo
1195 3204 1282 3268 posse
1295 3205 1348 3251 re·

266 3306 419 3370 pugnare.
596 3305 599 3308 ’
933 3355 935 3358 ,

309 3391 463 3454 Catemm
484 3388 567 3468 quod
589 3389 770 3467 generaliter
788 3407 896 3454 rorum
917 3395 979 3468 est,
1003 3395 1100 3472 potest
1112 3390 1144 3452 in
1158 3405 1230 3452 ensu
1245 3389 1348 3470 eliquo

270 3489 451 3572 particulari
463 3507 517 3572 por
525 3482 668 3552 'omittens
677 3507 710 3554 se
723 3489 810 3554 alitor
822 3490 943 3556 bebere.
