3559 5675
579 783 686 828 senua.
713 801 747 812 -
771 783 856 830 arasa
876 787 1014 834 ocrsvus.
1283 773 1341 834 {58

261 889 407 950 societate.
436 889 555 948 Boram
577 885 675 948 antem
698 887 779 964 quod
798 890 970 951 immediate
990 909 1044 970 per
1065 891 1155 952 tatem
1172 893 1341 953 associatio·

261 1003 329 1046 nem
355 985 540 1061 exquiritur,
567 991 611 1044 est
639 989 736 1062 major
763 987 1047 1066 quadamhoneste
1074 989 1192 1052 vivendi
1217 991 1344 1052 facilitas

263 1085 343 1163 [¹135]
354 1103 411 1144 sen
424 1086 569 1145 naturalis
583 1083 707 1146 felicitas
725 1090 895 1168 temporalis
908 1091 1003 1168 (270).
1020 1093 1056 1152 nt
1073 1089 1207 1152 officium
1219 1091 1342 1168 quidem

262 1185 332 1246 inde
350 1185 533 1263 proveniens
554 1201 589 1244 eo
609 1194 731 1263 spectat,
752 1193 785 1246 ut
800 1187 837 1249 ad
851 1189 1004 1268 publicam
1012 1183 1190 1272 'felicitatem
1206 1190 1263 1250 sub
1277 1207 1346 1251 ane·
1400 1201 1403 1206 ·

262 1286 388 1348 toritatis
401 1283 530 1362 publica
548 1283 708 1346 directione
730 1289 862 1366 quisque
876 1306 929 1366 pro
950 1289 1031 1354 virili
1053 1296 1227 1367 cooperetur
1245 1290 1344 1368 (842).

262 1387 341 1462 tam,
367 1384 516 1462 quoniam
537 1385 697 1446 auctoritas
718 1387 882 1447 ordinatrix
898 1387 1057 1466 dupliciter
1077 1394 1347 1468 potestoommuue

262 1485 378 1545 bonum
413 1499 586 1562 procurare,
606 1500 713 1563 nempe
745 1493 773 1546 et
795 1487 925 1546 liberum
947 1489 1059 1564 orriqne
1082 1487 1201 1563 jurium
1221 1471 1346 1548 suonam

263 1601 355 1644 usum
377 1583 535 1658 servando,
560 1589 589 1642 et
602 1585 758 1661 positivam
774 1585 966 1648 directionem
979 1595 1008 1647 et
1030 1585 1198 1646 subsidium
1213 1585 1348 1650 addendo

265 1681 349 1760 (stt,
362 1684 452 1760 739),
463 1683 511 1743 hic
523 1700 608 1743 antor
622 1686 731 1745 civicus
742 1687 851 1764 pariter
860 1687 979 1746 dnobus
989 1686 1085 1746 modis
1100 1685 1227 1746 exerceri
1242 1689 1350 1762 potest,

264 1783 381 1844 scilicet
394 1783 442 1843 rei
456 1785 629 1862 exposition
650 1784 747 1845 civilis
769 1788 951 1848 auctoritatis
966 1791 1123 1866 praecepto,
1138 1785 1186 1846 vel
1199 1801 1233 1846 cx
1256 1783 1350 1846 libero

265 1883 405 1960 generosi
419 1883 513 1943 animi
529 1883 674 1960 impulsu.
746 1951 749 1956 ¹

305 1985 382 2043 919.
408 1984 477 2044 Pes.
502 1981 585 2042 448².
607 2015 647 2028 -
665 1986 757 2046 Amor
775 1987 878 2064 patriar
897 1987 929 2045 in
943 2002 1043 2046 amore
1055 1985 1228 2065 parentibus
1240 1983 1350 2059 debito,

269 2085 299 2144 in
313 2081 416 2145 officio
432 2081 583 2143 fidelitatis
597 2100 667 2161 erga
688 2085 868 2161 societatem,
883 2087 916 2146 in
929 2087 1045 2165 privata
1057 2089 1206 2166 cujusque
1225 2083 1352 2145 utilitate

268 2182 424 2244 tundatur.

309 2285 406 2344 Paron
428 2286 458 2344 1·
470 2295 557 2344 raus.
574 2313 614 2328 -
627 2283 718 2344 Amor
731 2285 834 2362 patriae
855 2290 901 2344 est
914 2301 999 2344 amor
1023 2286 1089 2359 ejus
1106 2283 1250 2344 societatis
1263 2284 1353 2357 arrjus

277 2383 409 2443 membra
422 2387 510 2442 erant
529 2387 665 2461 parentes
688 2399 785 2459 quum
809 2381 860 2443 ilie
874 2382 912 2443 de
932 2395 992 2459 quo
1005 2383 1099 2462 patria
1119 2382 1240 2454 dicitnr,
1263 2385 1353 2440 natus

278 2487 328 2542 est.
345 2483 424 2558 argo
439 2487 564 2542 eatenus
578 2483 705 2559 quisque
718 2481 809 2542 homo
819 2487 936 2543 tenetur
956 2483 994 2544 ad
1006 2484 1132 2562 patriam
1146 2491 1232 2542 stram
1249 2495 1355 2541 amau-

276 2581 354 2658 dam,
366 2587 522 2659 quatenus
533 2583 600 2659 ejus
613 2589 747 2660 parentes
768 2588 853 2642 erant
872 2581 1008 2642 membra
1020 2599 1073 2642 sen
1087 2589 1184 2660 partes
1197 2586 1283 2642 certae
1298 2597 1355 2641 cu·

270 2680 396 2758 Jusdam
408 2680 569 2754 societatis,
591 2696 659 2757 quae
671 2681 764 2759 patria
778 2697 831 2759 pro
843 2681 897 2741 illo
911 2687 1042 2742 vocator·
1055 2681 1147 2758 Atqui
1165 2695 1250 2740 amor
1263 2675 1355 2757 partis

274 2781 405 2859 alicujus
418 2795 480 2841 non
493 2787 587 2859 potest
597 2780 635 2841 ab
645 2797 745 2842 amore
757 2781 847 2843 totius
862 2783 1003 2861 separari,
1017 2781 1139 2859 quando
1150 2781 1262 2842 bouum
1274 2775 1355 2857 qnod

274 2882 365 2943 nohis
387 2886 507 2959 aparte
529 2880 677 2958 provenit,
698 2882 925 2942 essentialitera
942 2888 1002 2942 toto
1022 2882 1076 2942 itto
1089 2881 1244 2959 dependet.
1268 2881 1358 2939 Porro

275 2986 380 3041 autern
395 2979 520 3057 epatris
532 2978 719 3039 securitatem
731 2985 762 3041 et
773 2984 933 3057 parentum
944 2986 974 3039 et
985 2985 1117 3039 nostram
1128 2995 1181 3055 pro
1194 2978 1283 3037 bonis
1294 2992 1359 3037 oms

276 3082 371 3143 uibus
385 3087 415 3139 et
433 3077 641 3158 personatibus
652 3082 681 3137 et
692 3078 823 3138 reatibus
845 3085 874 3137 et
888 3076 1010 3139 moratis
1022 3083 1052 3137 et
1071 3076 1232 3136 materialis
1245 3074 1359 3135 ordinis

276 3180 432 3241 habemns
455 3193 464 3237 ε
490 3176 592 3257 patria
616 3178 687 3241 item
708 3177 853 3239 debemus
882 3175 1030 3254 quidquid
1054 3181 1191 3255 parentes
1210 3174 1304 3234 nostri
1321 3172 1358 3235 de

277 3278 439 3343 communi
453 3277 532 3339 bono
546 3293 598 3337 seu
614 3277 733 3355 physice
746 3294 798 3337 seu
812 3276 964 3338 moraliter
977 3275 1163 3356 particirant.
1177 3273 1265 3351 Ergo.
1281 3275 1359 3334 sicut

279 3384 423 3461 parentes
437 3382 566 3450 nostros,
583 3376 623 3435 ita
635 3376 725 3436 etiam
740 3377 878 3455 patriam,
894 3392 985 3452 aqua
1000 3382 1155 3455 parentum
1169 3374 1247 3435 bona
1259 3374 1361 3435 omnia

279 3480 466 3562 dependent,
476 3494 575 3539 amare
590 3476 743 3541 debemus.
761 3479 838 3553 Ergo
851 3493 936 3537 amor
945 3478 1051 3555 'patriae
1064 3482 1108 3536 est
1121 3474 1362 3536 neeessariaoon·

283 3582 445 3659 sequeutia
460 3580 522 3641 sire
545 3578 677 3641 extensio
701 3578 811 3638 amoris
833 3595 925 3655 quem
948 3578 1013 3661 suis
1031 3577 1167 3655 quisquc·
1188 3575 1363 3655 parentibus

282 3682 384 3743 debet.

327 3784 426 3841 Paos.
450 3781 480 3837 2·
507 3792 591 3837 aras.
614 3808 656 3822 ·-
677 3778 707 3837 Si
729 3775 863 3853 ejusdem
885 3778 1042 3846 societatis,
1066 3775 1209 3852 adquam
1227 3778 1365 3853 parentes

285 3882 382 3943 nostri
411 3878 599 3959 pertinebant
618 3894 715 3955 qrrum
735 3878 797 3959 nati
817 3894 936 3947 sumus.
959 3879 1125 3939 etiamnum
1151 3876 1207 3954 ipsi
1231 3875 1367 3935 membra

288 4001 354 4047 esse
369 3996 543 4061 pergamus,
561 3991 640 4047 turre,
657 3978 712 4039 hoc
726 3979 791 4056 ipso
804 3978 883 4055 quod
899 3994 1006 4038 sumus
1016 3992 1087 4041 eum
1098 3977 1208 4036 caeteris
1218 3976 1365 4049 associati,

288 4082 468 4164 profitemur
493 4095 547 4139 nos
574 4078 611 4139 ad
635 4093 796 4139 commune
820 4078 934 4137 bonum
962 4076 1131 4153 «conspirare
1151 4073 1256 4148 (425).
1278 4077 1367 4151 Ergo,

291 4198 331 4241 ue
346 4180 420 4239 hnic
440 4176 567 4257 publica
586 4175 760 4259 professioni
776 4174 922 4245 desimus,
938 4175 1081 4235 dehemus
1095 4172 1209 4234 bonum
1222 4171 1368 4231 societatis

291 4296 454 4361 procurare
469 4294 524 4355 pro
544 4278 668 4337 viribus.

332 4380 428 4441 Peon.
451 4378 483 4438 3·
502 4392 586 4437 rans.
602 4408 642 4420 -
659 4376 785 4435 Maxima
800 4375 877 4435 laona
895 4391 966 4451 qnae
984 4373 1155 4433 soccietate
1174 4372 1303 4450 quisque
1316 4389 1370 4452 pro

293 4499 326 4543 se
343 4479 465 4557 accipit,
481 4494 498 4537 a
512 4474 676 4552 tranquillo
694 4481 722 4535 et
741 4491 882 4552 prospero
902 4473 1049 4533 societatis
1066 4473 1214 4532 universae
1228 4477 1305 4531 statu
1319 4468 1370 4529 de·
1464 4513 1467 4522 .

293 4578 438 4660 pendent.
454 4576 556 4651 Aturri,
577 4580 609 4633 nt
624 4573 807 4648 tranquillus
820 4572 869 4631 hic
881 4579 910 4630 et
926 4588 1047 4651 prosper
1059 4571 1205 4631 societatis
1225 4570 1371 4629 universe

296 4683 393 4741 status
408 4674 567 4747 habeatur,
581 4688 701 4733 neeesse
715 4670 839 4734 omuino
855 4676 901 4729 est
911 4669 1045 4745 singulos
1057 4667 1152 4730 socios
1164 4666 1199 4729 ad
1212 4682 1371 4730 commuue

297 4777 413 4843 bonum
426 4772 608 4857 conspirare.
626 4772 704 4851 Ergo
717 4770 831 4853 privata
842 4769 933 4832 etism
947 4770 1097 4849 cujusque
1109 4749 1233 4847 utilitas,
1245 4771 1302 4830 stc.
