3559 5675
459 726 499 787 50
859 742 937 790 runis
958 742 1119 789 narunans

458 850 539 927 quod
555 852 697 929 superins
721 852 790 926 (795
816 858 845 911 et
866 850 936 929 796)
959 852 1150 927 monuimus,
1174 850 1285 913 scilieet
1306 851 1481 913 servitutem
1504 854 1529 909 at

458 948 593 1010 illicitam
610 955 640 1011 et
660 950 772 1011 licitam
785 950 841 1010 suh
856 948 973 1010 diverso
986 956 1119 1029 respectu
1137 950 1193 1011 diei
1208 968 1304 1029 posse.
1329 948 1528 1025 Quamobrem

457 1050 624 1110 cavendum
633 1057 678 1111 est
689 1068 707 1109 a
719 1044 968 1129 philanthropiam
980 1048 1162 1125 quibusdam
1173 1048 1455 1123 declamationibus,
1469 1048 1530 1124 qui·

458 1148 516 1207 bns
541 1145 1035 1225 hominis'servitus'qnaecnnque
1061 1147 1118 1209 sub
1139 1146 1198 1209 alio
1225 1148 1347 1208 homine
1373 1146 1529 1207 damnatur

459 1252 602 1322 tanquam
616 1248 679 1325 juri
699 1246 830 1307 naturali
842 1248 1000 1307 contraria.
1017 1248 1090 1321 Oua
1110 1248 1215 1308 neniae
1232 1246 1384 1307 ducuntur
1403 1260 1438 1305 ex
1459 1242 1529 1303 falsa

458 1346 622 1424 praesertim
634 1348 775 1425 opinione
786 1362 847 1424 qua
860 1346 976 1407 homini
990 1348 1100 1424 utrique
1119 1348 1171 1424 jns
1191 1346 1226 1407 ad
1244 1346 1365 1426 plenam
1380 1351 1409 1406 et
1425 1343 1528 1423 perfec

457 1449 518 1503 tam
539 1457 627 1504 suam
648 1442 816 1506 libertatem
838 1452 991 1505 externam
1014 1462 1136 1525 prorsus
1162 1444 1352 1505 inalienabile
1380 1442 1525 1503 tribuitur.

458 1545 519 1604 lloc
529 1550 632 1605 autem
647 1560 807 1605 erroneum
820 1544 1002 1622 principium
1015 1544 1040 1603 si
1056 1543 1092 1604 ad
1112 1546 1218 1622 prarin
1239 1546 1271 1604 in
1289 1544 1424 1604 humana
1439 1540 1527 1602 socic-

459 1649 518 1704 tate
531 1643 746 1723 applicaretur,
764 1642 906 1705 socialem
921 1644 1057 1705 ordinem
1080 1644 1215 1705 lunditns
1240 1650 1395 1705 evenerat.
1418 1642 1525 1719 lugenti

458 1762 588 1823 namque
602 1744 764 1806 homiuum
777 1761 918 1821 numero,
929 1744 1040 1821 quibus
1055 1744 1133 1805 nihil
1153 1743 1234 1805 aliud
1248 1760 1341 1823 quam
1359 1744 1526 1825 quotidiana

403 1904 409 1912 ,
457 1860 547 1923 opera
558 1846 701 1923 suppetit,
714 1844 884 1905 necessaria
899 1842 935 1903 ad
952 1845 1042 1905 vitam
1066 1844 1190 1905 honeste
1204 1844 1438 1905 conservandam
1461 1842 1525 1903 sub·

457 1944 535 2004 sidia
546 1944 691 2023 eriperem
705 1944 780 2005 alios
792 1960 862 2005 vero
876 1944 1026 2023 plurimos
1042 1945 1219 2006 necessariis
1233 1952 1298 2005 tum
1319 1944 1357 2005 ad
1371 1944 1454 2005 naria
1465 1960 1524 2003 mu·

457 2046 508 2106 uia
525 2047 572 2108 rel
596 2046 696 2107 civilia
710 2044 755 2105 vel
768 2043 888 2123 politica
904 2044 951 2105 sei
967 2043 1105 2122 religiosa
1130 2046 1267 2109 obeunda
1292 2051 1358 2105 tum
1383 2046 1419 2107 ad
1441 2044 1523 2105 vitam

456 2144 612 2206 commode
626 2161 659 2207 ac
675 2145 813 2206 decenter
826 2162 880 2223 pro
895 2154 950 2205 stro
965 2150 1043 2205 statu
1062 2145 1208 2223 agendam
1228 2146 1350 2207 auxiliis
1367 2144 1501 2226 privaret.

497 2248 568 2306 800.
586 2248 654 2306 l’os
669 2246 752 2306 383⁸.
770 2274 811 2289 -
831 2244 966 2305 Servitus
983 2251 1027 2305 est
1047 2244 1095 2306 vel
1116 2244 1249 2305 liberalis
1271 2245 1319 2306 vel
1345 2244 1520 2318 mechanica,

454 2344 502 2405 vel
524 2343 658 2423 partialis
677 2341 725 2403 rel
746 2342 845 2403 totalis
859 2342 956 2419 qnoatl
973 2344 1103 2404 actiones
1116 2344 1231 2405 homini
1245 2343 1401 2405 moraliter
1410 2342 1521 2417 liberas,

454 2443 501 2504 rel
514 2450 705 2521 temporanea
724 2443 773 2502 vel
796 2450 951 2521 perpetua.

495 2542 621 2603 Errare.
636 2572 676 2585 -
690 2538 722 2599 l·
738 2542 833 2600 llomo
853 2540 932 2600 siras
951 2540 1040 2601 babet
1053 2548 1082 2602 et
1096 2542 1206 2603 incutis
1225 2548 1255 2603 et
1273 2542 1417 2623 corporis.
1434 2544 1521 2604 Potest

458 2640 584 2718 ergovel
597 2639 653 2700 hes
667 2638 715 2700 vel
727 2638 795 2699 illas
807 2638 843 2699 ad
858 2639 974 2699 domini
984 2640 1098 2701 bonurn
1117 2638 1270 2703 adhibere.
1287 2643 1318 2703 Si
1330 2643 1408 2704 vires
1423 2642 1520 2703 mentis

454 2738 586 2811 adhibet,
601 2738 770 2800 actionibus
794 2736 967 2799 liberalibus
991 2738 1036 2800 illi
1059 2741 1171 2817 servit3
1187 2742 1212 2801 si
1235 2740 1360 2805 adhibet
1374 2743 1450 2804 vires
1464 2756 1519 2802 eor·

453 2841 546 2921 poris,
559 2839 727 2901 actionibus
736 2840 829 2901 seruit
841 2837 1027 2901 mechanicis.

492 2939 643 3012 Quoniam
657 2954 728 2999 uero
745 2934 832 2998 nulla
843 2944 888 2998 est
900 2937 1033 2999 hominis
1047 2939 1121 2999 actio
1135 2953 1202 3016 quae
1216 2939 1287 3000 solis
1306 2939 1429 3016 mentis,
1443 2937 1517 3000 nulla

453 3056 522 3117 quar
533 3038 605 3099 solis
617 3039 750 3118 eorporis
765 3039 880 3100 viribus
896 3037 958 3114 nat,
974 3039 1083 3100 idcirco
1102 3039 1237 3115 gradatio
1251 3041 1390 3116 quadam
1403 3037 1517 3100 servitu-

454 3146 518 3200 tum
529 3139 642 3198 sensim
650 3137 751 3198 fluens
761 3153 826 3198 esse
836 3137 925 3198 debet
935 3151 988 3215 pro
997 3139 1079 3199 vario
1093 3137 1188 3215 gradu
1203 3139 1247 3200 vis
1261 3155 1354 3216 quarn
1368 3137 1429 3200 sive
1443 3151 1517 3197 mens

453 3241 516 3300 sive
528 3255 638 3317 eorpus
652 3239 690 3298 nd
702 3239 833 3299 actiones
844 3240 993 3314 cujusque
1015 3241 1166 3300 seruitutis
1190 3242 1324 3320 proprias
1338 3239 1455 3302 adhibet
1469 3259 1475 3296 :
1490 3237 1516 3296 in

453 3355 513 3417 qua
524 3340 665 3400 varietate
675 3337 799 3398 iniimus
813 3339 966 3399 seruitutis
980 3339 1090 3414 gradus
1101 3346 1146 3400 est
1155 3339 1206 3402 ille
1217 3343 1270 3419 qni
1284 3341 1396 3403 virium
1406 3337 1515 3400 meaba-
1591 3369 1592 3376 2

454 3443 592 3502 nicarum
604 3441 881 3501 exercitinmaxime
894 3441 1039 3501 materiali
1054 3443 1155 3518 servit,
1167 3459 1329 3522 supremus
1339 3461 1407 3504 uero
1420 3447 1461 3501 est
1471 3437 1514 3499 ille
1590 3451 1591 3487 l

453 3543 486 3602 iu
504 3557 564 3618 qno
578 3541 708 3600 actiones
724 3539 835 3600 mentis
853 3539 994 3600 omnium
1016 3539 1211 3603 nobilissima
1225 3541 1262 3604 ad
1277 3542 1401 3606 alterius
1413 3543 1513 3602 bonum
1589 3559 1590 3596 l

453 3640 646 3702 adhibentur.

492 3744 527 3800 2⁰
540 3739 702 3800 Vinculum
713 3737 863 3800 servitutis
875 3739 1025 3818 potestvel
1036 3741 1072 3802 ad
1082 3741 1148 3802 vitm
1163 3733 1275 3819 partem
1286 3739 1512 3816 solnmaliquam
1587 3793 1588 3815 ,

451 3842 498 3904 uel
512 3839 548 3901 ad
563 3844 653 3900 totam
666 3839 758 3900 vitam
773 3837 916 3914 obligare.
930 3841 1015 3916 ltcm,
1029 3846 1123 3919 potest
1134 3840 1178 3902 rel
1194 3841 1230 3902 ad
1243 3848 1337 3902 certas
1349 3841 1460 3916 aliquas
1472 3849 1511 3894 so·
1586 3865 1587 3874 κ

452 3940 518 4000 lum
532 3938 578 3999 rel
592 3937 630 3998 ad
643 3951 748 3998 omnes
760 3937 890 3998 actiones
903 3936 1055 3999 moraliter
1069 3938 1183 3999 homini
1205 3938 1315 4000 liberas
1341 3931 1510 4000 adhibendas
1585 3993 1586 3996 ,

451 4037 596 4116 obligare.
1584 4099 1585 4121 χ

491 4139 549 4212 Qui
563 4136 702 4198 adtetam
716 4135 808 4196 vitam
821 4141 851 4196 et
860 4135 898 4195 sd
911 4151 1016 4197 omnes
1028 4136 1157 4196 actiones
1171 4133 1508 4210 adhibendasobligatun
1584 4123 1585 4143 ¹

450 4255 551 4302 mous
564 4237 683 4316 propria
697 4235 824 4296 dieiturr
838 4237 892 4312 qui
907 4251 977 4294 vero
991 4235 1029 4294 ad
1049 4241 1140 4295 totam
1155 4237 1244 4296 vitam
1266 4235 1316 4298 sed
1331 4235 1367 4296 ad
1381 4241 1459 4294 torre
1470 4243 1509 4288 so·

452 4340 517 4400 lum
538 4336 689 4398 culturam
703 4335 776 4396 olim
796 4333 995 4411 obligabatur,
1010 4333 1090 4411 quod
1113 4335 1143 4394 in
1160 4337 1330 4412 regionibus
1342 4327 1508 4413 quibusdam
1582 4327 1583 4361 ἒ

451 4435 619 4501 borealibus
632 4436 799 4496 etiamnum
815 4434 971 4509 tit,seroue
994 4429 1034 4491 nd
1052 4430 1164 4510 olcham
1179 4433 1342 4497 dicebatur.
1361 4433 1416 4506 Qui
1437 4433 1463 4489 et
1476 4421 1506 4484 ad
1581 4449 1582 4471 i

450 4545 570 4615 tempus
583 4533 745 4594 limitatum
759 4532 835 4595 etad
850 4546 941 4610 opera
954 4531 1091 4606 qrroedam
1108 4531 1233 4595 limitata
1246 4534 1403 4612 obligatur,
1420 4527 1506 4589 direr-

450 4638 493 4698 sis
504 4635 680 4698 nominibus
692 4650 747 4714 pro
758 4633 930 4695 diversitate
952 4647 1077 4712 operum
1093 4631 1130 4692 ad
1144 4649 1212 4710 quae
1225 4633 1391 4708 adhibetur,
1404 4625 1506 4688 aloru

454 4737 536 4816 ruri,
562 4733 716 4818 operarias
739 4733 772 4795 in
794 4731 907 4794 artium
928 4729 1067 4812 opificiis,
1088 4729 1220 4814 famular
1240 4731 1322 4797 dumi
1342 4725 1503 4812 seminar.
