3559 5675
582 825 688 871 susus.
714 844 749 855 -
774 824 857 873 tissa
878 827 1067 876 ouonsesrsus.
1292 818 1352 881 697

274 924 462 1010 (amittitis)
488 934 517 990 et
539 929 700 1009 phantasia
725 932 787 992 lare
810 948 905 1010 quam
928 940 1026 996 mente
1048 951 1083 997 aa
1106 937 1219 1000 ratione
1240 939 1353 1003 saleni.

274 1031 369 1109 Atqui
385 1030 452 1111 ille,
468 1030 499 1093 in
514 1048 576 1110 quo
588 1048 674 1096 onom
693 1048 748 1114 per
770 1050 803 1095 se
817 1040 907 1113 atque
921 1042 1057 1099 amentes
1077 1038 1300 1115 imaginationis
1318 1055 1354 1104 ao

273 1146 386 1193 sensns
399 1130 560 1224 facultates
570 1132 827 1212 praedominantur
837 1138 946 1197 rationi
960 1136 1216 1216 obintelligentim,
1233 1141 1353 1222 ineptus

273 1228 369 1309 plane
396 1236 441 1291 est
467 1230 505 1292 ad
533 1231 736 1311 quodeunque
761 1234 992 1313 gubernationis
1013 1252 1131 1313 genus,
1160 1238 1257 1300 multo
1284 1257 1355 1303 vero

273 1328 406 1408 ineptior
420 1328 456 1390 ed
473 1332 609 1409 regimen
625 1332 798 1412 'episoopals
820 1335 1019 1396 exeroenrlum
1034 1351 1044 1395 τ
1060 1352 1130 1397 nam
1145 1335 1286 1416 dirigere,
1302 1338 1355 1402 do

271 1444 355 1502 esre,
375 1429 567 1507 persuadeto,
592 1432 746 1495 moraliter
758 1432 893 1512 denique
914 1434 1054 1497 homines
1069 1452 1201 1512 movere,
1213 1454 1290 1517 opus
1303 1456 1353 1503 ra·
1427 1432 1432 1441 ⁸

273 1526 370 1589 tionis
391 1544 425 1590 ae
443 1528 553 1590 mentis
575 1535 630 1602 est,
656 1546 719 1593 uon
744 1548 852 1594 sensus
871 1550 906 1595 ao
924 1534 1096 1613 phantasiae.
1123 1539 1222 1614 Ergo,
1247 1543 1354 1599 eto.-

175 1700 178 1705 ,
274 1628 310 1688 3·
332 1630 444 1690 Eorum
460 1630 490 1691 in
512 1629 626 1707 quibus
646 1648 753 1695 sensus
773 1638 804 1695 at
826 1632 1001 1711 imaginatio
1015 1635 1188 1714 praevalent,
1207 1637 1293 1700 nulla
1306 1638 1355 1703 vat

274 1742 348 1788 rara
361 1734 406 1789 est
419 1728 615 1790 consiliorum
637 1733 793 1793 maturitas
814 1738 843 1792 et
861 1734 1040 1808 constantia,
1060 1734 1147 1797 nulla
1164 1736 1211 1796 vel
1231 1752 1300 1797 rara
1321 1739 1354 1799 in

272 1825 438 1887 obstaoulis
457 1826 636 1907 superandis
653 1830 798 1908 pab'entia
812 1836 841 1893 et
864 1829 1092 1908 longanimitas,
1111 1833 1198 1895 nulla
1217 1834 1265 1896 vel
1285 1850 1353 1897 rara

272 1924 442 1988 voluntatis
457 1916 624 1990 et‘aotionis
634 1930 794 2007 rsetitudo,
807 1928 979 2010 prudentia,
993 1934 1135 1995 suavitas.
1151 1934 1262 1996 Volunt
1271 1938 1352 1997 enim

272 2024 325 2085 illi
338 2019 484 2104 etjubeni
495 2026 685 2107 plerumque,
700 2046 763 2091 nen
772 2046 841 2108 qum
851 2032 927 2095 ratio
935 2032 1091 2113 approbat,
1102 2034 1154 2095 sed
1168 2048 1236 2111 quar
1249 2036 1352 2096 sensui
1422 2110 1426 2117 t

273 2133 306 2188 et
313 2125 480 2207 phantasia
489 2130 627 2208 praesenti
637 2130 1009 2210 pleeenttplaoentautem
1016 2133 1080 2194 illis
1087 2135 1180 2212 naria,
1191 2134 1279 2204 levis,
1291 2150 1354 2195 mo·

274 2226 365 2301 bilia,
374 2227 546 2305 improvisu
556 2228 906 2304 abhorrentillinseriis,
914 2232 953 2292 ab
961 2233 1357 2312 uniformibusatranqnil-

276 2326 332 2403 lis,
344 2326 449 2387 alente
463 2327 645 2407 preparatis.
658 2329 839 2408 Repentinos
848 2346 883 2391 ao
893 2330 1183 2410 prmeipitesbabent
1196 2333 1354 2411 plerosque

277 2432 383 2488 motus
395 2427 513 2497 mentis,
528 2428 786 2507 animi,oorporis‚
800 2427 937 2507 loquelae.
953 2430 1072 2503 Quibus
1082 2430 1175 2504 vitiis,
1190 2430 1230 2491 ob
1242 2448 1278 2493 ea
1287 2448 1355 2508 qiam

277 2542 379 2604 nuper
398 2526 440 2601 (n.
463 2526 507 2603 θ’)
522 2525 664 2605 diximus,
679 2526 789 2588 debent
801 2526 871 2607 plus
885 2528 1024 2589 minimae
1033 2528 1181 2604 laborare,
1193 2544 1228 2589 ee
1240 2545 1355 2603 revera,

281 2625 467 2704 experientia
493 2632 579 2703 teste,
611 2626 758 2702 laborant,
788 2628 808 2687 ii
833 2628 886 2705 qui
915 2629 991 2691 meri
1018 2628 1195 2699 litteratores
1220 2645 1255 2690 ae
1280 2628 1357 2689 meri

282 2724 464 2787 humanistra
498 2731 570 2785 sunt
586 2742 596 2803 3
627 2726 665 2785 iis
691 2732 793 2788 tamen
823 2728 905 2788 uitiis
934 2727 1000 2787 lieri
1031 2726 1188 2787 bominem
1220 2726 1257 2787 all
1285 2744 1358 2787 mu·

278 2841 342 2886 nus
364 2824 532 2906 episcopale
552 2826 791 2908 ineptissimum,
817 2843 907 2889 namo
929 2843 991 2888 non
1014 2826 1106 2890 sidet.
1129 2829 1222 2904 lirgo,
1246 2833 1301 2889 eto.
1317 2859 1356 2873 -

275 2925 313 2987 4·
328 2925 457 3002 Negligit
471 2927 601 3004 quisque
615 2926 677 2988 lere
691 2934 721 2988 et
736 2943 844 3006 parum
864 2934 949 2988 eurat
969 2927 1003 2988 in
1017 2927 1087 2988 aliis
1108 2943 1159 2988 ees
1180 2934 1259 2987 artes
1276 2937 1367 3006 quas

276 3026 345 3105 ipse
358 3025 486 3102 ignorat.
506 3026 602 3103 lgitur
622 3027 783 3106 Episcopus
801 3028 853 3104 qui
870 3043 952 3088 mere
970 3026 1145 3088 humanista
1165 3033 1195 3087 et
1208 3026 1353 3089 litterator

275 3127 339 3201 sit,
355 3141 462 3204 parum
484 3127 516 3186 in
531 3126 595 3186 suis
608 3124 723 3188 eleriois
740 3127 855 3188 ourabit
868 3125 1093 3208 philosophicas
1112 3126 1354 3204 theologiamque

276 3223 469 3302 disciplinas,
482 3240 550 3302 quae
570 3235 669 3287 tamen
691 3223 753 3285 illis
769 3229 841 3284 sunt
862 3228 993 3286 maxime
1009 3223 1148 3286 omnium
1167 3224 1351 3285 amariae.

276 3325 365 3384 -50
378 3325 481 3397 Quum
496 3328 525 3384 et
541 3323 679 3385 homiues
694 3327 724 3384 et
737 3323 856 3401 negob'a
871 3323 929 3385 sibi
942 3324 1073 3403 quimus
1086 3317 1193 3385 attines'
1205 3323 1352 3401 queritat,

276 3439 477 3502 nequaquam
494 3423 572 3484 viros
585 3425 669 3500 gravi
688 3425 825 3501 seriaque
842 3423 979 3485 loomim
996 3430 1126 3502 ornatos,
1145 3423 1196 3485 ssd
1214 3421 1355 3486 homiues

275 3523 393 3586 leviore
414 3523 656 3585 illaernditione
677 3524 883 3602 suintillantrs,
906 3525 1001 3586 sorios
1022 3525 1130 3585 sibiet
1148 3523 1300 3602 adjutores
1320 3519 1354 3583 in

275 3625 402 3687 dioecesi
419 3622 613 3700 gubernanda
633 3623 797 3703 Episoopus
815 3641 899 3685 mere
910 3624 1083 3686 humanista
1098 3625 1280 3704 plerumque
1298 3622 1356 3683 ad-

277 3726 396 3790 soisoet.
408 3723 506 3785 Facile
522 3723 613 3783 etiam
626 3723 748 3794 ancillet,
762 3727 798 3782 nt
810 3725 946 3800 graviora
958 3740 1086 3802 qumque
1096 3720 1216 3800 negotia
1227 3722 1276 3782 his
1285 3722 1356 3782 tati-

278 3829 341 3889 bus
358 3823 545 3903 adjutoribus
559 3823 759 3900 committens,
781 3823 940 3884 litterariae
958 3839 1057 3901 nugas
1070 3827 1145 3903 ipse'
1155 3827 1354 3884 eonseetetur.

279 3925 413 3988 lniinitis
426 3925 539 3985 interea
551 3923 665 3984 morbis
678 3921 843 3984 moralibus
852 3928 919 3983 tum
932 3921 1031 3984 elerioi
1042 3927 1107 3983 tum
1121 3921 1189 3982 lsiei
1201 3925 1357 4000 postetam

278 4023 433 4086 diaeresim
457 4021 643 4098 lutulentum
666 4021 777 4098 quibus
800 4019 914 4082 morbis
937 4022 1044 4100 pietas,
1063 4019 1135 4080 boni
1155 4035 1269 4095 mores,
1282 4016 1357 4080 tides

279 4129 348 4205 ipsa
361 4121 506 4202 paulatim
522 4122 716 4201 perimentur.

322 4223 506 4284 Gravissima
520 4221 583 4282 hmo
603 4220 790 4284 tnmmmods
809 4227 925 4299 quanto
942 4219 1042 4282 studio
1057 4222 1147 4281 etiam
1165 4219 1293 4299 principi
1310 4236 1359 4279 se-

281 4324 380 4388 culari
402 4321 523 4384 vitanda
536 4319 609 4396 sint,
630 4336 720 4381 nemo
737 4321 864 4398 ignorat.

326 4425 415 4487 1367.
427 4423 499 4487 uos.
510 4421 592 4484 675¹.
603 4449 643 4465 ·-
656 4419 734 4481 talei
748 4421 899 4500 principes
908 4419 1092 4481 immutabili
1105 4417 1204 4481 ollieio
1215 4425 1361 4480 mnentur

283 4523 370 4608 pao'ta
381 4531 411 4587 st
423 4519 608 4592 meordoto,
622 4535 690 4597 quae
702 4519 740 4581 ab
747 4522 944 4583 emlmiastim
954 4523 1099 4600 peustste
1111 4519 1305 4588 obtinuerint,
1322 4518 1358 4578 ti·

283 4626 391 4689 deliter
405 4625 572 4686 observare.
668 4637 674 4648 ·

325 4729 419 4788 isos.
432 4755 473 4770 —-
491 4723 645 4802 Ejusmodi
668 4729 750 4804 paota
770 4727 799 4785 et
820 4717 998 4781 remordero
1018 4727 1091 4781 suut
1110 4719 1174 4780 veri
1188 4723 1357 4781 oontrsetus

283 4825 410 4906 publioi,
432 4841 450 4886 a
471 4824 588 4886 duabus
607 4823 737 4903 publiois
757 4822 891 4902 personis
912 4816 1357 4900 iotapsnosnsibss,sonooas
