3559 5675
574 724 682 772 suxxa.
705 742 745 759 -
766 724 850 772 ctera
872 723 1066 772 nconxctnus.
1295 708 1353 772 663

276 833 395 895 siaslica
409 838 560 911 potestate,
582 833 683 913 populi
703 838 850 906 recusent,
872 838 930 893 tola
944 850 991 893 res
1004 851 1055 910 per
1067 834 1128 893 vim
1141 832 1259 892 hrularn
1276 823 1353 892 inter

278 934 407 1012 populos
428 940 456 993 et
477 935 624 1012 principes
653 950 817 1008 eorumque
842 934 995 992 ministros
1016 950 1132 1011 semper
1155 922 1353 1016 transigentem

278 1040 370 1109 atque
384 1033 525 1093 humenae
539 1034 689 1095 societates
706 1034 830 1110 pirrhlicac
845 1034 922 1093 inter
941 1034 1112 1111 principum
1129 1034 1314 1110 tyrannidem
1327 1027 1355 1092 et

278 1134 508 1195 democratlcam
529 1136 680 1195 licentiam
704 1138 766 1195 sive
789 1130 960 1195 antichiam
982 1142 1125 1214 perpetuo
1145 1142 1175 1193 et
1192 1138 1358 1202 necessario

276 1228 485 1296 llnoluahunt.
503 1239 617 1314 ltaque,
630 1236 732 1297 sociali
745 1236 849 1297 ordine
862 1239 904 1297 sic
919 1236 1103 1314 perturbato,
1119 1241 1281 1314 rerumque
1296 1255 1359 1297 oxn-

279 1336 368 1395 nium
388 1335 592 1412 spiritualium
613 1336 743 1410 Iudice,
767 1334 912 1398 divinitus
934 1337 1116 1411 constituto,
1136 1354 1154 1396 a
1173 1335 1359 1415 principibus

281 1440 370 1511 aeque
381 1450 415 1494 ac
429 1435 548 1513 populis
564 1436 592 1495 in
616 1453 648 1496 re
662 1436 781 1516 politica
798 1439 918 1513 reJ'ecto,
934 1438 1077 1516 impietati
1099 1443 1128 1498 et
1145 1436 1277 1497 stultiliae
1298 1455 1360 1499 suae

284 1534 415 1595 tribuere
435 1536 523 1595 unice
537 1534 700 1613 pernicicm
724 1552 813 1598 suam
827 1533 979 1598 dehehunt
995 1544 1025 1597 el
1040 1537 1191 1618 principes
1204 1537 1256 1614 q'ui
1271 1556 1289 1597 a
1307 1554 1361 1617 po-

284 1632 358 1713 pulo
377 1634 458 1712 pulsi
484 1634 606 1702 luerint,
628 1634 779 1713 elpopull
803 1637 854 1712 qui
877 1651 894 1696 a
917 1635 1107 1715 principibus
1122 1626 1186 1697 suis
1204 1635 1363 1697 crudeliter

287 1736 507 1813 opprimantur.

324 1836 371 1894 En
393 1836 496 1913 paucis
514 1835 611 1895 rerhis
632 1838 796 1914 expositam
819 1844 950 1900 veterem
972 1837 1139 1899 doctrinam
1162 1846 1224 1900 tam
1245 1820 1363 1916 perspi-

285 1950 388 2007 cuam,
409 1940 470 1994 tem
491 1952 620 2013 equam,
640 1942 702 1996 tam
722 1937 829 2013 utilem
841 1939 943 2015 generi
962 1937 1098 1999 humano
1112 1926 1366 2004 acnecessariam,

283 2035 322 2095 de
335 2048 457 2093 summo
469 2034 605 2094 Ecclesia
613 2036 695 2110 lure,
708 2050 769 2111 quc
779 2036 929 2116 principes
939 2037 994 2097 illa
1003 2044 1098 2116 potest
1110 2032 1274 2115 aliquando
1284 2036 1365 2097 indi-

284 2137 365 2195 recte
387 2130 539 2212 deponere,
564 2134 758 2212 subditosque
784 2152 801 2195 a
824 2140 998 2212 juramento
1025 2138 1176 2199 fidelitatis
1193 2139 1366 2215 exsolvere3

283 2234 431 2295 adversus
445 2248 539 2311 quam
562 2234 763 2297 nihilominus
777 2252 847 2297 cum
863 2238 1101 2298 protestantibus
1121 2238 1280 2315 hereticis,
1295 2252 1366 2299 cum

286 2332 563 2412 Pseudo-politicis,
587 2352 657 2395 cum
685 2334 846 2398 Gallicanis
869 2336 1013 2416 sophistis
1041 2338 1204 2397 Bossuetus
1226 2338 1368 2398 omnihus

285 2434 352 2493 suis
364 2432 479 2492 viribus
500 2426 671 2495 decertarit.
690 2432 819 2496 Eridens
834 2434 965 2514 profecto
980 2440 1036 2509 est,
1052 2434 1238 2495 verissimam
1254 2451 1287 2495 ac
1301 2451 1368 2496 cer·

285 2534 432 2593 tissimam
447 2531 523 2592 hano
537 2533 687 2611 Ecclesia,
704 2534 899 2599 seu-Romani
915 2531 1081 2611 Pontificis,
1097 2534 1130 2594 in
1143 2534 1292 2613 principes
1314 2550 1370 2613 po·

288 2638 421 2693 testatem
435 2632 515 2692 nihil
530 2632 614 2692 alind
629 2650 694 2694 esse
709 2650 802 2711 quam
824 2640 940 2713 partem
953 2636 1118 2711 quamdam
1133 2633 1215 2695 illius
1235 2634 1370 2714 supremi

285 2732 374 2808 juris,
388 2731 467 2807 quod
481 2733 616 2793 Ecclesia
632 2740 662 2793 et
674 2736 760 2795 Petro
771 2732 920 2810 Christus,
935 2735 1142 2808 Homo-Deus,
1159 2734 1192 2794 in
1203 2750 1251 2793 res
1265 2729 1370 2793 omnes

289 2831 460 2910 spirituales
474 2829 567 2892 dedit.
584 2834 771 2913 Quapropter
789 2814 867 2894 hanc
888 2836 1023 2895 Romano
1036 2833 1171 2896 Pontifici
1193 2839 1223 2894 et
1236 2831 1372 2896 Ecclesie

289 2936 478 3012 potestatem,
498 2932 656 3009 judicandi
680 2933 717 2994 de
739 2919 913 3012 principum
932 2933 1090 3010 regimine,
1117 2932 1270 3008 denegans
1297 2934 1371 2992 Bos·

287 3035 404 3106 suetus,
424 3030 604 3093 alterutrum
616 3041 657 3093 ‘ex
678 3033 727 3093 his
745 3033 864 3093 duohns
886 3030 979 3108 eligat
991 3047 1062 3092 cum
1085 3021 1149 3092 suis
1166 3042 1288 3090 necesse
1300 3033 1370 3091 est:

285 3130 401 3193 scilicet
414 3131 463 3191 rel
481 3140 570 3208 neget
590 3137 704 3212 oportet
726 3133 864 3193 Ecclesia
886 3138 915 3192 et
936 3132 1072 3192 Romano
1090 3127 1225 3192 Pontifici
1250 3128 1374 3190 fuisses

288 3232 408 3294 Christo
424 3234 550 3294 Domino
564 3234 704 3294 traditam
716 3234 836 3314 plenam
855 3249 958 3294 rerum
971 3231 1174 3311 spiritualium
1186 3234 1372 3314 potestatem,

292 3338 322 3394 et
335 3334 378 3394 sic
390 3337 602 3411 protestanlicae
613 3335 717 3395 heresi
728 3333 946 3411 subscriberel3
962 3334 1009 3394 rel
1026 3340 1114 3411 neget
1120 3336 1235 3411 justam
1246 3335 1299 3392 aul
1313 3331 1374 3391 ini-

292 3449 389 3510 quam
403 3433 546 3494 secularis
565 3437 718 3513 potestatis
732 3435 963 3513 possessionem,
979 3438 1095 3513 justum
1117 3440 1170 3495 aut
1183 3433 1372 3510 tyrannicum

292 3533 428 3608 ejusdem
445 3549 537 3594 usum
552 3535 700 3613 pertinere
714 3535 778 3595 ullo
789 3539 874 3613 pacto
893 3533 930 3594 ad
953 3533 1164 3610 moralitatem,
1176 3531 1213 3594 ad
1229 3529 1374 3592 moralem

292 3632 439 3702 ordinem,
455 3649 489 3694 ac
503 3634 626 3712 proinde
638 3635 676 3695 ad
690 3651 738 3696 res
755 3634 936 3714 spirituales,
951 3641 981 3694 et
994 3637 1038 3695 sic
1051 3636 1221 3714 pessimum
1237 3632 1376 3694 machia-

294 3734 470 3796 rellismum
485 3736 649 3797 induceret.

338 3837 411 3895 Eam
423 3835 588 3896 doctrinam
599 3837 728 3897 breviter
739 3836 786 3895 his
799 3834 898 3896 verbis
910 3835 1035 3912 explicat
1043 3833 1182 3895 llicolaus
1191 3833 1219 3907 l,
1230 3835 1375 3894 Summus

243 3981 245 3984 -
296 3937 444 4011 Pontifex,
468 3939 500 3996 in
516 3937 638 4017 epistola
652 3937 782 4015 quadarn
801 3934 839 3996 ad
860 3936 1052 4008 Adventium,
1075 3937 1239 3996 hletensem
1252 3935 1376 4013 Episco-

296 4053 371 4115 pum
384 4037 425 4112 (α)
442 4054 450 4096 :
471 4057 486 4094 o
500 4036 669 4098 llludrero
683 4036 763 4114 quod
776 4035 888 4110 dicitis,
902 4035 944 4095 ait
955 4034 1101 4108 Pontifex,
1113 4033 1235 4110 regibus
1247 4039 1276 4092 et
1288 4031 1376 4113 prin·

296 4137 413 4214 cipihus
438 4153 488 4196 vos
510 4153 575 4196 csse
596 4137 744 4212 subjectos
765 4153 800 4197 eo
823 4135 904 4214 quod
931 4135 1010 4195 dicat
1030 4132 1210 4212 Apostolus:
1233 4131 1293 4191 sive
1311 4129 1379 4207 repi

297 4234 385 4316 quasi
397 4233 590 4315 procedenti,
606 4237 714 4316 placet.
731 4237 948 4296 Verumtamen
959 4231 1054 4295 ridete
1069 4239 1174 4292 utrum
1187 4247 1273 4307 reges
1286 4227 1332 4289 isli
1348 4234 1378 4288 el

301 4336 463 4415 principes,
486 4336 597 4412 quihus
621 4351 673 4396 vos
694 4336 844 4412 subjectos
865 4352 929 4394 esse
950 4333 1057 4410 dicitis,
1074 4332 1216 4393 veraciter
1235 4347 1320 4408 reges
1348 4337 1377 4389 et

300 4437 451 4517 principes
460 4436 530 4496 siut.
545 4435 647 4496 Videte
659 4435 685 4494 si
696 4435 829 4514 primum
843 4451 874 4494 se
883 4433 960 4493 bene
970 4439 1085 4509 regant,
1101 4429 1208 4491 deinde
1220 4428 1376 4490 subditum

298 4536 457 4616 populum.
473 4539 546 4596 llam
562 4536 616 4613 qui
635 4533 693 4594 sihi
712 4549 842 4610 nequem
858 4539 914 4604 est,
932 4533 981 4593 cui
1000 4531 1051 4591 alii
1068 4531 1165 4590 honus
1184 4530 1262 4590 criti
1275 4527 1377 4588 Videte

334 4762 371 4826 (cl
385 4761 457 4825 spur
469 4761 558 4816 Lahhe.
572 4759 670 4812 Ocnrll,
682 4763 700 4810 t.
713 4772 749 4821 xx,
760 4757 820 4808 adit.
831 4760 925 4812 renel..
935 4753 983 4806 rol.
999 4757 1067 4805 roos.
