3559 5675
534 793 703 870 sustun-
724 787 808 840 tisun
829 787 964 843 stersus.
1222 765 1284 844 235

251 905 329 983 perlis
341 905 500 978 oonouloaii‚
515 905 601 968 mulii
615 907 721 987 pupilli
733 906 913 970 creditorum
929 907 1052 968 avaritie
1073 909 1181 978 vexati,
1195 900 1284 968 mutu·

253 1007 337 1066 infirmi
356 1009 510 1086 potentium
532 1007 704 1094 enrdeliiate
725 1009 867 1086 oppressi.
883 1009 971 1068 multi
992 1007 1143 1088 simpliees
1167 1000 1280 1072 uetere·

250 1111 321 1164 tonum
335 1113 392 1166 astu
412 1105 532 1186 decepti,
550 1109 636 1167 mulii
652 1107 736 1190 probi
751 1107 900 1183 homines,
923 1111 1048 1186 egregiis
1060 1109 1143 1169 laetis
1157 1109 1281 1188 praeoel-

248 1203 326 1278 lentes,
339 1205 486 1284 presidum
510 1208 657 1285 injustitia
679 1207 821 1286 depressi.
848 1199 901 1268 llis
919 1203 1019 1268 autem
1042 1207 1161 1269 miseris
1179 1207 1279 1269 horni-

248 1303 312 1362 nibus
331 1303 405 1364 rrrrlla
419 1306 595 1384 pienrmpne
616 1323 633 1367 a
654 1300 809 1383 judicibus
827 1307 910 1366 saitis
929 1305 1074 1386 speranda
1087 1310 1132 1372 est
1148 1322 1156 1367 t
1170 1307 1278 1368 horum

246 1417 344 1478 nanque
358 1403 477 1479 judicia,
497 1411 532 1466 ut
553 1406 732 1484 plurimum,
755 1403 792 1465 ad
814 1405 994 1466 miserorum
1010 1407 1170 1484 perniciem
1190 1399 1279 1484 legali

246 1504 356 1562 sitientia
376 1503 606 1565 confirmandum
627 1503 725 1566 solum
741 1506 912 1582 proderunt
929 1507 1021 1583 Atqui
1035 1512 1137 1568 tamen
1158 1503 1213 1567 illa
1229 1507 1280 1568 iu·

243 1597 340 1659 loriuuiu
351 1602 432 1678 louge
445 1609 474 1662 et
487 1603 687 1681 frequentetis
702 1609 729 1665 et
744 1605 880 1682 graviore
898 1612 970 1667 sunt
987 1621 1079 1683 quam
1102 1621 1172 1666 uera
1188 1621 1277 1683 quas-

241 1693 293 1757 liiei
313 1703 441 1781 principis
466 1705 610 1778 tyrannis.
633 1705 841 1782 Tyrannionem
858 1703 983 1786 quippe,
1003 1705 1056 1784 qui
1078 1719 1180 1784 reapse
1197 1705 1278 1783 apud

240 1797 379 1860 christianos
401 1799 536 1881 populos,
549 1805 710 1881 praesertim
735 1803 948 1866 recentioribus
971 1803 1211 1880 hisoeaetutiirus,
1227 1805 1277 1865 rix

239 1893 276 1954 ulli
286 1901 454 1972 exstiterunt,
466 1901 553 1960 etvix
568 1903 693 1962 existere
706 1909 1055 1984 possunt,tyrauuoruru.
1065 1903 1202 1980 inquam,
1219 1903 1277 1964 ini·

237 1999 312 2071 quitus
330 2005 355 2059 et
374 2001 535 2062 erudelitas
549 2015 607 2062 uon
625 1999 726 2080 populi
748 1999 985 2071 multitudinem,
1002 2017 1062 2063 non
1078 2015 1224 2082 pauperes
1242 2020 1277 2064 ae

235 2093 345 2168 plebeios,
357 2115 373 2158 a
386 2100 499 2176 quibus
510 2099 585 2160 nihil
600 2099 780 2174 timendum,
793 2117 901 2179 parum
915 2101 1077 2162 admodum
1092 2099 1275 2181 sperandum

234 2191 328 2269 halent,
342 2197 397 2258 iere
409 2193 513 2272 eilleit,
534 2200 582 2258 sed
600 2215 708 2276 paucos
728 2199 853 2278 aliquot,
879 2199 1008 2275 nubiles,
1028 2201 1162 2278 putentes
1181 2215 1215 2261 ae
1232 2199 1275 2262 lo·

232 2293 333 2370 urpletes
358 2299 445 2376 viros,
473 2301 585 2376 quiuus
616 2297 723 2361 idcireo
749 2297 850 2360 multae
875 2298 1004 2361 rationes
1032 2297 1142 2360 mount
1165 2293 1276 2375 quibus

232 2401 328 2468 mount
337 2398 474 2477 principis
484 2400 637 2474 injustitiae
649 2417 683 2460 ec
696 2398 845 2460 violentie
857 2399 903 2458 vel
920 2399 1055 2458 resistere
1066 2397 1113 2457 rel
1127 2396 1270 2473 elingere.

233 2491 390 2570 tenueris,
404 2499 512 2574 iniqua
526 2500 708 2577 priuatorum
725 2497 924 2577 praepotentia,
939 2495 1085 2556 inermem
1097 2495 1272 2574 probitatem

229 2593 346 2670 terendo,
365 2589 589 2657 multitudinem
614 2597 710 2677 ipsam
729 2597 854 2675 impetit,
868 2597 958 2674 alque
972 2597 1037 2678 ipso
1056 2591 1198 2655 uernans
1208 2597 1276 2672 jus·

230 2690 282 2751 iiie
297 2694 390 2770 giauio
411 2697 447 2758 ed
476 2697 645 2758 innocentes
669 2697 804 2757 infirmos
827 2694 1036 2776 opprimendos
1052 2695 1158 2756 utitur.
1180 2697 1274 2772 igitur

226 2789 285 2852 sient
295 2791 455 2859 absurdum
470 2792 548 2859 dieto
564 2811 624 2859 nou
638 2804 694 2868 est,
709 2791 865 2858 dimidiam
880 2798 998 2875 generis
1010 2793 1137 2860 humaui
1160 2801 1273 2875 purtem

227 2906 299 2967 roone
310 2898 435 2975 amplius
452 2898 490 2957 ab
504 2895 595 2959 aliero
608 2896 730 2959 dimidia
751 2905 834 2977 parte
853 2900 1035 2958 munientem
1050 2896 1274 2975 oppressionem

226 2992 269 3067 prii
281 3006 413 3073 oportere.
430 3000 509 3076 quin
520 2999 612 3077 priori
627 3006 728 3059 eontra
746 2996 936 3077 posteriorem
962 3011 1011 3075 per
1032 2996 1093 3054 rim
1113 2996 1271 3071 insurgere

225 3089 299 3167 litent,
315 3099 352 3157 ita
364 3106 393 3159 et
405 3098 502 3159 inulto
516 3100 605 3158 eiiam
618 3098 719 3158 minus
733 3094 899 3158 absrrrdum
917 3103 973 3171 est,
987 3092 1101 3172 aliquot
1118 3092 1274 3153 individua

224 3198 360 3277 rpriueipe
374 3204 503 3275 tyranno
516 3199 627 3259 uexari.

251 3292 275 3353 Si
288 3299 397 3360 ricinus
413 3317 465 3361 me
479 3300 634 3379 opprimat,
649 3314 698 3359 me
710 3296 785 3359 meis
797 3296 883 3358 bouis
896 3296 1050 3375 exspoliet,
1064 3310 1147 3355 meos
1154 3292 1274 3371 judiees

221 3406 375 3477 turmmpat.
392 3400 541 3479 promissa
554 3398 654 3472 violet,
669 3411 784 3459 carcere
797 3409 845 3457 me
863 3394 1013 3457 inclusum
1028 3398 1137 3467 teneat,
1156 3394 1271 3452 aditum

223 3490 279 3551 otiu
301 3494 333 3555 ati
353 3498 522 3577 principem
542 3494 716 3577 praeelndat.
742 3494 860 3572 aliaque
882 3493 1060 3573 hujusmodi
1082 3490 1272 3570 iniquissime

222 3588 244 3647 iu
258 3608 299 3654 me
318 3598 495 3670 committat,
516 3610 620 3657 omnes
635 3598 739 3672 utique
750 3610 798 3656 me
820 3597 1065 3657 commiserantes
1078 3594 1193 3666 dieunt,
1216 3608 1268 3671 pa·

221 3688 390 3774 tieniiaopus
413 3710 491 3767 esse,
510 3694 631 3756 nullum
647 3696 730 3756 uliud
751 3696 782 3756 in
804 3696 889 3756 terris
910 3694 1083 3757 remedium
1103 3700 1271 3773 suppetere,

219 3787 251 3847 sio
261 3790 287 3851 ln
300 3792 436 3871 presenti
448 3795 506 3854 vita
519 3812 566 3855 res
578 3794 726 3855 hnmanae
740 3796 801 3872 agi,
815 3796 847 3855 iu
861 3796 955 3856 altera
966 3796 1027 3855 rita
1040 3792 1149 3853 haruin
1163 3794 1272 3871 iniqui·

219 3890 295 3951 iatrrm
312 3900 339 3953 et
355 3894 540 3955 saulitarum
560 3892 705 3956 ultionem
725 3892 763 3955 ab
785 3894 906 3955 illieroo
929 3894 1032 3954 ludios
1045 3892 1271 3969 exspectandum

217 4000 276 4049 esse.
289 3994 334 4064 ili,
351 3992 404 4053 ribi
425 3996 556 4069 injustus
571 4010 727 4073 oppressor
740 3996 779 4054 sit
792 3990 941 4072 princeps,
957 3992 1076 4052 diversa
1086 3992 1187 4052 statim
1199 4004 1272 4049 seu·

218 4091 290 4152 tentia
308 4090 418 4171 iertur;
442 4092 588 4171 injustitia
608 4094 802 4155 intolerabilis
825 4092 952 4169 dieitur3
977 4089 1272 4167 insurgendumun-

216 4184 289 4264 dique
302 4190 445 4255 adversus
457 4206 526 4254 eum
543 4195 776 4267 esseststrriiur3
791 4194 819 4255 ri
835 4200 865 4255 et
876 4194 969 4254 armis
980 4208 1052 4252 eum
1071 4190 1108 4252 de
1127 4189 1202 4249 tolio
1220 4188 1272 4249 de

214 4284 363 4360 iciendum
390 4308 453 4355 esse
476 4282 717 4373 perticensis
736 4297 884 4375 privatum
909 4306 1114 4373 oppressorem
1135 4306 1190 4351 eur
1208 4299 1273 4379 nou

198 4386 199 4389 ’
215 4400 285 4465 eque
296 4396 402 4472 poterii
422 4410 579 4477 oppressus
593 4392 630 4456 ed
654 4412 718 4457 sese
733 4392 953 4457 deiendeudum
968 4396 997 4454 ri
1019 4400 1048 4453 et
1060 4392 1153 4461 armis
1168 4392 1272 4452 insur-

214 4494 291 4554 ierei
311 4494 429 4555 iudiees
448 4494 543 4565 adeat,
566 4496 669 4575 inquis
680 4514 688 4555 ι
701 4502 732 4557 st
738 4494 866 4573 judiees,
882 4500 935 4555 aut
949 4492 1048 4570 ignari
1062 4496 1116 4553 eut
1137 4490 1269 4567 eormpti

215 4602 287 4662 euro,
300 4590 347 4651 rei
361 4588 436 4653 nihil
451 4600 554 4671 agunt,
570 4592 617 4657 rel
628 4592 678 4672 lus
692 4590 858 4675 oppressori
878 4592 1062 4671 adjudieant.
1081 4592 1207 4666 initiate,
1221 4605 1271 4648 re-

215 4688 299 4763 ponis,
318 4686 347 4749 id
362 4692 668 4769 pertimescuntur
687 4691 948 4777 priuue‘psjusteue
962 4693 1097 4755 subditos
1108 4688 1273 4771 opprimit?
