3559 5675
533 728 640 775 suuni.
668 749 705 759 -
727 729 812 777 naun
834 730 1007 779 ususcnrus.
1250 714 1310 778 tis

262 838 297 890 est
311 834 441 895 societatis
463 834 812 897 otlnmrcliirmorituram
830 848 858 897 et
872 840 954 914 logos
976 842 1151 917 praecipuus,
1166 843 1311 899 sarisbur-

262 931 410 1007 rimorum,
424 935 639 995 torieristarum
654 941 684 995 et
702 934 918 996 socialistnrrirn
935 938 1140 1013 quorumlibet
1160 955 1311 1000 commen-

260 1029 288 1087 tis
300 1037 323 1089 et
333 1030 434 1093 labulis
453 1031 554 1112 procul
566 1034 686 1109 amotis,
701 1033 913 1097 determinare.

291 1130 367 1192 1220.
383 1134 448 1197 Pos.
464 1136 545 1195 θοι·ι
562 1169 600 1180 -
621 1136 862 1200 internetionalis
887 1139 1012 1200 societas
1029 1139 1226 1216 particularis,
1246 1141 1309 1200 sine

257 1228 418 1309 etbnarchia,
433 1236 538 1311 nequit
551 1234 674 1295 aliunde
687 1252 780 1312 quam
796 1252 817 1295 a·
829 1236 926 1303 libera
938 1240 1073 1315 pactione
1082 1240 1173 1319 potiri.

289 1327 369 1389 Pnos.
384 1363 423 1374 -
437 1332 519 1391 Sicut
530 1331 696 1405 individua,
711 1334 751 1391 ita
765 1333 856 1391 etiam
870 1335 1012 1408 nationes
1021 1334 1202 1394 universalis
1213 1336 1309 1396 socia·

254 1426 328 1487 litatis
347 1430 400 1506 legi
421 1432 561 1506 subsunt,
575 1432 692 1507 quoties
707 1431 851 1503 relatione
874 1432 976 1507 aliqua
996 1439 1100 1493 mutua
1114 1440 1310 1511 coritactuque

249 1526 401 1603 junguntur
410 1546 420 1605 ;
436 1548 497 1607 qua
522 1531 589 1608 lege
601 1532 783 1607 obligantur,
798 1532 828 1589 iu
844 1548 879 1590 eo
889 1549 972 1609 casu,
987 1533 1022 1592 ad
1033 1539 1139 1593 mutua
1154 1534 1209 1593 sibi
1225 1535 1309 1597 auxi-

250 1625 281 1685 lia
303 1628 463 1705 prebenda,
494 1638 527 1690 ut
557 1647 719 1691 commune
750 1631 863 1691 bouum
890 1648 995 1692 omnes
1019 1629 1227 1710 asseqnautur.
1256 1636 1309 1696 Est

250 1738 334 1785 autem
348 1727 401 1789 boe
411 1746 573 1789 commuue
586 1730 710 1804 bonurn,
728 1731 760 1789 in
774 1728 829 1789 bac
839 1728 964 1813 quidem
975 1732 1047 1807 vita,
1061 1732 1243 1810 tranquillus
1254 1732 1309 1809 bo-

249 1827 353 1889 uastatis
375 1829 462 1901 ordo,
485 1830 515 1891 in
536 1831 593 1889 alia
609 1846 678 1889 vero
701 1830 815 1891 summi
840 1830 914 1889 Boni
929 1837 1038 1891 aterna
1063 1834 1209 1908 possessio
1224 1833 1308 1909 (272,

247 1924 314 1999 253).
331 1930 367 1986 At
382 1929 567 1988 universalis
580 1928 643 1999 hac
655 1930 812 1989 nationum
825 1930 982 2000 associato,
1000 1932 1038 1990 ab
1054 1932 1248 1993 accidentalis
1260 1950 1309 1993 oc·

246 2036 337 2085 eunus
349 2033 378 2087 et
391 2034 548 2089 contactus
563 2028 732 2089 conditione
747 2028 893 2107 pendens,
907 2028 1031 2097 nullum
1047 2031 1124 2090 inter
1141 2046 1190 2091 eas
1202 2031 1310 2091 stabile

245 2122 382 2187 uinculum
394 2131 562 2203 constituit,
578 2127 755 2205 nullamque
770 2128 830 2188 illis
858 2128 1073 2204 obligationem
1098 2131 1309 2209 imponitcco-

245 2226 350 2297 pernudi
373 2245 427 2307 per
458 2229 556 2293 media
573 2227 711 2305 quaedam
732 2227 895 2305 peculiaria
915 2228 951 2287 ad
967 2228 1093 2289 alterius
1113 2231 1243 2290 nationis
1258 2231 1309 2291 bo

244 2338 315 2383 num.
342 2330 460 2389 Etenim
477 2329 632 2405 quodlibet
649 2326 783 2387 officium
806 2332 851 2395 est
873 2328 920 2387 vel
939 2328 1087 2402 naturale,
1101 2329 1182 2403 quod
1195 2329 1310 2407 abipsa

242 2419 357 2486 bominis
385 2436 499 2489 natura
523 2428 691 2489 necessario
713 2427 874 2503 enascitur,
897 2428 943 2487 uel
973 2428 1147 2505 positivum,
1170 2428 1250 2504 quod
1269 2429 1307 2487 li-

242 2520 300 2583 bein
312 2526 413 2605 aliquo
437 2528 515 2589 facto
533 2525 696 2588 inducitur.
712 2527 803 2603 Atqui
819 2526 896 2586 nulli
913 2527 1025 2586 nationi
1047 2534 1155 2587 natiue
1178 2528 1308 2606 partiou-

240 2622 320 2684 larem
342 2630 439 2689 tinem
461 2626 660 2688 obtinendum
677 2626 831 2704 proponit3
846 2625 995 2702 quidquid
1008 2628 1088 2686 enim
1102 2635 1145 2686 est
1160 2627 1307 2699 naturale,

240 2724 368 2785 tironibus
383 2744 473 2804 aeque
488 2728 657 2790 ustionibus
671 2741 831 2787 commune
845 2734 900 2785 est.
912 2727 1001 2800 Ergo,
1015 2731 1048 2784 ut
1063 2725 1162 2802 plures
1172 2730 1308 2792 canones

239 2830 385 2886 teneantur
408 2828 584 2905 conspirare
617 2826 654 2886 ad
678 2826 769 2886 tinem
794 2826 958 2901 quemdam
980 2824 1197 2902 particularem,
1222 2826 1309 2891 debet

237 2921 333 2982 tantuin
358 2925 517 3000 quoddam
544 2925 716 2987 burrianum
739 2923 932 2999 intervenire,
955 2941 1016 2998 quo
1037 2934 1142 2982 mutua
1160 2925 1223 2984 baec
1237 2925 1309 3002 plu·-

233 3023 303 3082 rium
322 3027 488 3086 tintinnum
513 3024 670 3084 consensio
687 3023 724 3082 ad
739 3023 821 3082 bunc
836 3022 929 3082 liiuun
941 3022 1142 3082 coruinuuiter
1153 3023 1212 3082 sibi
1231 3041 1309 3085 com·

232 3124 391 3197 parandum
406 3131 571 3186 statuatur.
589 3126 676 3200 Ergo,
692 3130 748 3182 etc.

269 3227 353 3284 1221.
374 3229 512 3290 Conone.
530 3257 567 3267 -
586 3222 753 3284 Relatioues
770 3237 836 3298 qum
860 3221 939 3280 inter
954 3218 1055 3296 plures
1069 3219 1194 3298 populos
1207 3222 1310 3283 sociali

231 3331 308 3398 pacto
327 3325 508 3404 particulari
521 3325 697 3400 conjunctos
712 3319 911 3390 intercedunt,
931 3319 1064 3379 multum
1083 3335 1154 3392 sane
1168 3318 1312 3383 differunt

230 3439 244 3478 a
259 3425 463 3486 relationibus
483 3439 557 3500 quas
572 3422 707 3502 plurium
721 3418 947 3478 individuorum
966 3420 1123 3480 associatio
1137 3421 1223 3496 parit.
1239 3421 1310 3490 tcta,-

229 3526 285 3585 nnn
301 3527 397 3587 bomo
413 3525 544 3602 quilibet
564 3523 740 3583 individuus
754 3537 772 3580 a
786 3527 894 3580 tratura
916 3527 961 3579 est
975 3522 1123 3599 precipue
1143 3520 1311 3587 destinatus

228 3625 259 3680 ud
272 3627 451 3688 felicitatem
466 3625 591 3686 alterius
610 3623 676 3682 vitae
690 3621 913 3700 possidendam,
931 3637 993 3696 qua
1006 3637 1059 3700 per·
1072 3639 1104 3680 se
1115 3621 1214 3698 ipsum
1229 3622 1310 3696 quis

226 3739 280 3798 que
303 3725 486 3788 immediate
508 3723 637 3784 truatur.
653 3725 689 3782 nt
703 3722 855 3782 societates
870 3726 942 3781 suot
955 3726 1062 3795 suapte
1076 3729 1183 3784 natura
1196 3720 1315 3789 consti-⁴

227 3830 290 3884 tutae
307 3828 465 3904 praecipue
489 3823 527 3883 ail
542 3821 714 3881 individuus
734 3820 872 3879 homiues
893 3817 1065 3893 dirigendos
1079 3818 1116 3875 ad
1133 3833 1204 3876 eum
1218 3818 1311 3878 tinem

226 3926 342 3983 tieutuur
362 3941 420 4002 per
435 3933 592 3981 externum
605 3921 755 3992 ordinem,
768 3919 820 3996 qui
833 3917 933 3978 omnis
945 3916 1093 3974 societatis
1112 3921 1156 3975 cst
1169 3916 1238 3976 linis
1251 3918 1312 3976 im·

226 4023 377 4083 mediatus
409 4023 492 4100 (484)
510 4022 604 4083 :binc
631 4028 733 4080 autern
762 4016 908 4098 prodeunt
932 4014 1107 4076 discrimina
1135 4029 1204 4090 quar
1233 4015 1313 4073 iuter

223 4135 359 4182 auiureur
386 4121 611 4182 individualem
624 4127 653 4178 et
674 4134 808 4178 amor-eur
827 4113 1089 4176 iirteruatronalem
1103 4111 1243 4191 superius
1257 4111 1313 4170 de-

222 4221 369 4282 duximus
387 4225 509 4298 (1139).
530 4224 631 4295 Quare
650 4220 796 4279 societatis
810 4214 1050 4277 internatioualis
1064 4222 1110 4272 est
1130 4213 1243 4272 ordinis
1261 4225 1313 4289 po·

219 4317 292 4379 littei
314 4325 545 4383 postserratroui
573 4316 773 4378 connuuniter
800 4314 980 4374 consulere:
1008 4309 1185 4370 universalis
1212 4317 1313 4370 autem

221 4417 460 4480 individuorum
484 4420 608 4478 societas
630 4415 884 4490 conservationem
909 4411 1022 4471 ordinis
1049 4409 1210 4479 naturalis,
1236 4408 1312 4468 idest

218 4521 378 4580 naturalis
405 4519 579 4592 honestatis,
594 4521 742 4596 procurat.
761 4513 918 4572 Nimiuum
930 4511 1075 4598 naturalis
1090 4508 1314 4582 individuorum

220 4623 350 4682 societas
367 4621 431 4680 boc
451 4621 593 4703 postulat,
615 4631 648 4680 ut
662 4617 780 4680 facilior
794 4615 959 4676 individuis
971 4612 1136 4674 honestatis
1150 4612 1316 4690 observatio

217 4723 377 4780 alliciatur
394 4719 594 4796 perordinem
609 4719 755 4796 civicum;
775 4711 922 4774 naturalis
937 4727 1007 4774 vero
1017 4711 1141 4772 societas
1158 4711 1315 4774 nationum
