3559 5675
438 748 702 799 recusaremus
724 751 834 801 suasa.
857 771 896 785 -
917 754 1004 801 erres
1024 753 1160 802 ocream.
1303 740 1343 805 93

252 855 502 919 consocistorum
525 858 641 919 bonum
662 859 779 921 allicere
801 861 906 940 possit.
931 860 1024 939 igitur
1046 858 1187 940 politicus
1211 862 1284 926 ordo
1304 864 1341 925 ad

251 956 378 1017 cirilem
406 964 515 1040 suapte
540 966 651 1021 natura
672 951 824 1038 dirigitur,
844 961 932 1039 eique
955 961 1095 1023 subditur
1118 976 1126 1020 ε
1152 968 1181 1023 et
1203 963 1340 1039 societas,

249 1063 411 1134 qsratemm
424 1060 540 1121 unitate
553 1066 584 1121 et
597 1060 726 1123 efficacia
740 1078 794 1123 sua
811 1061 910 1123 utitur
925 1063 962 1125 ad
982 1062 1097 1125 bonum
1115 1061 1341 1129 individuorum

250 1154 465 1233 efficiendum,
478 1164 619 1237 operatur
631 1160 664 1221 in
678 1159 783 1221 ordine
795 1161 889 1222 cirili.

289 1257 472 1319 associans
483 1260 843 1338 quaeqncpubiioahsbet
856 1276 975 1341 semper
984 1264 1072 1341 juxta
1084 1268 1114 1325 et
1125 1262 1203 1325 circa
1220 1280 1251 1325 se
1265 1263 1341 1327 alias

249 1356 393 1433 prrblims
404 1358 576 1435 societates,
588 1376 655 1438 quas
665 1360 704 1422 ab
718 1360 770 1421 illa
785 1362 902 1421 bonum
913 1360 962 1421 vel
975 1360 1094 1423 malum
1109 1364 1240 1444 accipere
1254 1370 1283 1425 et
1294 1364 1340 1425 ci-

248 1455 320 1518 dem
334 1457 459 1519 bonum
474 1458 524 1520 rel
538 1460 656 1523 malum
674 1460 779 1523 afferre
792 1467 932 1541 possunt.
948 1463 1026 1537 Ergo
1039 1462 1154 1524 bonum
1170 1464 1341 1527 individuo·

247 1574 320 1618 rum
346 1559 382 1619 in
409 1559 562 1640 publicam
586 1562 756 1625 societatem
781 1568 952 1643 coactorum
975 1569 1072 1641 potest
1095 1564 1141 1625 vel
1167 1566 1271 1642 augeri
1293 1563 1340 1627 vel

248 1659 352 1719 minui
374 1676 432 1739 per
456 1667 596 1721 mutuam
611 1661 748 1741 plurium
765 1663 942 1731 societatum
965 1662 1157 1743 publicarum
1178 1664 1336 1725 andenam.

248 1759 328 1837 Ergo
342 1758 471 1839 publica
487 1779 617 1841 qunque
638 1763 774 1840 societas,
796 1764 943 1841 quomam
958 1764 1024 1841 ejus
1039 1763 1119 1825 linis
1137 1764 1276 1843 proprius
1295 1768 1339 1826 est

248 1861 421 1941 temporalo
434 1878 563 1925 snorum
575 1864 781 1935 membrorum
795 1864 1031 1937 bonum-etiam
1044 1864 1075 1925 in
1091 1864 1128 1927 iis
1142 1864 1339 1927 relationibus

248 1960 327 2021 inter
349 1960 462 2041 plures
477 1963 632 2027 societates
651 1964 787 2046 publicas
804 1964 893 2027 debet
915 1980 1041 2025 suorum
1062 1964 1241 2027 utilitatibus
1264 1981 1339 2027 con-
1427 1966 1438 1989 ·

250 2061 361 2123 solere.
386 2062 477 2124 Aetio
494 2080 556 2143 qua
576 2064 705 2143 singulas
718 2065 872 2127 societates
892 2064 1024 2145 publica
1043 2080 1169 2125 suorum
1188 2064 1339 2127 membro-

251 2178 318 2222 mm
337 2162 424 2225 bono
445 2165 631 2244 prospiciunt
650 2167 683 2227 in
705 2165 902 2227 mlationibus
928 2182 1004 2243 quas
1028 2182 1098 2227 cum
1120 2165 1188 2228 eliis
1207 2166 1337 2246 publicis

253 2263 444 2327 maeunbus
459 2266 584 2343 habent,
596 2266 832 2329 immutemur
845 2272 981 2329 vocetur.
1300 2337 1303 2347 Ι

294 2363 360 2425 ill.
371 2367 445 2427 Pos.
460 2366 546 2429 4072.
560 2368 745 2430 -Actionis
762 2367 860 2430 civilis
871 2368 1032 2445 objectum,
1047 2365 1148 2442 quoad
1158 2365 1274 2426 civium
1287 2371 1334 2427 tu·

260 2459 355 2541 eum,
374 2470 449 2527 mut
468 2465 527 2526 tria
548 2465 791 2544 sociommjura,
803 2466 882 2543 rita,
901 2464 1093 2526 fortunarum
1122 2467 1152 2525 et
1173 2460 1334 2543 libertatis;

254 2564 346 2637 moad
366 2565 483 2629 civium
500 2567 724 2647 perlectionem,
741 2571 814 2627 sunt
831 2570 895 2627 tres
911 2562 1146 2625 individualium
1158 2562 1335 2627 facultatum

247 2665 373 2743 species,
396 2666 793 2746 mrporea‚‚intelleetuales
812 2670 843 2729 st
866 2664 1008 2727 moralm.

284 2767 382 2830 Paos.
396 2770 426 2826 1·
439 2782 526 2829 raas.
543 2801 582 2813 -
598 2768 726 2831 Societas
736 2782 863 2848 quaque
876 2766 999 2848 publica
1010 2764 1265 2844 tutelamjuribus
1284 2764 1336 2825 in-

243 2863 445 2928 diuiduorum
458 2867 547 2930 debet
558 2868 594 2943 (l.
611 2885 668 2945 vu,
683 2886 711 2930 c.
726 2869 759 2943 1,
769 2886 798 2930 a.
814 2865 857 2948 1).
876 2869 915 2931 m
925 2867 1067 2928 universa
1080 2865 1215 2928 hominis
1227 2867 1335 2942 quus-

243 2982 304 3044 que
323 2965 477 3028 individui
496 2969 568 3046 jura
588 2966 624 3029 ed
638 2969 696 3028 tria
709 2967 860 3046 precipua
883 2965 1082 3026 reducuntur.
1106 2967 1182 3026 Nam
1205 2965 1334 3043 quisque

242 3065 275 3128 in
285 3066 401 3129 ordine
411 3066 580 3131 externoad
592 3067 657 3130 baec
666 3069 725 3128 tria
736 3071 854 3128 tantum
868 3064 960 3126 babet
969 3066 1022 3144 jus
1038 3063 1094 3126 :ad
1105 3063 1287 3142 vivendum„
1296 3061 1335 3124 ad

242 3167 351 3229 media
368 3167 404 3228 in
416 3166 502 3229 bunc
511 3167 605 3230 tinem
617 3167 787 3230 necessaria
798 3163 990 3246 possidenda,
1004 3168 1035 3226 et
1046 3163 1083 3226 ed
1097 3162 1191 3224 libers
1205 3161 1255 3223 bis
1267 3177 1335 3222 me-

242 3265 304 3327 diis
327 3267 492 3346 utendum,
506 3266 619 3329 scilicet
635 3267 672 3328 ed
687 3267 736 3328 sui
750 3263 1021 3340 conservationem,
1036 3262 1191 3324 adrerum
1209 3276 1334 3324 suarum

241 3366 422 3430 dominium
434 3375 465 3429 et
478 3367 516 3430 ad
527 3385 654 3430 suarum
665 3369 819 3430 aedonum
833 3365 1110 3446 independentiam.
1127 3365 1218 3442 Ergo,
1234 3367 1291 3426 etc.

280 3472 385 3531 Paos.
398 3471 433 3529 2·
454 3456 542 3532 nsasss
557 3501 598 3514 -
610 3453 742 3532 Societas
767 3467 980 3547 perlectionem
1009 3467 1158 3544 cujusque
1180 3462 1333 3525 individui

241 3583 359 3646 angere
370 3566 974 3648 debetcidempositiracoopcrandoiniis
985 3563 1333 3645 omnibusqumprivatis

240 3668 442 3747 singulorum
454 3670 571 3732 riribm
586 3671 692 3749 attingi
706 3675 873 3749 nequeunt.
884 3667 976 3746 Atqui
1002 3666 1081 3727 vires
1105 3665 1238 3742 bominis
1260 3667 1334 3724 sunt

239 3785 369 3849 corpus,
378 3769 552 3834 intellectus
564 3777 594 3833 ot
618 3772 770 3835 voluntas.
791 3771 872 3848 Ergo
894 3768 1018 3832 societas
1038 3765 1163 3847 publicav
1182 3763 1333 3844 cooperari

240 3867 387 3932 demand
402 3869 483 3932 vires
495 3872 643 3950 cujusque
656 3870 706 3934 sui
729 3869 859 3932 membri
882 3881 1052 3947 corporeas,
1065 3862 1283 3928 intellectuales
1303 3867 1334 3926 et

243 3969 390 4032 morales.

660 4159 867 4224 saliculos
887 4160 927 4221 ll.

425 4353 605 4436 eampse
616 4353 701 4418 maro
724 4355 758 4416 a
770 4352 856 4418 crasa
875 4308 987 4414 aaron
1006 4347 1156 4413 semea.

288 4575 363 4640 842.
377 4577 449 4640 Poe.
457 4575 543 4639 408¹.
556 4609 596 4622 -
607 4576 750 4656 Proprius
763 4573 873 4636 modus
886 4574 921 4634 in
934 4571 1016 4635 cirili
1030 4571 1146 4632 actione
1166 4549 1331 4630 sonandus

250 4677 386 4740 musisbt
398 4677 432 4739 in
443 4676 582 4739 omnium
590 4684 621 4738 et
628 4676 821 4754 singulorum
833 4671 985 4736 sociorum
996 4670 1112 4734 viribus
1121 4667 1160 4730 ad
1170 4678 1331 4730 commune

250 4775 365 4842 bonum
377 4776 559 4842 adhibendis
568 4792 640 4840 eum
647 4774 864 4859 proportionali
875 4776 1025 4851 orrjumue
1034 4769 1249 4834 emolumento.
