3559 5675
577 798 685 850 sanus.
709 819 748 833 -
769 800 854 847 arsen
874 795 1011 844 oestrus.
1271 770 1327 838 lb'l

248 916 323 994 juri,
343 912 430 992 quod
443 910 576 988 singulis
588 908 702 971 civibus
716 906 865 984 competit,
885 902 989 963 auxilii
1004 901 1036 961 in
1050 900 1114 961 suis
1127 897 1298 959 infortuniis
1312 915 1330 957 a

250 1012 332 1074 civili
352 1014 497 1076 societate
512 1008 676 1071 obtinendi.
690 1040 730 1054 -
750 1005 784 1066 4⁰
797 1008 846 1066 Fa
866 1004 1017 1063 societates
1038 1004 1110 1060 sunt
1138 998 1327 1077 aptissimum

250 1112 390 1173 medinm
415 1111 454 1173 ad
467 1111 589 1172 civilem
611 1109 814 1170 auctoritatem
828 1105 860 1165 in
874 1097 1059 1183 procurando
1081 1099 1235 1160 communi
1250 1096 1328 1158 bono

248 1211 468 1288 adiuvandam.
484 1214 563 1289 Ergo
585 1207 784 1272 debetcivllis
806 1204 966 1267 securitas
989 1194 1108 1265 easdem
1122 1204 1275 1285 protegere
1294 1213 1328 1265 ae

248 1328 439 1390 promovere.

288 1418 390 1485 Ριιοιιε
412 1427 446 1487 2·
460 1438 546 1488 sans.
572 1452 614 1471 „,.
633 1425 851 1489 associationes
875 1424 939 1486 istas
956 1418 1163 1492 accidentales,
1178 1414 1329 1491 onapsam

249 1536 335 1583 suam
350 1525 421 1587 mm
432 1531 463 1588 et
483 1523 659 1604 efficaciam,
674 1532 800 1609 possunt
821 1526 947 1608 publicae
965 1521 1107 1597 societati,
1119 1520 1154 1581 ad
1177 1516 1264 1593 cujus
1277 1508 1330 1571 bo·

250 1638 323 1684 num
338 1625 546 1691 essentialiter
567 1635 638 1690 sunt
658 1628 869 1704 subordinatas,
884 1620 949 1689 lieri
971 1623 1153 1707 periculosae.
1169 1614 1330 1683 Etenim,a

251 1727 374 1804 proprio
389 1744 448 1789 sno
458 1727 518 1789 line
531 1722 717 1791 deflectentes
719 1736 862 1811 ‚possunt
872 1729 931 1790 illae
942 1729 1006 1789 suis
1015 1724 1060 1785 uti
1071 1717 1185 1782 viribus
1195 1722 1224 1777 et
1233 1710 1329 1774 lacul-

251 1824 364 1886 tatibus
377 1826 417 1887 ad
433 1824 552 1889 civilem
567 1834 620 1890 aut
632 1830 787 1913 politicum
806 1829 943 1893 ordinem
957 1820 1140 1888 turbandum
1154 1822 1183 1878 et
1203 1812 1332 1874 labetac-

252 1922 391 1985 tandum.
408 1926 488 2001 Ergo
511 1928 637 2008 publicae
656 1927 839 1991 auctoritatis
853 1926 985 1987 ollteium
1007 1927 1052 1985 est
1078 1918 1110 1981 in
1130 1934 1164 1979 ea
1184 1908 1331 1975 consortia

253 2018 424 2183 {glutina
413 2034 570 2110 ,apteque
583 2027 648 2103 illa,
664 2005 780 2106 quotics
793 2044 868 2111 opus
879 2026 983 2104 fuerit,
997 2021 1032 2084 ad
1049 2024 1164 2083 reatum
1179 2010 1329 2076 tramitem

302 2142 408 2191 acere.
581 2142 587 2152 ·

292 2219 363 2292 860.
378 2234 513 2299 Οοιοιι.
531 2234 559 2299 1.
578 2270 618 2285 -
637 2242 785 2317 Quoniam
799 2241 922 2322 publica
935 2238 1092 2304 auctoritas
1103 2240 1200 2319 potest
1208 2229 1277 2311 pure
1296 2240 1331 2289 ac

261 2324 342 2391 debet
353 2334 513 2401 societates
527 2339 674 2426 eiusmodi
693 2327 889 2423 incompletos
906 2346 974 2421 apte
987 2338 1127 2417 dirigere,
1139 2329 1330 2415 perspicuum

266 2433 306 2491 eat
320 2432 356 2495 iis
368 2440 525 2502 consortiis
539 2458 732 2519 nequaquam
744 2444 833 2504 licere
844 2446 926 2503 tanto
940 2446 1050 2515 secreto
1059 2456 1094 2499 ss
1108 2428 1331 2499 circumvallare

263 2536 293 2590 nt
307 2532 389 2597 tilios
403 2542 592 2603 auctoritatis
605 2544 791 2621 vigilantiam
806 2539 961 2620 effugiant.
977 2544 1077 2615 Quare
1094 2532 1252 2614 diligenter
1262 2528 1264 2533 ’
1274 2528 1332 2591 dis·

257 2634 445 2703 cernendum
457 2647 504 2705 est
520 2642 571 2721 jas
584 2642 686 2707 aare
697 2644 907 2722 assonationes,
923 2644 1002 2721 quod
1021 2640 1180 2723 populares
1193 2631 1330 2715 quadam

253 2733 365 2812 politici
390 2743 550 2819 regiminis
567 2733 670 2808 formae
689 2745 951 2807 indiscriminatim
971 2740 1148 2815 concedunt,
1162 2734 1261 2817 ajars
1285 2750 1329 2794 se·

252 2845 329 2896 creta
343 2841 548 2906 conuentorum
559 2841 698 2922 adeundi,
713 2845 792 2930 quod
809 2863 878 2908 eum
894 2826 1023 2908 ordinati
1036 2839 1198 2920 crduslibet
1210 2832 1332 2912 regimi-

251 2933 297 2995 ills
316 2943 456 3002 natura
449 2960 511 3022 ipsa
525 2952 648 3026 pugnat

287 3035 400 3116 ltaque
411 3041 607 3120 particulares
618 3045 678 3110 ille
694 3028 902 3109 associationes
916 3045 956 3106 ita
967 3011 1091 3106 formari
1104 3057 1138 3102 ae
1149 3035 1267 3116 disponi
1281 3033 1330 3095 de·

249 3131 332 3209 bant,
349 3143 670 3236 nt,propriun1suum
686 3145 777 3208 linem
791 3149 1015 3226 persequentes,
1032 3138 1152 3222 publico
1164 3144 1263 3198 tamen
1277 3132 1329 3194 lini

249 3250 375 3320 semper
385 3231 585 3307 subserviant.
601 3249 650 3336 itt,
669 3254 773 3328 prater
788 3245 840 3307 illa
852 3264 920 3326 qua
934 3241 1054 3326 publico
1068 3243 1147 3304 bono
1165 3236 1331 3300 necessaria

248 3341 334 3414 sunt,
351 3341 435 3403 nihil
448 3343 532 3407 aliud
555 3329 672 3424 exigere
693 3347 763 3408 ab''
745 3363 782 3409 us
794 3347 951 3410 consertus
962 3339 1069 3406 ciuilis
1096 3342 1219 3402 societas
1235 3339 1331 3416 potest

247 3447 345 3514 otram
360 3442 560 3508 fidelitatem
552 3463 585 3508 ιιι
599 3447 636 3508 iis
654 3448 829 3574 praestandis
842 3465 909 3575 quar
922 3447 953 3507 in
969 3461 1025 3506 sua
1037 3441 1247 3506 constitutione
1259 3453 1330 3518 pro·

247 3539 414 3603 miserunt.

288 3639 424 3718 Conott
441 3649 529 3708 ι.-
542 3649 655 3718 Homm
671 3650 888 3712 consortiorum
907 3645 1036 3710 fidelitas
1056 3641 1236 3726 consistitis
1254 3635 1331 3699 sub-

247 3739 337 3803 sidiis
362 3752 450 3824 pacto
468 3749 624 3828 promissis
651 3749 827 3812 exhibendis
839 3750 865 3812 ei
878 3751 932 3828 qai
946 3763 1015 3809 rere
1029 3743 1090 3806 illis
1103 3741 1236 3820 indigeat
1250 3745 1277 3801 et
1292 3735 1330 3798 ad

248 3837 304 3901 illa
312 3843 369 3920 jus
381 3843 501 3907 habeat.
520 3845 683 3910 llultorum
703 3848 815 3910 scilicet
833 3847 966 3926 nequitia
979 3843 1027 3905 his
1039 3859 1160 3924 qnoque
1174 3837 1330 3902 consortiis

249 3944 432 4007 tutelaribus
451 3947 538 4010 facile
551 3949 733 4025 abrrteretur,
748 3948 806 4009 nisi
824 3948 945 4010 illorum
959 3944 1056 4007 oldaia
1068 3942 1155 4004 certis
1170 3946 1199 4002 et
1217 3939 1330 4020 perspi-

249 4043 319 4103 cius
331 4053 437 4107 essent
451 4045 845 4132 delinitalegibusperquas
856 4046 967 4109 damna
980 4041 1167 4106 resarcienda
1181 4041 1236 4101 rite
1249 4038 1327 4099 esti-

248 4141 328 4202 mari
344 4151 478 4222 possent.
495 4147 555 4222 Sic,
565 4166 595 4208 a.
612 4165 644 4228 p
635 4192 656 4224 ‚
672 4149 705 4208 in
721 4164 777 4209 suo
792 4146 909 4224 tugrrrio
929 4143 1028 4207 socius
1042 4140 1152 4218 aliquis
1174 4137 1291 4218 posset
1284 4153 1333 4196 ιιι

248 4241 442 4308 cendiomde
455 4245 602 4308 industria
613 4249 751 4322 excitare,
766 4249 790 4308 si
808 4253 919 4308 tantam
935 4241 1209 4345 compensationem
1224 4251 1330 4316 spera-

250 4347 295 4400 ret
296 4361 386 4421 ‚qaas
398 4344 436 4406 ad
450 4345 597 4427 palatium
609 4347 666 4408 sibi
680 4345 893 4409 exstruendum
908 4331 1064 4406 sufficeret.

288 4443 479 4524 Quapropter
487 4446 571 4524 justa
583 4443 733 4527 proportio
745 4445 892 4508 servanda
905 4450 950 4507 est
966 4445 1043 4504 inter
1059 4441 1162 4502 damni
1176 4435 1330 4501 certitudi-

250 4554 330 4619 nem,
351 4547 437 4625 ejus
444 4545 663 4625 causalitatem,
679 4547 829 4610 sociorum
848 4543 972 4624 tributa,
996 4559 1101 4605 sorum
1123 4554 1285 4602 numerum
1299 4537 1335 4598 et

251 4642 338 4706 tetrus
351 4646 498 4708 consortii
512 4663 602 4707 rrres
1309 4667 1310 4670 =
