3559 5675
541 766 650 813 eunnn.
687 788 700 794 .,
736 763 819 811 steen
840 761 1012 811 uenenum.
1260 744 1316 809 adt

272 874 398 929 mentum.
411 872 487 949 Ergo
499 874 637 951 quelibet
651 875 730 935 natio
749 879 865 934 tenetur
886 872 962 933 alins
973 872 1110 933 nationes
1125 887 1176 949 pro
1202 868 1318 929 viribus

271 964 409 1030 defendere
428 972 560 1049 primum
585 974 708 1051 quidem
730 980 759 1033 et
783 974 914 1033 maxime
925 978 1026 1032 eontra
1037 988 1088 1032 eos
1101 970 1153 1048 qui
1166 969 1317 1048 politicam

269 1084 358 1127 earum
371 1071 553 1132 existentiam
572 1074 725 1153 impetant,
740 1074 847 1134 deinde
860 1074 952 1134 etiarn
966 1072 1110 1133 adversus
1130 1086 1182 1131 eos
1199 1069 1253 1146 qni
1267 1084 1317 1129 so·

267 1167 322 1226 cisti
336 1168 409 1229 bono
420 1172 522 1249 aliquo
535 1190 596 1234 non
609 1174 667 1234 leri
681 1174 798 1235 easdem
813 1174 931 1253 privare
945 1178 1100 1233 sonentur.
1155 1190 1158 1197 ⁴
1261 1184 1265 1193 ·

301 1266 378 1326 1143.
392 1270 522 1331 Conone.
532 1304 568 1316 —
580 1274 731 1344 Rationes,
743 1273 781 1333 ob
798 1288 875 1350 quse
892 1270 1006 1348 qumvis
1021 1270 1102 1337 natio
1113 1275 1230 1329 tenetur
1244 1268 1317 1328 atius

266 1366 384 1427 nationes
405 1376 507 1431 eontra
530 1372 674 1449 inJ‘ustam
699 1372 920 1449 aggressionem
941 1386 995 1449 pro
1016 1370 1130 1431 viribus
1147 1366 1315 1441 defendere,

265 1464 359 1525 eedem
370 1476 449 1542 sunt,
471 1476 506 1531 ut
524 1470 654 1549 quisque
668 1473 758 1547 videt,
779 1489 814 1533 ae
825 1474 956 1533 tationes
975 1488 1041 1548 qnae
1053 1468 1147 1530 simili
1160 1469 1256 1531 officio
1268 1469 1317 1529 in-

263 1564 367 1626 diridus
397 1570 475 1631 inter
496 1590 531 1631 se
554 1573 697 1649 obstringi
725 1572 940 1634 tiemonstrent.
968 1574 1023 1646 rit,
1046 1570 1099 1630 ubi
1126 1568 1164 1629 de
1197 1568 1315 1629 natione

263 1664 348 1741 atique
360 1668 397 1727 ab
409 1669 533 1747 injustis
547 1674 771 1748 aggressoribus
784 1671 971 1733 defendenda
982 1672 1093 1747 agitur,
1109 1669 1204 1728 multo
1217 1670 1316 1741 ninius

262 1765 408 1827 redonibus
431 1769 493 1831 iilis
506 1772 633 1849 pondus
659 1774 777 1844 secedit,
803 1778 870 1834 tum
895 1772 933 1833 ob
953 1772 1128 1847 gravitatem
1144 1770 1229 1844 longe
1252 1782 1317 1827 ma-

258 1865 339 1937 jorem
351 1869 454 1932 aliene
467 1872 607 1934 utilitatis
629 1874 756 1953 publice
770 1882 798 1936 et
809 1876 899 1937 alieni
915 1876 998 1953 juris
1008 1872 1186 1951 impugnati,
1200 1876 1266 1929 tum
1277 1868 1316 1929 ob

260 1965 368 2029 saturem
395 1972 556 2051 'propriam
586 1976 716 2035 nationis
740 1977 835 2054 ipsius
860 1992 933 2053 qum
951 1988 1011 2055 pro·
1028 1972 1156 2035 atterius
1187 1968 1315 2029 nationis

259 2066 332 2125 tutela
354 2068 507 2133 desertare
520 2074 703 2150 aggreditnre
726 2077 854 2149 Etenim,
871 2091 969 2152 quum
989 2078 1140 2135 oonteotns
1162 2072 1239 2130 inter
1258 2078 1314 2127 nn·-

260 2162 337 2225 tionee
355 2172 448 2232 multo
468 2173 566 2248 magis
586 2176 769 2235 necessarius
790 2181 819 2235 et
839 2182 1001 2252 perpetuus
1013 2174 1062 2247 sit,
1074 2187 1167 2248 quum
1180 2168 1315 2247 interin-

258 2261 371 2348 diridne,
381 2286 415 2329 ex
426 2272 521 2332 vieini
529 2272 659 2351 aiicujus
678 2274 781 2353 populi
790 2274 980 2352 oppressione
991 2272 1086 2331 multo
1098 2258 1197 2344 maius
1208 2268 1316 2329 similis

259 2363 324 2422 eritii
346 2369 516 2444 perieulum
536 2370 641 2431 ricinis
661 2373 779 2451 populis
801 2370 963 2449 impendet.
990 2368 1164 2430 individuus
1183 2380 1314 2441 numque

259 2459 344 2540 ιοιιιο,
356 2468 407 2527 nbi
421 2470 561 2530 ricinum
582 2488 759 2550 oppressum
781 2470 900 2545 viderit,
924 2456 996 2545 tuga
1009 2466 1064 2529 sibi
1087 2466 1241 2527 consulere
1259 2480 1314 2543 po·

259 2565 304 2620 tert
317 2582 323 2620 :
337 2574 367 2625 at
377 2570 514 2646 societas,
527 2587 583 2631 suo
596 2573 745 2633 territorio
756 2572 855 2650 affixe,
871 2572 961 2632 ricini
975 2570 1076 2651 populi
1091 2566 1224 2648 oppressi
1242 2582 1313 2643 gen-

259 2659 338 2736 tisque
354 2666 442 2728 iilum
470 2671 665 2756 opprimentis
685 2675 854 2734 contectum
873 2680 902 2733 et
925 2671 1093 2752 perieulum
1117 2667 1187 2729 inde
1211 2680 1314 2746 prove·

259 2760 329 2823 niens
341 2765 429 2828 uitare
443 2771 564 2847 nequit.
579 2772 794 2851 Quamobrem,
810 2774 862 2844 ubi
881 2773 1011 2853 populus
1024 2770 1133 2849 aliquis
1152 2768 1263 2845 injuste
1275 2766 1313 2827 ab

258 2859 307 2920 etio
318 2863 485 2944 impetatur,
503 2872 593 2933 vicini
612 2872 716 2935 ornnes
735 2875 838 2955 populi
853 2875 961 2935 debent
976 2871 1012 2932 ed
1028 2876 1094 2951 ejus
1111 2869 1314 2933 defensionem

257 2964 394 3027 convolare
407 2986 473 3030 non
487 2971 586 3031 solum
601 2975 712 3034 amoris
731 2973 969 3034 internetionslis
988 2971 1085 3032 oifioio
1102 2969 1236 3048 impulsi,
1261 2966 1312 3028 sed

256 3059 329 3121 etium
342 3081 412 3126 eura
421 3066 627 3148 propriaesuae
641 3072 887 3133 salutiseroitnti.
959 3119 962 3124 .
1179 3077 1180 3082 ’

561 3275 566 3282 ’
640 3289 848 3360 strumosus
869 3295 920 3356 ιιι.

280 3459 395 3543 dejure
413 3476 444 3528 e!
460 3467 554 3546 officio
572 3469 847 3532 internetionolr'dur
863 3471 1013 3532 societater
1030 3469 1157 3552 equales
1177 3477 1277 3530 contro

512 3565 660 3628 intertr'nne
676 3569 912 3649 perturbationes
930 3569 1050 3632 tuendi..

287 3749 369 3814 1144.
386 3759 456 3818 Poe.
472 3756 661 3818 eote-utri
672 3759 769 3836 prime
779 3759 933 3821 seditionis
943 3758 1168 3838 germmaepud
1181 3758 1314 3835 aliquem

255 3853 567 3935 nationemputlulent,
579 3858 763 3935 relinqueris
780 3861 861 3919 natio
875 3859 962 3919 debet
975 3875 1028 3936 pro
1042 3859 1155 3917 uiribus
1169 3855 1211 3916 iiii
1226 3873 1313 3935 opem

255 3949 320 4012 ierre
332 3955 366 4014 nd
381 3958 550 4034 perieulum
559 3960 849 4035 et-oognosoendum
860 3965 890 4019 et
903 3956 1154 4037 propulsandum.

288 4053 417 4117 Pron—
423 4059 485 4118 Eos
492 4057 618 4134 quodvis
628 4059 749 4137 sociale,
758 4075 856 4136 quurn
866 4060 905 4118 sit
918 4058 989 4134 quid
1005 4056 1317 4134 compositum‚potest

255 4156 406 4219 noneolnm
419 4155 542 4219 externa
553 4163 773 4238 oppugnatione
787 4162 888 4236 everti,
899 4159 1050 4220 sedetiam
1063 4157 1203 4218 intestina
1213 4154 1313 4214 disso-

255 4253 357 4320 lutione
371 4263 514 4322 interimi.
532 4264 568 4322 nt
580 4279 668 4322 emor
686 4263 924 4322 internetioneiis
939 4260 1064 4338 imponit
1077 4261 1186 4335 cuique
1200 4253 1313 4316 nationi

255 4353 376 4420 officium
388 4361 550 4423 existentiae
563 4363 690 4440 politioae
704 4363 770 4423 aiiis
786 4365 954 4424 nationibus
977 4361 1168 4443 pruritibus
1191 4373 1314 4420 conser-

255 4459 348 4521 rnndae
361 4463 476 4542 trito).
491 4465 568 4540 Ergo
581 4464 720 4540 qnaetibrt
736 4466 828 4540 natio,
844 4465 943 4542 quoad
959 4466 1024 4542 ejus
1038 4463 1099 4524 fieri
1110 4468 1216 4541 potest,
1228 4463 1316 4524 debet

255 4556 319 4617 ritas
332 4563 463 4623 nationes
485 4565 562 4624 tueri
580 4582 639 4625 non
666 4565 763 4626 sotum
776 4564 919 4625 adversus
929 4561 1086 4626 externum
1097 4579 1313 4642 aggressorum,

255 4658 297 4714 sed
320 4663 406 4722 etiam
421 4671 522 4724 eontra
538 4665 693 4726 intestinos
713 4672 823 4742 moine,
843 4667 904 4742 qui
915 4665 949 4726 nd
965 4663 1116 4745 politicam
1127 4666 1314 4727 existentium

257 4756 372 4833 singolis
391 4782 492 4824 earnm
506 4765 633 4825 debitam
650 4765 855 4826 subruendum
869 4765 1001 4827 tendent.
1024 4766 1114 4845 Atqui
1129 4766 1236 4826 frustra
1248 4763 1313 4845 pie-
