3559 5675
601 823 709 869 senaa.
733 843 771 854 —
792 823 875 868 rinae
896 822 1033 870 maros.
1297 807 1353 870 t5t

276 945 367 1006 qnam
379 923 497 989 ordinis
511 944 597 989 amor
615 929 654 989 ita
674 931 768 1012 socios
779 947 848 990 oum
863 919 988 990 unitmie
1004 929 1166 1010 principio,
1186 929 1265 1010 idest
1286 945 1356 999 cam

277 1029 465 1100 auctoritate,
489 1030 659 1106 conjungit,
683 1037 712 1090 et
737 1031 920 1091 auctoritatis
935 1031 1113 1090 intentiones
1135 1027 1173 1090 ad
1193 1033 1358 1107 aequumet

273 1131 393 1206 justum
406 1131 447 1189 ita
459 1129 573 1208 dirigit,
585 1136 618 1190 ut
629 1129 782 1192 ordinatus
797 1131 829 1191 in
843 1149 877 1191 ea
891 1131 943 1192 ilat
959 1145 1134 1213 progressus
1144 1133 1173 1190 et
1186 1130 1273 1207 quasi
1284 1117 1357 1190 evoss

277 1227 352 1288 lulio
361 1228 540 1288 eommdem
551 1229 778 1310 principiorum,
792 1249 809 1292 a
822 1232 934 1313 quibus
946 1231 1030 1291 initio
1050 1229 1119 1290 talis
1130 1229 1253 1290 societas
1264 1245 1359 1290 emer·

277 1331 325 1391 sit.
346 1331 459 1392 Contra
472 1329 646 1390 stationario
659 1337 703 1394 est
716 1351 751 1394 ea
763 1334 887 1394 societas
909 1349 977 1410 quae
999 1347 1121 1417 omnem
1141 1330 1359 1412 principiorum
1391 1401 1394 1404 ,

279 1429 437 1491 socialiurn
452 1447 642 1511 progressum
656 1435 686 1492 et
696 1431 899 1494 evolutionem
909 1431 1069 1504 interdicit,
1085 1434 1119 1491 ut
1130 1419 1209 1514 apud
1218 1431 1360 1492 sinensea

279 1529 321 1592 iit.

317 1631 447 1708 Quodsi
468 1647 529 1692 aon
551 1631 726 1692 eorumdem
749 1633 967 1717 principiorum
992 1630 1122 1693 evolutio
1139 1633 1359 1710 promoveatur,

278 1729 341 1813 sed,
357 1731 512 1792 veteribus
525 1733 647 1807 eversis,
659 1733 883 1813 aliaprincipia,
899 1733 1023 1794 rorasse
1037 1730 1188 1812 prioribus
1202 1729 1359 1809 contrana,

278 1831 310 1890 in
332 1847 441 1891 eorum
469 1832 569 1891 iocum
595 1831 823 1903 substituantur,
847 1833 996 1902 societatis
1014 1848 1076 1894 non
1098 1845 1286 1920 progressus,
1308 1827 1360 1889 sed

276 1927 467 2011 perturbatio
480 1947 535 1994 seu
549 1929 692 1990 revolutio
704 1935 776 1993 tuna
790 1931 916 1994 habetur

320 2029 478 2090 societatis
493 2035 635 2110 perpetuo
646 2029 789 2092 sine'ulle
800 2031 1022 2113 perturbatione
1032 2046 1086 2091 seu
1099 2027 1362 2108 revolutionepro·

277 2127 443 2206 gredientia
455 2127 626 2212 exemplum
640 2129 905 2208 praeclarissimum
921 2129 1068 2191 habemus
1077 2127 1108 2189 in
1117 2129 1254 2190 societate
1267 2125 1361 2188 chris-

278 2229 371 2302 tiana,
390 2243 472 2310 quae,
494 2227 526 2286 in
550 2228 614 2306 ipso
628 2227 754 2289 humani
768 2230 887 2310 generis
903 2236 971 2290 ortu
992 2246 1044 2313 per
1057 2229 1209 2290 Adamana
1221 2232 1252 2288 et
1266 2227 1360 2287 Evam

280 2325 434 2401 lundata,
467 2326 594 2386 ulterius
620 2344 737 2410 semper
761 2328 913 2406 prooessit·
938 2344 990 2406 per
1011 2329 1194 2388 successivas
1223 2325 1359 2408 ejusdem

282 2426 419 2506 principii
434 2424 621 2489 evolutiones
631 2426 710 2508 apud
725 2425 854 2487 familias
869 2427 964 2504 Sethi,
981 2427 1097 2501 Noemi,
1111 2423 1285 2495 Abrahami,
1293 2429 1360 2484 tum

281 2525 357 2605 apud
373 2535 499 2602 gentem
510 2525 672 2598 hebraeam,
685 2533 751 2586 tum
764 2526 889 2588 demum
910 2527 942 2589 in
962 2525 1094 2594 Ecclesia
1114 2525 1288 2600 christiana,
1307 2539 1361 2602 per

279 2623 370 2686 talem
387 2625 556 2685 lormamm
569 2624 725 2686 socialium
740 2625 947 2696 mutationem,
962 2633 995 2686 ut
1006 2625 1103 2687 lorma
1118 2623 1264 2706 posterior
1280 2618 1360 2682 nihil

276 2723 359 2787 anuo
378 2725 420 2786 eit
435 2741 527 2802 quam
541 2721 674 2788 ordinata
687 2727 846 2806 explicatio
859 2727 997 2806 jurium,
1017 2727 1251 2815 promissionum
1265 2729 1294 2784 et
1312 2721 1359 2806 le-

275 2842 347 2901 gom
364 2823 516 2886 societatis
528 2825 731 2911 procedentis,
743 2828 818 2905 quin
833 2821 895 2888 irlla
906 2842 1044 2905 unquam
1054 2825 1231 2908 interruptio
1239 2823 1359 2886 musal·

278 2932 326 2985 tus
343 2926 536 2987 interveniat.

315 3024 483 3087 Sociaiium
498 3024 755 3105 perturbationum
775 3044 829 3088 seu
847 3028 1069 3090 revolutionum
1089 3043 1106 3086 e
1131 3025 1277 3087 contrario
1297 3022 1357 3082 mi·

273 3127 405 3187 cerrima
433 3124 569 3205 exempla
592 3142 688 3211 nuper
704 3128 802 3189 Gallia
824 3134 927 3189 nostra
949 3126 1088 3215 prebuit.
1110 3128 1145 3185 ln
1167 3140 1201 3185 ea
1226 3121 1358 3199 namque
1395 3120 1399 3125 ’

272 3228 434 3299 societate,
459 3243 550 3303 qnam
574 3226 779 3289 monarchiam
804 3226 842 3288 ab
868 3228 1014 3310 episcopia
1037 3226 1230 3289 constitutam
1249 3222 1357 3284 meritc

271 3325 428 3409 appellare
450 3326 680 3403 consuevimus,
705 3328 852 3405 regimine
878 3324 1070 3389 monarchico
1092 3330 1213 3414 repente
1236 3328 1267 3385 ct
1284 3314 1352 3384 rell·

272 3428 366 3505 gione
383 3424 528 3487 catholica
541 3426 681 3503 sublatis,
694 3428 877 3507 principium
891 3445 909 3488 a
921 3444 982 3506 quo
998 3426 1053 3487 illa
1071 3426 1230 3488 constituta
1246 3423 1353 3500 luerat,

272 3536 303 3590 et
327 3528 461 3588 lormam
476 3543 568 3604 quam
589 3525 658 3587 inde
675 3534 836 3607 acceperat,
851 3545 974 3607 prorsus
987 3528 1099 3602 amisit,
1114 3540 1212 3603 neque
1225 3520 1355 3600 amplius

272 3626 381 3691 eadem
396 3627 520 3689 sociatae
534 3632 589 3703 est,
605 3628 743 3705 quamvis
758 3628 837 3692 idem
853 3628 1037 3688 elementum
1059 3623 1221 3705 materiale,
1243 3622 1355 3683 scilicet

273 3727 428 3807 populum
444 3732 537 3787 terras
555 3726 676 3804 gallicas
690 3728 882 3803 incolentem,
893 3727 1064 3788 servaverit.
1203 3734 1208 3741 ⁴

314 3826 404 3903 Quod
432 3828 469 3904 si,
497 3828 660 3905 impiorum
683 3826 844 3888 hominum
868 3828 1010 3888 violentia
1023 3826 1128 3907 procul
1151 3832 1261 3897 amota,
1277 3822 1357 3904 apud

277 3926 469 3987 Lndovicurn
492 3926 567 4003 XVI,
583 3930 612 3987 et
623 3926 761 3987 Carolum
778 3928 815 4005 il,
829 3944 912 4005 reges
923 3926 1063 4005 optimos,
1076 3940 1111 3984 er
1124 3909 1277 3985 ordinis'ct
1286 3924 1357 4001 jue-

278 4024 351 4086 titiae
367 4022 487 4101 legibus
500 4030 598 4085 actum
615 4029 704 4099 esset,
716 4041 821 4085 omnes
838 4026 968 4107 prolecto
982 4022 1173 4097 mutationes,
1189 4038 1265 4100 quas
1279 4037 1357 4100 prae-

274 4124 385 4183 cedens
395 4122 438 4181 rei
450 4120 576 4201 publicar
591 4122 672 4183 mala
680 4123 910 4198 administratio,
927 4140 1002 4202 quas
1014 4130 1183 4201 temporum
1194 4126 1223 4181 et
1237 4136 1357 4181 morum

275 4223 434 4284 diversitos
449 4239 549 4301 revera
560 4221 758 4301 postulabant,
774 4223 916 4284 facillime
933 4224 1060 4284 obwntae
1073 4223 1211 4289 luissent,
1222 4220 1297 4298 quin
1309 4224 1356 4281 ta·

277 4340 347 4383 men
367 4320 491 4403 propria
510 4320 623 4397 gallicae
644 4322 756 4383 nationi
770 4323 867 4383 lorma
888 4322 1074 4399 aulerretur3
1090 4328 1180 4401 atque
1198 4322 1240 4383 ite
1263 4318 1359 4383 Gallia

277 4441 328 4501 per
337 4428 420 4480 tutas
432 4420 547 4480 ordinis
562 4428 590 4481 et
600 4422 670 4483 boni
686 4422 802 4483 socialis
817 4424 879 4483 vias
889 4439 1047 4505 progressa
1060 4425 1176 4507 luisset,
1191 4423 1267 4501 quin
1280 4429 1359 4483 vete·

279 4540 340 4583 rem
358 4538 449 4582 suam
464 4521 596 4583 indolem
612 4538 663 4601 per
681 4528 725 4584 tot
746 4529 904 4605 tantosque
922 4526 1022 4587 omnia
1040 4526 1159 4604 generis
1177 4524 1359 4587 calamitates

280 4622 461 4702 repudiaret.

319 4722 454 4783 Conona
466 4716 540 4782 4.-
548 4722 612 4784 buo
623 4724 811 4804 potissimum
825 4730 897 4787 aunt
909 4725 946 4787 ad
958 4742 1025 4812 quar
1045 4724 1212 4807 prestanda
1224 4685 1362 4785 bucmar

284 4822 379 4883 officio
395 4823 508 4883 amoris
519 4840 591 4901 erga
604 4842 763 4904 personam
778 4843 846 4904 quie
856 4826 1063 4888 auctoritatem
1081 4840 1253 4905 supremam
1272 4826 1303 4886 in
1315 4838 1363 4886 eo·
