3559 5675
502 760 612 808 seusa.
636 728 676 798 '...
696 763 780 811 ursae
801 765 991 820 necaremus.
1234 765 1295 828 653

216 865 333 944 scriptis
341 881 434 944 quam
445 881 505 926 non
513 868 643 946 seriptis,
655 871 815 933 licclesiam
826 890 931 938 museo
943 882 1084 944 constitut
1095 889 1123 946 et
1132 885 1292 963 gubernari

216 973 352 1044 oportere
364 989 395 1027 s.

256 1067 406 1139 Quantam
426 1083 497 1129 vero
514 1067 678 1148 perniciem
691 1073 755 1134 suis
769 1074 842 1152 ipsis
855 1077 947 1140 rebus
965 1084 1178 1162 temporalibus
1194 1099 1295 1152 creent

215 1182 302 1242 reges
314 1165 360 1226 illi
375 1183 409 1227 ac
424 1168 574 1247 principes
584 1171 639 1248 eoi
651 1171 782 1233 audeant
795 1175 1029 1255 independenter
1037 1183 1075 1244 ab
1091 1186 1244 1266 Episcopis
1257 1190 1294 1252 dc

214 1267 309 1326 saeris
322 1267 417 1327 rebus
439 1271 577 1339 statuere,
594 1269 917 1337 dieemnsbrcvissime
927 1277 1028 1341 allatis
1047 1282 1097 1344 bie
1114 1287 1293 1348 venerabilis

212 1364 296 1426 card.
310 1363 434 1426 Baronii
447 1367 550 1444 paucis
559 1368 658 1428 verbis
668 1385 736 1446 que
749 1371 1011 1440 acclamationibus
1028 1380 1239 1461 Episcopomm
1255 1385 1292 1446 de

213 1463 361 1540 religione
373 1463 530 1525 Theodosii
535 1467 667 1542 jrrnioris
680 1470 843 1532 inconcilio
854 1475 1181 1558 Constantinopolitano
1191 1493 1292 1546 eontra

213 1563 411 1640 eutychetem
432 1564 536 1626 babito
552 1567 604 1628 illa
618 1571 768 1647 sapienter
781 1572 950 1652 subjungit.
973 1579 1113 1641 esecute
1131 1589 1203 1642 sunt
1215 1583 1289 1657 bare,
1348 1647 1353 1656 ,

212 1665 255 1722 nit
268 1663 321 1740 (a),
329 1663 555 1725 acclamationes
566 1665 672 1743 synodi
686 1667 723 1728 de
735 1667 792 1730 lide
802 1677 831 1730 et
839 1672 984 1750 religione
995 1677 1152 1742 Theodosii
1163 1682 1291 1762 impera·

212 1763 298 1821 toris.
317 1761 373 1822 Sed
392 1763 418 1822 si
436 1764 649 1840 praecessent
661 1765 774 1838 lotura,
795 1769 901 1845 ntique
916 1771 1072 1837 immensis
1091 1777 1289 1856 laerymarum

212 1860 364 1921 imbrlbus
378 1860 505 1922 luissent
518 1862 623 1923 eadem
636 1867 794 1942 prosecuti.
806 1869 926 1941 Quanto
937 1873 1019 1933 enim
1032 1874 1210 1941 detrimento
1227 1881 1288 1941 inr-

211 1963 359 2022 misceant
380 1977 412 2021 se
437 1961 588 2022 interdum
610 1965 760 2044 principes
775 1966 866 2031 rebus
880 1970 982 2050 moris,
997 1989 1065 2050 que
1082 1975 1120 2036 ab
1139 1978 1289 2059 Episcopis

211 2060 371 2121 iracunda
384 2067 467 2136 sunt,
477 2063 608 2123 recentia
620 2065 770 2143 exempla,
786 2072 821 2126 ut
834 2073 1099 2146 praetermittamus
1111 2083 1221 2150 vetera,
1234 2081 1287 2141 do·

209 2167 351 2223 ruerunt.
361 2161 479 2221 Etenim
494 2162 589 2224 lomes
598 2164 706 2242 peceati
720 2166 873 2227 Nestorius
887 2168 993 2232 litteris
1002 2173 1151 2236 celestini
1165 2177 1289 2242 damna-

211 2267 263 2322 tus
272 2264 349 2338 iarn,
366 2261 425 2321 nisi
439 2261 520 2322 intra
532 2262 636 2323 docem
657 2263 776 2325 dierum
795 2268 927 2343 spatium
948 2271 1149 2350 resipisceret,
1167 2282 1286 2358 conspi-

210 2370 298 2423 rante
311 2363 343 2421 in
358 2361 493 2422 eamdem
504 2363 682 2422 sententiam
694 2362 810 2439 synodo
818 2363 1030 2444 Alexandrina,
1042 2381 1184 2451 perpetuo
1196 2379 1288 2439 silon·

209 2465 256 2523 tio
267 2465 331 2540 jam
344 2461 480 2541 sepultus
493 2460 609 2522 luisset.
627 2463 731 2536 Quum
743 2477 814 2524 vero
831 2478 897 2524 sese
918 2466 950 2525 in
970 2467 1017 2527 liis
1032 2470 1111 2531 mele
1124 2472 1290 2536 immiscuit

211 2563 410 2636 Theodosius,
428 2551 541 2639 quanta
555 2561 720 2622 indemnia
740 2565 931 2641 provenerint
951 2565 984 2624 in
1003 2565 1175 2650 Ecclesiam,
1191 2573 1289 2634 adbuc

214 2679 285 2737 que
293 2661 431 2722 ridentur
439 2661 471 2721 in
484 2660 629 2724 Orientali
642 2660 772 2721 Ecclesia
781 2659 883 2722 ulcera
891 2664 1054 2741 putrefacta
1064 2671 1217 2732 testamur.
1231 2677 1288 2734 Err-

216 2760 320 2839 tyobes
332 2762 454 2841 pariter,
478 2761 592 2821 delirus
616 2775 707 2820 senex
727 2765 756 2820 et
779 2761 939 2840 impudens
955 2763 1162 2847 haeresiarcha,
1180 2773 1214 2832 in
1233 2772 1288 2834 hac

206 2862 538 2941 ‚Constantinopolitano
551 2858 665 2937 synode
680 2862 745 2937 J'am
758 2876 828 2921 cnm
839 2878 895 2922 sua
908 2861 1014 2925 berosi
1032 2868 1287 2953 condemnandus,

208 2969 303 3039 atque
314 2962 596 3051 penitus-oblivione
615 2959 773 3032 delendus,
792 2961 889 3022 tultus
907 2964 1020 3025 auxilio
1033 2968 1237 3045 prefectorum
1259 2982 1287 3035 et

205 3063 350 3121 mamitos
363 3062 466 3123 edictis
486 3063 685 3138 imperatoris,
703 3061 747 3121 sic
765 3060 904 3137 invaluit,
919 3070 952 3123 ut
971 3082 1024 3143 per
1044 3067 1175 3143 plurima
1189 3074 1289 3135 meula

206 3164 282 3238 ejus
296 3160 415 3222 heresis
427 3161 552 3221 bamma
568 3159 741 3220 universam
754 3160 939 3222 orientalem
954 3162 1115 3227 Ecclesiam
1129 3170 1287 3232 nebarnen-

206 3264 254 3320 tis
274 3262 365 3320 instar
383 3259 514 3320 incendii
530 3258 696 3333 exusserit,
711 3262 802 3336 atque
814 3275 972 3336 nunquam
982 3262 1129 3327 nicenus
1143 3272 1286 3347 restingui

206 3359 350 3421 valuerit.
368 3360 504 3434 llentiar,
512 3359 570 3421 nisi
580 3364 610 3419 et
619 3357 734 3437 lapides
743 3359 800 3417 ista
812 3358 953 3437 clament,
964 3368 992 3423 et
1000 3365 1055 3425 rias
1067 3364 1138 3427 Sion
1152 3368 1285 3446 lugeant.

205 3459 332 3520 Etenim
347 3474 382 3517 er
394 3458 511 3519 hicnon
525 3456 667 3519 catholiea
679 3462 797 3518 tantum
807 3457 880 3519 tides
895 3459 1096 3524 insanabilem
1111 3466 1226 3545 plagam
1241 3486 1287 3530 ae-

203 3558 302 3635 cepit,
323 3557 374 3617 sed
386 3556 540 3618 Orientale
555 3558 719 3636 imperium
733 3558 854 3636 penites
870 3558 1035 3641 collapsum
1049 3570 1139 3642 atque
1151 3566 1288 3632 iunditrrs

202 3661 349 3718 dirutum
361 3663 441 3718 est.»
455 3659 538 3719 idem
552 3673 657 3734 regom
666 3664 696 3718 et
708 3658 879 3737 principum
890 3658 1001 3734 scelus,
1012 3663 1065 3724 ubi
1079 3672 1288 3744 protestantica

203 3758 308 3837 pestis
317 3757 443 3832 grassari
453 3757 551 3835 cepit,
562 3757 667 3817 eadem
677 3758 720 3817 rei
731 3756 812 3817 cirili
825 3766 856 3817 et
869 3758 993 3838 politice
1004 3763 1097 3823 simul
1111 3771 1141 3824 et
1151 3766 1288 3844 religioni

201 3859 325 3917 tiamne
338 3855 528 3917 acerbissima
541 3857 654 3916 intulit.

255 3958 350 4014 l’aes.
364 3958 394 4013 2³
411 3970 510 4015 rans:
531 3956 699 4015 buceritas
713 3953 911 4016 ecclesiastica
936 3965 979 4017 est
990 3960 1062 4037 jure
1080 3961 1183 4025 divino
1203 3982 1288 4045 pror-

200 4072 265 4114 sus
289 4054 490 4133 independens
504 4055 593 4115 etiam
609 4056 642 4114 in
660 4054 749 4115 rebus
764 4054 961 4117 materialiter
975 4062 1201 4141 temporalibus,
1221 4082 1288 4142 que

202 4164 314 4215 tamen
326 4160 399 4214 arant
407 4152 581 4233 formaliter
595 4154 775 4233 spirituales.

250 4254 668 4315 eminuere-Formantm
684 4255 854 4333 spirituales
866 4256 997 4321 dicimus
1013 4278 1061 4323 res
1075 4282 1128 4343 per
1147 4282 1178 4327 se
1193 4274 1285 4327 mola·

201 4354 301 4416 riales
313 4368 383 4431 que
396 4360 469 4414 sunt
479 4352 582 4416 divino
594 4353 691 4414 cultui
705 4354 840 4430 legitime
854 4362 1010 4435 uteunque
1024 4361 1159 4425 addictae.

252 4456 305 4515 Sic
320 4453 413 4531 igitur
422 4454 596 4515 brevissime
611 4458 665 4513 2¹⁸¹
679 4460 794 4533 partem
807 4455 972 4535 probamus
990 4474 998 4519 :
1016 4462 1184 4527 Auctoritas
1194 4471 1263 4531 eceli
1272 4503 1289 4518 -

206 4554 338 4617 siastica
354 4559 401 4615 cst
413 4554 568 4617 omoinoa
585 4554 713 4616 seculari
727 4561 867 4635 potestate
882 4556 1088 4637 independens
1101 4567 1198 4641 quoad
1221 4571 1288 4635 il'as

238 4752 278 4816 (el
296 4748 370 4816 aput
385 4747 556 4815 bareumi.
571 4753 624 4815 tte,
636 4764 663 4801 n.
676 4753 715 4802 tl.
