3559 5675
565 802 674 850 sonui.
698 818 737 836 ·-
757 803 841 850 crare
863 802 1053 852 nnonsnrnns.
1288 787 1341 850 cti

273 912 355 971 sorus
367 909 478 972 eredita
490 910 643 986 religionis
656 927 690 970 ac
703 910 865 989 spiritualis
877 911 1026 970 societatis
1037 911 1189 970 interitum
1204 910 1345 990 paulatini

271 1011 325 1069 sed
341 1011 508 1070 necessario
521 1009 626 1086 gignit.

315 1110 352 1168 tt.
379 1107 472 1168 llulto
491 1113 590 1166 antem
613 1105 781 1168 evidentius
802 1107 983 1184 intelligitur
1005 1109 1145 1186 religiosa
1167 1111 1288 1170 societas
1316 1111 1347 1170 iu

271 1221 430 1269 summam
452 1206 615 1284 perniciem
633 1222 667 1265 ue
680 1206 778 1266 multo
793 1207 880 1266 eitius
894 1207 1077 1286 prolapsum.
1093 1207 1118 1266 si
1142 1208 1173 1266 in
1191 1208 1348 1284 utriusque

271 1304 424 1365 societatis
444 1311 533 1380 atque
553 1304 734 1364 auctoritatis
748 1304 947 1382 permixtione
967 1305 1123 1384 prevaleat
1137 1305 1261 1366 societas
1276 1311 1349 1366 tem-

270 1404 439 1482 poralis,ita
451 1409 485 1461 ut
496 1401 601 1463 eadem
617 1419 822 1479 personaque
836 1403 945 1463 laicam
959 1408 1132 1480 potestatem
1145 1403 1233 1478 gerit,
1248 1419 1349 1462 rerum

271 1508 367 1566 etiam
380 1505 587 1583 spiritualium
595 1503 702 1563 habeat
713 1510 898 1582 potestatem.
912 1506 995 1565 Tunc
1006 1506 1088 1564 enim
1098 1505 1202 1564 ordine
1215 1512 1274 1568 toto
1287 1506 1348 1584 spi·

272 1609 392 1684 rituali,
408 1609 557 1683 rebusque
570 1623 605 1666 ae
621 1605 764 1666 doctrinis
778 1613 807 1666 et
819 1607 955 1685 personis
966 1606 1002 1667 ad
1016 1606 1098 1668 hune
1110 1607 1247 1668 ordinem
1262 1611 1352 1686 perti·

272 1707 420 1768 nentibns
432 1708 573 1767 abutetur
594 1706 647 1764 illa
660 1705 826 1766 certissime
847 1707 880 1766 in
894 1721 970 1766 usus
984 1705 1026 1765 rei
1041 1703 1225 1786 temporalis,
1240 1706 1350 1777 civilis,

273 1802 667 1882 administrativae.politicae
676 1809 706 1864 et
716 1802 904 1879 huiusmodi.
916 1805 975 1878 Qui
985 1805 1066 1864 enim
1076 1804 1190 1883 aliquid
1201 1811 1354 1883 tamquam

274 1918 457 1984 supremum
479 1919 571 1962 suurn
589 1902 681 1962 finem
696 1904 898 1981 persequitur,
917 1902 1029 1963 ceteris
1043 1902 1185 1963 omnibus
1200 1903 1296 1963 utitur
1317 1913 1351 1965 ut

273 2001 383 2062 mediis
403 1999 440 2062 ad
455 2001 532 2061 illud
545 2017 643 2060 unum
656 1999 866 2062 obtinendum.
883 2002 962 2077 Ergo
979 1997 1115 2078 potestati
1136 2000 1218 2061 civili
1232 2018 1265 2062 ac
1282 2008 1354 2062 tern-

275 2104 375 2183 porali
390 2105 416 2163 si
436 2120 539 2164 rerum
553 2119 675 2180 quoque
687 2101 890 2182 spiritualium
911 2118 984 2163 cura
1004 2102 1215 2180 demandetur,
1236 2103 1353 2165 haeres

274 2200 449 2279 spirituales
460 2201 513 2260 illa
527 2199 683 2259 adhibebit
692 2206 848 2276 tamqnam
858 2199 958 2259 media
967 2200 1104 2276 quedam
1118 2208 1147 2261 et
1156 2203 1355 2263 instrumenta

272 2301 312 2360 ad
334 2316 382 2358 res
403 2297 583 2376 temporales
605 2295 819 2374 comparandas
832 2296 931 2355 utilia.
948 2297 1037 2373 Atqtd
1052 2296 1227 2357 haeresum
1241 2314 1275 2359 ac
1290 2315 1341 2376 per

275 2413 420 2459 sonarum
436 2395 643 2475 spiritualium
656 2395 782 2471 dejectio
805 2401 835 2456 et
856 2395 985 2455 servitus
1012 2400 1057 2454 est
1079 2396 1179 2455 omnis
1199 2396 1353 2472 religionis

275 2493 445 2556 immediata
458 2502 489 2554 et
508 2491 688 2552 uaimsctis
701 2493 866 2554 subversio.
883 2493 959 2552 llam
978 2490 1131 2566 religionis
1143 2491 1298 2568 proprium
1310 2501 1355 2552 est

276 2595 458 2674 temporales
473 2609 520 2653 res
531 2609 637 2654 omues
651 2591 688 2651 ad
704 2594 800 2652 Deum
811 2591 941 2668 dirigere
953 2607 987 2652 ae
997 2589 1179 2669 perducere;
1194 2607 1247 2669 per
1267 2591 1353 2652 illam

283 2701 384 2754 antem
404 2693 580 2751 servitutem
599 2707 647 2750 res
665 2692 765 2750 omnis
783 2690 922 2766 religiosa
935 2689 972 2750 ed
987 2705 1034 2750 res
1051 2690 1230 2768 temporales
1251 2687 1355 2752 subor-

274 2799 413 2863 dicatur.

316 2900 409 2975 Ergo,
422 2899 485 2959 sive
498 2897 665 2977 spiritualis
678 2902 806 2975 potestas
821 2897 885 2956 siue
900 2896 1070 2975 temporalis
1084 2898 1117 2956 in
1132 2897 1182 2958 illa
1193 2898 1351 2973 utriusque

276 2998 431 3059 societatis
446 2996 623 3057 contusione
632 2995 803 3074 prevaleat,
816 3010 934 3072 semper
949 2994 1054 3071 religio
1066 2996 1103 3055 ad
1115 2998 1270 3059 interitum
1282 3018 1351 3079 per-

270 3098 412 3171 ducitur3
437 3099 566 3175 semper
585 3094 656 3153 tinis
680 3093 845 3172 spiritualis
868 3092 1027 3153 hominum
1059 3094 1256 3156 contunditur
1280 3114 1349 3157 coru

271 3210 381 3255 eorum
398 3196 458 3253 tine
471 3192 643 3269 temporali,
658 3194 737 3251 sieut
754 3190 850 3251 amba
866 3192 1032 3265 societates,
1049 3190 1213 3269 spiritualis
1227 3209 1262 3253 ac
1279 3203 1298 3253 tr
1307 3213 1350 3254 nr·

271 3287 400 3373 poralis,
420 3292 652 3370 permiscentem
675 3304 793 3366 semper
806 3290 934 3349 ultimus
949 3290 1109 3351 hominnm
1124 3290 1192 3351 linis
1206 3291 1348 3351 oblivioni

271 3391 416 3465 traditur,
430 3387 571 3450 omuibus
586 3402 690 3447 eorum
704 3387 785 3446 euris
804 3386 841 3447 ad
865 3389 956 3447 tinem
971 3389 1166 3466 temporalem
1181 3392 1344 3457 conversis:

271 3506 393 3567 semper
412 3488 544 3563 deniqne
553 3486 616 3560 liet,
628 3492 663 3545 ut
676 3486 801 3546 societas
815 3485 957 3562 religiosa
970 3485 1067 3547 serius
1080 3490 1163 3563 opius
1176 3489 1348 3565 exstingua-

272 3606 337 3666 tur,
351 3606 492 3671 nppressa
512 3595 543 3650 et
555 3587 779 3666 quodammodo
790 3589 929 3667 absorpta
941 3608 959 3649 a
972 3590 1110 3651 sociante
1120 3590 1212 3651 cirili.
1225 3622 1265 3637 -
1275 3594 1348 3666 Quae

269 3687 684 3753 saneomniaunirersalisac
694 3694 835 3763 perpetua
845 3688 1029 3763 experientia
1039 3690 1170 3749 maxime
1180 3688 1346 3751 confirmat.

315 3791 366 3849 lll.
389 3786 482 3864 Atqui
498 3789 564 3863 jam
580 3784 719 3863 superins
744 3784 903 3862 probatum
917 3793 962 3844 est
984 3787 1196 3861 erreligionis
1218 3788 1348 3863 publicis

269 3888 396 3949 damnis
409 3885 457 3945 rel
472 3884 595 3943 interitu
609 3882 787 3957 gravissima
802 3883 891 3942 etiam
914 3882 994 3943 civili
1016 3884 1147 3943 societati
1170 3885 1347 3949 detrimenta

268 4003 306 4049 ac
318 3998 492 4065 supremam
508 3981 593 4041 illius
605 3981 768 4060 perniciem
782 3983 949 4042 nemesario
962 3982 1102 4058 consequi
1117 3980 1220 4058 (1349,
1235 3985 1285 4061 ll).

312 4087 391 4160 Ergo
409 4082 567 4157 utriusque
579 4080 731 4160 potestatis
744 4078 890 4156 religiosas
909 4086 938 4141 et
959 4078 1040 4141 laice
1059 4080 1089 4139 in
1102 4079 1208 4141 eadem
1222 4098 1347 4160 persona

267 4182 447 4261 conjunctio
455 4179 537 4239 ducit
546 4181 727 4253 necessario,
740 4178 851 4239 directe
862 4178 986 4255 quidem
999 4186 1028 4237 et
1041 4178 1213 4239 immediate
1225 4181 1262 4241 ad
1277 4184 1346 4243 reli-

266 4289 363 4363 giosae
377 4279 524 4341 societatis
536 4278 672 4348 exitium,
686 4277 815 4339 mediate
830 4297 900 4340 vero
912 4278 946 4339 ad
959 4280 1056 4340 civilis
1083 4280 1176 4357 ipsius
1198 4282 1346 4343 societatis

262 4393 503 4462 srsbvertinnem.

311 4501 401 4573 Ergo,
415 4490 561 4569 qnoniam
575 4504 611 4546 ex
624 4490 739 4545 natnrte
756 4480 862 4540 ordine
881 4488 1010 4557 utraque
1022 4478 1144 4541 societas
1160 4480 1247 4543 debet
1262 4484 1344 4545 salva

262 4596 442 4667 consistere,
457 4587 604 4652 naturalis
616 4598 718 4645 rerum
730 4580 803 4641 ordo
816 4580 960 4658 postulat,
983 4585 1016 4637 ut
1033 4579 1235 4657 spiritualium
1249 4592 1343 4663 potes.

261 4708 311 4759 tas
333 4712 351 4755 a
371 4692 516 4772 potestate
538 4685 685 4758 civilium,
706 4678 844 4755 religiosa
862 4678 984 4738 metens
998 4694 1015 4737 a
1029 4678 1165 4741 societate
1187 4678 1263 4741 laica
1283 4684 1343 4743 siut
1368 4678 1376 4687 ”

262 4793 392 4856 omnino
407 4787 562 4849 distincte.
1167 4876 1177 4941 Ι

387 4904 420 4953 n.
1145 4881 1159 4951 p
