3559 5675
569 768 678 817 sursus.
708 787 741 798 ·-
764 767 850 814 usus
868 767 970 814 nonus.
1245 753 1313 819 let

264 875 326 947 lum,
339 873 443 934 intimes
456 876 603 952 nullisque
620 874 806 952 exponentis
817 875 988 951 subjeetum
1008 890 1017 934 ε
1030 875 1109 952 quod
1123 876 1235 938 leolum
1246 895 1314 956 pos-

263 973 436 1050 suntquidem
447 973 1005 1053 poeteluterdnmperlistamaliqusm
1015 991 1174 1055 personam
1181 978 1214 1037 in
1224 978 1314 1038 tlrea-

263 1072 306 1132 tris
317 1071 449 1150 indelati3
463 1081 495 1134 at
508 1075 756 1136 nenorensem
769 1074 836 1136 lasti
856 1082 988 1136 evertere
1002 1076 1117 1153 nequit.
1131 1078 1232 1157 llujus
1243 1078 1313 1140 leoli

262 1171 391 1232 urinum
401 1173 461 1234 duo
471 1173 624 1234 evidenter
635 1173 831 1236 oonlirmaut:
846 1175 993 1249 Primum,
1004 1176 1084 1252 quod
1096 1174 1315 1254 indelinquen-

261 1268 324 1330 lilus
335 1271 402 1349 ipsis
410 1271 527 1350 judidio
540 1272 689 1333 damnetis
700 1273 814 1350 passim
831 1272 962 1335 adsidere
976 1273 1125 1336 ridemus.
1140 1274 1219 1336 Satis
1230 1278 1314 1340 enim

259 1369 380 1432 sslelioss
391 1371 654 1444 existimauerim
665 1388 811 1432 caruerem
822 1371 869 1434 rel
880 1371 919 1432 ed
932 1373 1068 1433 triremes
1083 1374 1118 1434 iu
1133 1380 1313 1453 perpetuum

259 1467 429 1545 monemur,
444 1472 535 1536 modo
548 1487 666 1551 pressam
678 1470 836 1551 ospitalem
850 1469 1009 1548 effugiant.
1020 1472 1203 1535 Ethomiuss
1215 1476 1314 1554 perdi·

258 1568 366 1630 tissimus
384 1576 474 1648 atque
494 1571 721 1646 audacissimos,
744 1572 797 1649 qul
819 1573 851 1632 in
872 1573 987 1651 rapinis
999 1571 1178 1634 saratinus
1199 1575 1313 1636 multos

256 1683 333 1728 meos
351 1671 456 1732 versati
478 1671 602 1746 luerint,
621 1671 735 1751 pallere
755 1679 855 1732 tamen
878 1678 909 1732 et
928 1671 1156 1733 contremiscere
1172 1679 1203 1733 et
1212 1675 1316 1736 animo

256 1763 360 1828 delicere
381 1767 538 1839 ridemus,
559 1786 657 1847 quum
685 1769 819 1850 ospitalis
840 1770 990 1832 sementia
1016 1769 1080 1830 illis
1101 1769 1319 1852 denuntiatur„

255 1863 334 1926 multo
345 1867 433 1930 etiam
444 1868 542 1944 meme
556 1885 653 1946 quum
665 1868 701 1929 sd
716 1869 872 1948 capitalem
891 1864 1312 1948 munnam‘sxseqmudam

255 1971 357 2054 reulum
370 1967 471 2030 luerit.
495 1969 629 2046 Denique
644 1969 780 2048 plerique
796 1968 955 2030 facinorosi
968 1969 1063 2048 oepite
1073 1969 1206 2030 damnati
1217 1986 1314 2050 poeun

253 2068 499 2132 immutationem
523 2069 555 2128 in
581 2073 755 2148 perpetuam
783 2069 819 2130 sd
848 2069 987 2130 triremes
1016 2068 1256 2146 damnationem,
1278 2078 1315 2132 ut

253 2167 393 2230 muleram
402 2169 546 2245 gratiam,
557 2174 730 2248 exposcunt.

283 2265 387 2344 lluplex
408 2273 554 2346 preterea
572 2269 647 2329 ratio
670 2269 765 2346 hujus
787 2267 856 2328 laeti
878 2266 1036 2328 manifeste
1057 2273 1112 2327 est.
1136 2269 1212 2330 Nam
1230 2270 1258 2328 1.
1274 2284 1312 2328 ex

252 2362 374 2426 iustiuutu
394 2366 460 2442 illo,
476 2367 514 2428 de
535 2384 595 2445 quo
613 2377 712 2448 nuper
729 2366 874 2440 diximus,
888 2366 979 2426 homo
998 2371 1105 2443 preter
1124 2365 1311 2428 sensuum

252 2462 285 2522 nil
298 2473 386 2542 potest
398 2483 488 2544 reque
498 2469 692 2547 aoproprlam
706 2467 801 2526 vitam
811 2481 924 2532 amare.
938 2468 968 2525 2.
982 2463 1136 2538 Quamdiu
1145 2465 1310 2542 quieririt,

250 2577 350 2642 semper
363 2571 461 2645 potest
479 2567 573 2628 roniae
591 2584 645 2628 seu
662 2566 766 2643 qratia
780 2565 837 2626 sibi
851 2564 937 2626 mille
959 2564 1058 2626 modis
1075 2563 1203 2643 alieuius
1225 2582 1310 2644 spem

250 2657 341 2737 inmte,
357 2672 451 2742 potest
459 2665 565 2741 lugam
577 2665 635 2726 sibi
650 2666 803 2744 polliceri3
820 2671 916 2746 potest
927 2663 1064 2747 politicos
1074 2670 1184 2740 motus,
1198 2665 1311 2742 qrrilrus

248 2773 358 2826 nroeres
371 2765 556 2845 aperiantur,
570 2772 666 2845 potest
678 2765 815 2846 supplloii
826 2767 878 2830 ,sui
896 2766 1116 2843 mitigationem
1129 2766 1310 2845 per-lueres

249 2874 273 2919 se
284 2860 362 2933 lauta,
376 2864 425 2927 sel
439 2864 481 2927 ob
502 2864 611 2927 bouem
626 2867 719 2927 vllam
738 2883 757 2927 s
774 2882 806 2927 se
820 2871 930 2942 sotem,
943 2880 1075 2943 sperare.
1089 2868 1139 2941 st,
1156 2865 1210 2926 ulri
1221 2882 1310 2943 prena

248 2960 362 3037 capitalis
381 2963 499 3025 iulliels
516 2965 618 3040 sit‚.ds
635 2964 689 3027 illo
708 2964 903 3042 delinquente
923 2968 1023 3027 adum
1042 2964 1134 3024 estin
1148 2968 1308 3040 neruum,

249 3059 317 3121 uuila
337 3067 380 3123 est
401 3079 498 3142 prenae
521 3064 693 3142 mitiganda
714 3081 782 3143 spes
802 3064 933 3140 reliqua,
952 3062 1114 3140 desperata-
1128 3078 1253 3141 prornrs
1273 3079 1311 3126 ea

247 3171 386 3227 causaest.

279 3262 473 3343 ueterisque
493 3264 737 3343 delinquentibus
754 3273 921 3344 perpetuus
935 3280 1036 3327 oaroer
1053 3263 1099 3325 rel
1117 3269 1259 3343 perpetua
1270 3265 1309 3325 sd

248 3362 367 3427 ldtemes
387 3364 543 3427 damnatio
562 3382 755 3447 nequaquam
775 3366 874 3444 gravis
893 3364 1057 3430 admodum
1076 3364 1194 3442 punitio
1212 3364 1307 3427 videri

246 3458 320 3522 debet
338 3482 371 3527 ae
392 3466 479 3527 solet.
503 3467 578 3527 Nem
603 3466 752 3545 plerique,
773 3466 810 3527 sd
829 3465 937 3527 delleta
961 3462 1106 3543 patranda
1132 3467 1307 3543 paupertate

247 3557 368 3639 impulsi,
380 3571 545 3643 autequam
559 3565 682 3645 publiea
694 3582 784 3644 plane
795 3566 1052 3642 slllsisutur,1'am
1065 3580 1179 3626 nomeu
1189 3564 1309 3625 seeleri·

248 3654 293 3720 ltus
309 3662 418 3725 iulame
433 3670 465 3725 el
474 3680 582 3742 eorpus
596 3664 632 3725 ed
645 3664 774 3729 dolores.
787 3665 927 3727 animum
936 3664 974 3725 ad
989 3678 1141 3725 erumnas
1152 3668 1308 3726 assuetum

247 3754 352 3821 halem.
363 3764 479 3838 Quare,
493 3764 519 3825 si
534 3764 572 3829 ob
583 3764 702 3827 dolores
712 3772 803 3843 atqrrs
813 3780 964 3827 erumnas
976 3762 1310 3841 quibuspremslraulur

246 3860 331 3927 gravis
346 3878 380 3922 ae
393 3863 521 3925 moleste
532 3864 592 3925 illis
606 3865 664 3925 sits
678 3870 746 3927 ento
758 3863 985 3925 damnationem
999 3860 1094 3923 rideri
1108 3866 1232 3939 poteret,
1243 3865 1311 3939 pust

247 3955 455 4023 damnationem
474 3968 634 4039 perpetuus
649 3978 750 4029 ueroer
770 3964 873 4041 minus
892 3961 1034 4023 terribilis
1053 3976 1148 4036 quem
1167 3975 1250 4021 mors
1270 3956 1309 4019 ob

247 4056 365 4129 munior
386 4060 636 4125 eonsuetudinem
662 4062 821 4123 videbitur.
850 4061 950 4137 Ergo,
975 4061 1042 4121 sins
1061 4057 1166 4132 dubio,
1184 4057 1311 4135 ospitale

246 4158 415 4235 supplicium
431 4167 476 4221 est
489 4176 575 4239 poena
589 4162 726 4222 omnium
746 4162 935 4241 gravissima,
953 4155 1310 4235 adeoqueomniumelll·

247 4256 387 4321 seusina
399 4258 437 4319 ad
449 4259 589 4323 homines
603 4277 620 4323 s
634 4261 741 4325 delioto
751 4258 969 4323 absterrendos.

280 4356 312 4418 lt.
328 4359 419 4423 rens
429 4360 494 4438 oapi
499 4360 564 4421 tells
578 4365 625 4421 est
636 4361 698 4423 sola
711 4362 813 4423 elliesx
826 4362 861 4423 ad
874 4362 1047 4424 rosentem
1058 4364 1162 4420 eontra
1173 4357 1312 4435 graviora

248 4456 371 4529 qumlam
389 4459 497 4521 deliola
510 4460 692 4533 sufficienter
707 4450 1072 4525 ruendaml'tsm10hae
1087 4472 1189 4537 poesa,
1201 4462 1236 4517 ut
1247 4474 1312 4519 nu-

248 4568 292 4627 per
310 4558 506 4635 ostendimus,
530 4566 575 4621 est
589 4578 624 4621 ea
638 4576 729 4637 quam
751 4562 889 4622 omnium
913 4561 1046 4621 maxims
1064 4557 1205 4619 homines
1225 4556 1314 4633 perti·

249 4663 385 4723 mesnrut.
406 4662 438 4721 2·
457 4660 646 4740 Experientia
660 4666 760 4723 tamen
772 4666 888 4726 oonsul
902 4661 997 4723 multa
1016 4658 1125 4738 pauori
1137 4654 1331 4738 iu-qualibet

251 4754 358 4829 purnes
376 4759 513 4825 serietate
534 4760 655 4834 delleta,
678 4777 745 4841 qua
767 4762 886 4841 mpitsli
909 4760 1060 4842 supptisio
1081 4756 1185 4838 puniri
1207 4770 1313 4817 omues
