3559 5675
433 707 496 769 ‘dtd
839 723 920 769 ιιιιιιι
939 719 1099 768 erroneus

431 831 497 894 eote
513 829 685 892 domestice.
702 833 777 910 Ergo
790 837 874 893 tento
884 829 1040 911 perfectior
1054 831 1110 892 erit
1120 832 1235 908 quorie
1247 831 1385 906 eedem,
1399 833 1513 908 quanm

430 931 612 1011 empliorom
622 931 771 992 eooiorom
781 947 988 992 nomerumee
999 931 1172 993 eontinebit.
1188 933 1279 1010 Ergo,
1291 937 1348 994 ete.

471 1038 504 1094 ι·
515 1035 582 1107 Quo
594 1034 904 1108 maioreeteooiorom
915 1035 946 1094 in
957 1043 1139 1112 unoquoque
1156 1033 1296 1098 moieteto
1307 1045 1514 1106 oumemm,eo

433 1137 547 1214 majore
558 1141 632 1194 eunt
644 1134 723 1196 bone
733 1133 772 1196 ed
785 1152 854 1213 que
867 1134 925 1196 eibi
937 1133 1136 1214 comparando
1148 1138 1245 1212 potest
1264 1133 1392 1194 sooietne
1411 1147 1514 1194 erenr-

431 1251 512 1312 gere.
529 1237 605 1299 Nom
620 1251 682 1313 qoo
695 1237 792 1312 major
807 1241 854 1297 eet
863 1235 1013 1298 eooiorum
1028 1249 1188 1308 numerus,
1202 1249 1239 1294 eo
1254 1235 1415 1310 mojor‘eet
1430 1247 1514 1293 men-

429 1338 507 1397 tium
520 1336 566 1396 rie
579 1342 609 1396 et
619 1333 804 1398 edioeoie-ed
816 1351 921 1397 rerum
933 1333 1161 1412 inquirendum
1176 1349 1212 1394 eo
1225 1333 1322 1409 molor
1335 1338 1383 1394 oet
1394 1332 1514 1393 serium

431 1440 476 1499 rie
487 1447 518 1499 et
527 1437 621 1501 robor
631 1437 669 1500 od
682 1436 1028 1507 voiuntateemorendee
1041 1452 1095 1517 por
1109 1434 1237 1516 poblioae
1250 1431 1412 1512 dignitatis
1421 1443 1453 1498 et
1465 1435 1514 1496 de·

432 1539 493 1600 oori
508 1554 632 1602 remum
645 1544 675 1599 et
686 1554 741 1619 por
752 1537 958 1618 exemplorum
976 1535 1146 1614 impulsum
1164 1551 1200 1596 eo
1211 1537 1310 1612 major
1323 1543 1371 1597 eet
1384 1537 1434 1599 rie
1450 1551 1514 1596 me·
1590 1537 1591 1548 ¹

429 1636 542 1698 torielie
559 1636 598 1698 ed
608 1635 754 1698 vincenda
766 1636 920 1698 obeteoole
930 1636 992 1698 eive
1004 1651 1022 1694 e
1036 1651 1141 1695 rerum
1162 1641 1281 1705 notore.
1298 1635 1362 1696 eive
1377 1633 1512 1698 ndeiieti

427 1736 715 1818 perturbationibus,
726 1735 790 1797 eive
803 1735 842 1796 eb
860 1735 993 1796 hortium
1011 1733 1183 1795 inooreibue
1196 1733 1417 1812 provenientia.
1438 1736 1514 1810 Ergo

430 1839 526 1914 major
539 1837 690 1899 eooiorum
702 1825 865 1897 multitudo
875 1841 921 1896 eet
931 1833 1065 1896 medium
1085 1832 1283 1913 peridoneum
1299 1833 1335 1894 nd
1349 1833 1454 1895 molto
1469 1851 1512 1894 so-

427 1936 515 1998 oielin
534 1936 615 2000 bone
631 1935 804 1999 obtinendo.
829 1937 908 2013 orgo
935 1934 987 1996 iilo
1006 1939 1051 1996 eet
1069 1935 1195 1996 omnino
1220 1933 1336 1996 bonum
1358 1934 1513 2012 quoddam

429 2037 548 2100 moiale.

468 2139 563 2200 Peon.
579 2141 612 2199 t·
622 2151 709 2214 rere.
726 2168 768 2182 -
784 2137 940 2198 soeiorom
963 2134 1125 2197 multitudo
1144 2151 1205 2196 non
1229 2139 1274 2196 eet
1297 2133 1362 2196 teie
1377 2134 1512 2216 honum,

428 2238 509 2319 quod
522 2238 689 2301 debeete'ut
700 2239 795 2318 poerit
807 2237 960 2298 indefinito
979 2237 1159 2317 promoveri,
1172 2234 1223 2297 sed
1239 2233 1340 2298 selom
1353 2236 1439 2300 intre
1449 2254 1515 2298 oer-

399 2418 403 2424 .
428 2346 466 2402 ιιι
474 2339 674 2420 proportionis
684 2337 806 2398 limites.
822 2337 899 2397 Nero
913 2335 1061 2396 sociorum
1074 2351 1221 2396 numeror
1231 2341 1277 2396 eet
1288 2351 1359 2413 pere
1374 2335 1516 2414 quodem

429 2437 592 2517 orgeniemi
603 2436 730 2501 eooieiie.
748 2437 840 2515 Atqui
852 2435 1060 2515 ouilibetperti
1074 2435 1232 2502 essentiale
1246 2441 1301 2513 oet,
1318 2441 1353 2496 ot
1366 2435 1405 2498 ed
1421 2443 1517 2498 totum

431 2539 595 2613 retentum
609 2537 745 2614 adeoquo
758 2552 828 2616 pere
840 2535 984 2613 quelibet
1002 2541 1075 2597 tone
1088 2535 1187 2598 nolum
1199 2535 1290 2611 bone,
1306 2553 1362 2598 eeu
1377 2543 1462 2601 reote
1473 2553 1517 2600 or·

431 2637 544 2708 dinato,
558 2635 905 2715 aequoreorum
921 2635 1039 2698 totalem
1054 2635 1161 2714 tendit,
1177 2634 1214 2698 od
1229 2651 1363 2714 eumque
1376 2637 1518 2700 obtinen-

431 2735 506 2796 dom
520 2741 619 2815 eptem
631 2751 702 2797 orm
711 2735 826 2796 euterio
839 2735 982 2796 omnibus
996 2734 1130 2815 parribus
1144 2739 1173 2796 et
1189 2748 1260 2796 oum
1274 2739 1336 2796 toto
1352 2738 1518 2816 proportio·

432 2851 504 2897 nem
526 2840 633 2897 serent.
656 2835 734 2913 Ergo
754 2836 903 2898 eooiorom
923 2834 1085 2897 multitudo
1101 2842 1172 2897 ιιιιιι
1192 2833 1386 2899 solummodo
1407 2840 1516 2901 eooiele

433 2935 548 2996 bonnm
562 2942 617 3012 eet,
632 2934 755 3013 qnando
767 2936 952 2997 oreeoitoom
969 2951 1054 3013 mque
1068 2936 1258 3016 proportione
1268 2935 1305 2996 ιιι
1318 2936 1459 3016 reliques
1475 2956 1516 3001 ro
1590 2930 1591 2935 ’

434 3032 519 3098 eiolie
532 3036 696 3111 orgrniemi
715 3041 827 3115 perteo,
841 3034 956 3098 scilieet
968 3034 1090 3115 quoodo
1103 3041 1133 3097 et
1150 3036 1274 3098 morulis
1293 3037 1340 3099 vie
1354 3038 1516 3116 eooietntin

434 3151 502 3213 que
515 3136 547 3200 in
564 3135 665 3197 eooieii
678 3134 877 3213 intelligentie
897 3141 927 3197 et
945 3135 1097 3198 voiontete
1111 3138 1256 3207 ooneierit.
1277 3136 1380 3200 adhue
1394 3148 1466 3220 opto
1476 3146 1516 3203 eet

434 3235 470 3297 od
492 3241 583 3297 totum
598 3234 827 3297 multitudinem
848 3236 1059 3299 oootinendem
1079 3244 1110 3297 et
1127 3238 1321 3321 movendam,
1340 3245 1373 3301 et
1396 3242 1516 3303 territo·

436 3336 529 3411 riom,
543 3334 646 3412 inquo
658 3334 712 3395 iile
725 3336 904 3412 extenditur,
921 3334 1072 3401 eodioiene
1086 3344 1131 3398 est
1142 3335 1179 3398 ed
1196 3342 1286 3399 totnm
1304 3336 1390 3403 iilum
1402 3348 1516 3405 noeten·
1590 3362 1591 3423 ι

436 3434 558 3495 undem
570 3434 817 3499 eonutriendem.
834 3437 923 3514 Atqrd
936 3440 1050 3497 oertom
1069 3436 1278 3500 mathematioe
1295 3446 1353 3509 ιιι·
1370 3418 1517 3504 territorio

436 3534 542 3613 utiquo
561 3532 759 3598 determinem
772 3554 834 3599 non
853 3553 940 3615 poene
959 3553 1124 3598 numerum
1141 3537 1309 3601 incolarum
1325 3539 1517 3605 indeiinitum

436 3634 582 3696 contineri
606 3638 696 3711 etque
720 3634 773 3695 eli.
799 3637 923 3697 iterelee
943 3642 1044 3699 eutem
1068 3636 1214 3698 rooietatie
1232 3638 1323 3711 vireo,
1345 3638 1518 3705 indefiniter
1590 3654 1591 3669 ¹

436 3733 571 3812 quidem,
584 3733 703 3795 lubente
713 3740 854 3815 tempore,
864 3752 1039 3815 progressus
1051 3738 1160 3801 hebere
1173 3746 1301 3819 porsont
1309 3754 1319 3817 ;
1333 3747 1365 3802 et
1379 3740 1518 3805 deterrui·
1590 3724 1591 3731 ἵ

437 3833 648 3921 netoqnodem
661 3842 794 3915 tempore
803 3836 950 3897 limitetur
959 3834 1064 3900 iisdem
1076 3837 1152 3899 inest
1162 3840 1208 3901 rie
1219 3838 1387 3903 oehibentie
1395 3843 1516 3919 medon.
1590 3902 1591 3913 ,

438 3934 517 4008 Ergo
525 3932 1039 3996 indefinitemuititudiniseooiorum
1048 3936 1457 4019 inerementesontreepecto
1468 3948 1519 4002 ter·
1590 3960 1591 4029 i

436 4031 532 4093 ritorii
543 4034 668 4093 omnino
679 4032 888 4112 impossibilia.
902 4034 1046 4112 Respecto
1059 4044 1159 4095 eurem
1169 4036 1281 4097 virium
1294 4038 1449 4101 eoeietntie
1463 4058 1520 4100 mo·

438 4130 782 4193 'retiumindeiioitohaeo
792 4132 975 4194 iooremente
987 4135 1017 4193 in
1028 4150 1118 4211 greve
1128 4134 1266 4211 ejusdem
1278 4138 1519 4203 eooietetiedenr-

438 4246 514 4293 num
527 4239 686 4307 verterent,
698 4233 753 4294 ubi
764 4232 904 4295 eooielem
915 4234 977 4294 vim
987 4234 1181 4314 exoederent;
1195 4238 1283 4299 eiouti
1296 4240 1389 4302 noxie
1401 4242 1517 4324 eorpori

320 4365 326 4371 -
437 4333 578 4407 organico
589 4338 634 4394 eet
649 4333 746 4393 nimio
757 4332 906 4410 ciborum,
922 4332 1086 4395 homomm
1099 4342 1129 4397 et
1145 4338 1340 4417 pinguedinis
1354 4340 1517 4406 obondam

441 4431 494 4504 tie,
506 4430 630 4507 quondo
643 4430 743 4491 vitalio
752 4431 848 4493 virtue
858 4431 920 4493 illie
934 4433 1065 4513 emplius
1077 4434 1225 4499 dominari
1237 4440 1354 4517 nequit

478 4530 584 4606 igitur,
596 4533 630 4589 ut
641 4531 739 4607 metor
755 4532 905 4591 eooiorom
917 4532 1080 4594 multitudo
1093 4534 1133 4595 eit
1146 4552 1252 4615 reapse
1266 4538 1382 4602 bonum
1396 4544 1512 4615 sociale,

438 4642 558 4689 nooeeeo
575 4632 620 4687 eet
638 4642 756 4704 equom
774 4630 994 4709 proportionem
1008 4632 1045 4691 ab
1059 4649 1095 4692 ee
1112 4637 1223 4695 serrari
1238 4639 1266 4696 1·
1277 4638 1316 4699 ed
1330 4638 1447 4703 bonum
1467 4660 1513 4703 eo-

436 4726 549 4789 oietetie
562 4725 735 4811 physicum,
749 4728 791 4789 ite
800 4735 835 4789 ut
844 4746 879 4791 ee
891 4729 1103 4811 multiplicatio¹
1118 4738 1359 4801 eatenus-solum
1373 4758 1511 4821 promue-
