3559 5675
477 726 536 787 :too
882 730 962 778 runis
981 728 1142 777 ursocius

475 847 639 915 societates,
655 844 718 903 sive
732 842 810 901 inter
827 856 932 901 aarum
946 839 1107 917 principes,
1120 842 1152 897 ut
1164 838 1247 913 tales,
1258 838 1427 900 intercedere
1437 837 1513 911 debet,

472 962 556 1007 amor
569 960 628 1005 uon
639 942 774 1004 consistit
793 942 826 1000 iu
844 956 946 1001 amore
964 938 1113 1016 personali
1130 938 1255 999 alterius
1274 940 1421 1019 principie,
1435 938 1476 999 sed
1491 939 1513 997 in
1579 1012 1580 1019 p

473 1044 602 1123 optando
615 1048 644 1104 et
663 1038 850 1120 procurando
870 1038 994 1098 alterius
1009 1038 1158 1098 societatis
1180 1038 1326 1101 universe
1347 1038 1515 1113 bennadiu-
1579 1032 1580 1049 ¹

472 1143 625 1207 dividuele
643 1140 834 1219 singulorum
847 1140 997 1203 sociorum
1010 1138 1124 1199 bouum
1143 1140 1289 1201 ordinato.

511 1250 566 1306 2⁰·
580 1245 615 1305 ln
629 1242 797 1322 principatu
809 1239 998 1302 monarchico
1013 1256 1093 1299 unus
1109 1240 1161 1300 illc
1176 1241 1229 1317 qui
1242 1240 1380 1302 socialem
1391 1240 1515 1301 airctoriu-
1579 1246 1580 1255 ’

472 1332 532 1406 tem
547 1351 639 1405 totam
653 1342 793 1422 possidet,
809 1348 855 1401 est
869 1340 926 1401 hoc
941 1340 1005 1420 ipso
1018 1340 1064 1419 vir
1079 1341 1111 1400 in
1126 1341 1261 1402 societate
1275 1348 1449 1421 prepotens:
1463 1343 1516 1401 stin
1579 1372 1580 1379 ι

470 1444 650 1524 polyarchia,
663 1441 743 1521 apud
757 1458 850 1519 quam
876 1446 1005 1520 potestas
1020 1439 1119 1501 omnis
1141 1441 1260 1520 politica
1275 1442 1308 1502 in
1322 1441 1516 1521 polyarcltarun

470 1548 619 1606 consensu
646 1543 765 1613 residet,
799 1541 914 1617 singuli
939 1540 1105 1619 polyarche
1128 1542 1245 1603 nullam
1266 1544 1400 1621 privatim
1422 1542 1517 1621 politice

469 1646 608 1725 potentie
622 1651 737 1722 partem
751 1642 873 1703 habent.
891 1642 967 1701 Hinc
981 1658 1052 1702 vero
1074 1640 1118 1717 iit,
1141 1646 1175 1701 ut
1190 1643 1363 1718 monarcha,
1376 1644 1405 1703 in
1417 1642 1517 1720 quibus·
1579 1626 1580 1633 ἶ

468 1746 539 1805 dam
553 1746 629 1819 suis,
654 1742 889 1803 individualibus
902 1742 1003 1820 potius
1026 1755 1120 1819 quam
1141 1744 1314 1816 socialibuS,
1332 1742 1432 1804 officiis
1445 1742 1517 1801 adin·

468 1844 599 1925 plcndis,
624 1844 718 1922 possit
741 1840 935 1918 quandoque,
962 1842 1125 1902 autetiam
1152 1840 1257 1903 debeat
1275 1844 1319 1903 uti
1341 1860 1376 1904 ea
1404 1842 1517 1922 potentia,

467 1960 559 2020 quam
574 1961 592 2003 a
605 1960 662 2003 suo
675 1942 844 2021 principatu
858 1940 970 2011 babet;
986 1941 1067 2019 quod
1085 1942 1207 2020 quidem
1228 1943 1449 2027 polyarcharum
1462 1940 1518 2001 nulli

468 2058 606 2120 unquam
627 2042 708 2102 licet.
730 2042 850 2102 Etenim
867 2041 1032 2101 monarcha
1051 2042 1176 2101 unicum
1197 2042 1388 2104 individuum
1408 2040 1518 2103 estouni

467 2144 652 2223 principatus
665 2143 837 2203 auctoritate
861 2140 989 2219 pollens.
1004 2143 1094 2219 Atqui
1109 2142 1141 2203 iu
1156 2142 1262 2204 officiis
1282 2146 1347 2205 suis
1362 2141 1520 2204 individuali·

467 2242 526 2303 bus
538 2241 699 2321 implendis
711 2240 798 2302 debet
811 2242 954 2318 quisque,
964 2244 1051 2319 juxta
1061 2240 1280 2303 individualem
1300 2262 1387 2305 suam
1399 2243 1520 2304 muscico-

467 2344 552 2421 tiam,
576 2344 655 2403 vires
677 2340 774 2403 officio
795 2357 851 2402 suo
865 2342 1101 2419 proportionatae
1116 2342 1269 2405 adhibere.
1287 2347 1384 2423 Ergo,
1404 2340 1519 2421 siquando

467 2441 652 2503 individuale
671 2440 805 2501 officium
820 2444 963 2519 majores,
980 2457 1074 2518 quam
1089 2458 1156 2521 qum
1176 2442 1293 2504 homini
1309 2444 1419 2524 privato
1432 2444 1520 2513 insunt,

466 2543 544 2604 vires
568 2548 597 2601 et
609 2541 775 2620 potentiam
788 2540 928 2619 postulet,
945 2540 1119 2616 monarcha,
1137 2543 1190 2619 qui
1211 2543 1291 2603 vires
1308 2560 1412 2605 omncs
1426 2541 1521 2604 sociales

469 2642 501 2701 in
515 2640 656 2705 menibus
669 2637 770 2713 habet,
784 2642 882 2715 potest
900 2640 1021 2717 utique,
1037 2640 1187 2701 interdurn
1203 2642 1293 2703 etiam
1316 2642 1412 2719 debet,
1429 2640 1522 2702 sociales

468 2742 541 2801 istas
562 2739 640 2798 vires
659 2744 689 2799 et
712 2738 876 2817 potentiam
900 2738 937 2797 ad
961 2740 1110 2819 privatum
1136 2748 1226 2818 atque
1248 2740 1432 2804 individuale
1453 2756 1521 2801 suun

469 2840 602 2902 officium
618 2839 806 2919 implendum
827 2839 983 2900 adhibere.
1005 2841 1043 2901 lit
1055 2840 1234 2920 polyarchae,
1257 2846 1402 2922 quoniam
1424 2841 1521 2905 sociales

469 2943 548 3003 vires
571 2955 702 3013 movere,
727 2939 786 3001 nisi
813 2957 866 3019 per
894 2940 1033 3002 socialem
1054 2957 1246 3022 consensum,
1264 2961 1329 3005 non
1353 2953 1476 3025 possunt,
1496 2941 1520 3002 ai

469 3042 592 3104 nullum
604 3041 757 3120 privatum
771 3057 862 3100 suum
876 3055 952 3120 opus
968 3042 997 3101 vi
1012 3041 1188 3120 publicanti
1203 3053 1341 3124 possunt.
1579 3099 1580 3118 ,

511 3143 641 3204 Conom
668 3141 699 3202 3.
716 3172 753 3186 -
767 3141 840 3213 Qua
867 3138 904 3200 dc
927 3141 1025 3217 primo
1046 3143 1126 3219 juris
1147 3145 1386 3210 internationalis
1407 3147 1523 3228 principio

470 3239 620 3330 diximus,
628 3242 693 3316 jam
716 3236 883 3314 sufficiunt,
898 3246 933 3298 ut
946 3238 1164 3317 intelligamus,
1183 3243 1220 3303 ad
1235 3263 1399 3322 quamnam
1414 3263 1523 3309 norman

469 3340 561 3416 dirigi
585 3337 709 3400 sociales
737 3353 842 3397 ornnes
865 3337 1093 3400 deliberationes
1113 3339 1262 3422 debeant,
1290 3349 1408 3424 quoties
1428 3347 1523 3408 coneus

472 3439 576 3516 aliqua
589 3435 687 3498 ioedus
698 3451 768 3496 cum
781 3436 839 3497 alia
852 3437 1055 3515 quodcunque
1065 3441 1152 3518 jungi
1158 3448 1176 3501 ι.
1191 3445 1284 3505 Debet
1298 3463 1404 3527 nernpc
1419 3447 1465 3508 illa
1474 3461 1524 3506 oon·

473 3533 626 3598 sideiare:
647 3537 676 3593 1⁰
690 3534 737 3594 dn
752 3534 944 3613 particulares
963 3536 1034 3595 novi
1055 3537 1175 3600 Ioederis
1200 3545 1386 3608 conditiones
1400 3548 1523 3628 politicam

473 3635 559 3696 illius
581 3635 677 3714 ipsiu's
690 3634 878 3695 existentiam
906 3635 1073 3714 perficiant,
1097 3639 1211 3715 majora
1233 3643 1277 3702 illi
1300 3643 1525 3727 mediasuppedi·

474 3733 576 3806 teudo,
592 3733 703 3810 quibus
717 3750 842 3792 suorum
861 3732 1034 3794 felicitatem
1050 3753 1206 3814 procurare
1228 3745 1338 3823 possit3
1353 3779 1388 3790 -
1400 3751 1430 3806 ‘2¹¹
1444 3750 1523 3805 Utrun

475 3831 586 3894 eedem
602 3832 661 3892 ille
671 3831 857 3893 conditiones
870 3831 962 3892 utiles
984 3834 1092 3896 futura
1106 3839 1165 3898 sint
1177 3839 1212 3899 ed
1230 3843 1422 3920 perficiendas
1434 3845 1524 3926 polico
1579 3827 1580 3844 ἦ

475 3948 525 3992 eae
536 3933 699 4001 societates,
715 3931 897 4007 quibuscum
913 3947 989 3994 novo
1004 3933 1113 3995 ioedere
1126 3941 1333 4018 conjungitur,
1350 3945 1390 4004 ita
1404 3951 1434 4004 ut
1446 3949 1524 4005 auen

476 4033 579 4092 ritates
588 4031 717 4109 singulis
727 4048 832 4092 carum
842 4033 984 4112 protectae
998 4051 1058 4094 non
1068 4035 1103 4095 ad
1114 4053 1218 4098 earum
1228 4040 1440 4117 damnum,sed
1450 4041 1525 4121 polius

477 4131 515 4193 ad
530 4133 692 4210 positivum
705 4148 810 4192 earum
824 4132 938 4192 bonum
959 4139 1132 4212 spectatura
1150 4138 1316 4202 videantur.
1335 4145 1395 4203 lloc
1408 4144 1480 4203 euim
1493 4147 1525 4198 cst

475 4234 660 4311 precipuum
672 4220 847 4306 discrimen,
865 4247 926 4309 quo
940 4249 1024 4292 arnor
1039 4234 1116 4294 inter
1133 4235 1290 4299 individua
1304 4239 1342 4300 ab
1359 4257 1454 4302 amore
1467 4241 1524 4298 iuter

474 4332 628 4391 societates
642 4327 753 4404 differt,
763 4345 781 4388 a
790 4330 907 4390 diversa
920 4347 1115 4409 personarum
1129 4339 1340 4410 associatorum
1358 4348 1458 4400 natura
1472 4353 1523 4416 pro·

473 4431 609 4489 veniens.
622 4427 741 4488 Etenim
752 4428 783 4487 in
791 4444 919 4508 persons
928 4431 1048 4509 physice
1056 4449 1130 4508 una,
1139 4424 1355 4518 quum'corpus
1364 4439 1443 4499 omni
1454 4451 1524 4496 seusu

475 4530 675 4608 perseipsum
686 4531 1225 4608 careat,u11icusestseusus,uuicum
1237 4540 1395 4599 consilium
1407 4541 1435 4616 in
1446 4538 1525 4598 anima

475 4627 621 4705 residens;
634 4627 780 4706 adeoque,
787 4630 884 4706 siquis
893 4632 945 4690 uni
956 4629 1078 4710 physico
1088 4651 1221 4711 persone
1230 4638 1344 4716 plaeere
1351 4643 1468 4722 querat,
1475 4637 1525 4710 ejus

476 4727 689 4806 uniosbonum
703 4729 939 4810 comparandum
953 4731 1065 4793 illicet.
1080 4735 1117 4794 At
1127 4735 1159 4794 in
1170 4753 1297 4815 persona
1306 4739 1422 4813 morali,
1433 4752 1490 4814 oue
1500 4749 1526 4792 cr
