3559 5675
553 760 659 807 sousa
684 780 720 791 -
745 763 829 809 curu
851 760 1020 807 consolaus.
1265 748 1328 812 lid

242 864 360 926 ordinis
373 869 403 925 et
416 864 537 940 iustitiae
555 864 667 927 bonum
690 868 870 947 sibipariter
893 864 1129 943 comparandum
1151 868 1328 931 naturaliter

242 967 497 1041 conjunguntur:
512 964 568 1025 hoc
578 971 679 1027 autam
689 966 872 1047 principium
881 971 927 1027 est
937 966 1095 1026 securitas
1119 967 1185 1046 ipsa
1200 970 1328 1031 atltnar·

242 1067 342 1128 chira.
350 1067 543 1143 nequeenim
553 1066 634 1127 credi
645 1066 891 1145 potestdreatoris
902 1064 1101 1140 Providentia,
1116 1083 1185 1144 quae
1196 1068 1327 1133 duorum

243 1168 436 1244 litigantium
454 1166 680 1229 individuorum
694 1186 742 1229 res
764 1168 953 1247 pecuniarias
963 1167 1080 1243 exiguis
1091 1183 1197 1231 eorum
1211 1172 1330 1235 viribus

242 1267 321 1328 solis
331 1266 503 1345 permittere
522 1267 630 1341 noluit,
647 1269 778 1343 maxima
791 1268 882 1343 hona,
896 1283 1013 1345 paoem,
1032 1268 1174 1343 salutem,
1187 1272 1330 1333 securita-

243 1375 309 1427 tem
333 1366 471 1445 plurium
494 1367 651 1429 nationum
676 1368 850 1446 prevalenti
878 1367 920 1442 ri,
945 1364 1085 1443 quamvis
1110 1367 1328 1451 injustissima,

243 1465 433 1547 permisisse.
511 1499 515 1510 «
1307 1509 1316 1528 ,

288 1569 333 1628 Ex
346 1566 460 1644 quibus
478 1568 621 1629 omnibus
643 1567 706 1629 haee
722 1568 783 1629 duo
801 1567 880 1629 liunt
898 1566 1081 1627 mandesta:
1101 1564 1154 1626 1⁰⁸¹
1175 1566 1330 1631 consterni

244 1668 411 1727 nationum
436 1667 512 1727 lacto
538 1668 729 1727 ratiocinium
752 1666 830 1729 illud
854 1665 1026 1729 confirmari
1050 1683 1112 1745 quo
1133 1667 1331 1732 ethnarchicoe

246 1766 433 1827 auctoritatis
453 1761 641 1826 existentiam
667 1766 865 1829 ostendimus.
882 1764 941 1824 ψ)
962 1768 1027 1827 llou
1049 1751 1154 1827 solum
1170 1754 1330 1829 nationum

244 1866 464 1926 assmiatarum
476 1864 579 1941 otlioii,
592 1865 642 1927 sed
654 1866 743 1927 otiam
753 1882 854 1927 earum
870 1868 1010 1929 maxima
1018 1866 1157 1927 utilitatis
1168 1884 1246 1942 essa,
1260 1884 1333 1930 auo

247 1965 361 2025 toritati
376 1964 574 2027 ethnarchicre
587 1965 685 2027 favore
696 1972 727 2026 et
737 1968 886 2046 cooperari
900 1972 966 2026 tum
982 1964 1020 2027 ad
1033 1950 1330 2044 populorumrelt'el·

247 2064 346 2125 liones
364 2064 552 2137 cotteanum,
575 2071 641 2127 tum
659 2064 695 2125 ad
721 2066 894 2145 principum
911 2061 1328 2153 tyranrt'idam'comprimen·⁴

248 2164 332 2225 dam.
1289 2222 1296 2233 ,

288 2266 424 2325 Cosam
442 2268 471 2325 2.
496 2296 536 2309 -
550 2265 711 2327 Generales
725 2266 775 2326 hic
795 2264 974 2344 applicando
995 2265 1088 2340 legas,
1103 2282 1181 2342 quas
1194 2266 1329 2345 libroda,
1366 2274 1370 2280 '

248 2364 286 2424 de
300 2364 443 2423 sociatus
451 2363 557 2440 quavis
566 2351 729 2441 composita
742 2363 909 2439 loquentes,
922 2362 1085 2422 statuimus
1093 2370 1129 2443 (c.
1144 2364 1177 2437 6,
1189 2380 1218 2422 a.
1233 2367 1275 2439 2),
1287 2364 1332 2431 la-

250 2462 514 2529 citedelucuutur
523 2462 739 2539 leges,quibus
746 2459 839 2523 civica
850 2460 1049 2523 othoarchica
1057 2463 1243 2523 auctoritatis
1255 2463 1333 2523 actio

249 2578 358 2640 parere
383 2560 481 2638 deltet,
494 2560 531 2622 ad
545 2561 705 2621 nationum
726 2543 975 2637 mosooiatarum'
987 2560 1134 2621 unitatem
1147 2575 1330 2622 conservan-

250 2662 334 2723 dam.
613 2684 634 2713 ·.
794 2710 796 2715 .
1261 2683 1265 2689 ·

293 2764 333 2821 l·r
347 2761 475 2839 Scilicet,
485 2761 569 2821 omni
578 2760 692 2829 ¹tttttioui
701 2759 829 2821 liberum
841 2759 952 2821 virium
961 2758 1243 2835 omniumlegitime
1253 2762 1334 2839 apud

250 2863 339 2924 illam
351 2863 580 2922 consitutarum
592 2861 769 2923 exercitium
779 2860 884 2944 tutari,
896 2858 1112 2937 sedquoslilt'et
1124 2859 1218 2920 omui
1229 2877 1334 2920 earum

250 2977 394 3027 excessus
408 2961 554 3039 impedire
568 2961 655 3022 debet
669 2959 850 3038 (ticino).
870 2966 872 2974 '
978 3009 981 3016 .
1094 3029 1097 3034 ,

292 3065 327 3122 2·
350 3062 560 3122 Auctoritatem
573 3077 635 3138 qua
647 3074 837 3137 unaquaque
849 3057 1065 3134 natioregitur,
1077 3058 1202 3118 honeste
1214 3057 1334 3133 lrabeat,

250 3177 457 3239 congruasque
474 3177 544 3237 arga
565 3159 648 3222 illam
672 3159 867 3224 sommantio
888 3173 1047 3234 nunquam
1066 3157 1157 3230 desit,
1170 3157 1335 3236 prasertim
1393 3233 1396 3236 ἦ

251 3259 378 3340 wando
390 3257 474 3320 illius
487 3266 582 3321 errata
595 3258 767 3336 castiganda
780 3255 959 3334 suatim).
1269 3328 1272 3332 ¹

294 3361 328 3421 3·
351 3359 517 3422 Efficaoitar
536 3359 616 3422 vitiis
635 3358 826 3436 singularum
847 3357 1006 3425 nationum
1020 3362 1166 3431 occurrat,
1180 3355 1337 3442 alliciendo

252 3467 287 3520 ut
300 3478 319 3520 a
334 3459 507 3539 particulari
529 3459 612 3526 illius
625 3459 799 3520 auctoritate
818 3463 984 3536 opportune
999 3457 1052 3519 illa
1071 3463 1101 3527 et
1121 3443 1338 3534 cognoscantur
1363 3460 1365 3462 ’

252 3567 282 3622 et
298 3560 489 3635 corrigantur
502 3560 586 3636 (720,
605 3556 688 3638 725).
835 3569 837 3573 “
1352 3580 1355 3585 ’

295 3657 329 3718 4⁰
351 3659 428 3720 Suae
441 3673 546 3722 omnes
558 3659 666 3735 agendi
676 3658 806 3720 rationes
818 3662 860 3721 ita
874 3657 1059 3733 moderetur,
1069 3657 1180 3718 utillae
1190 3657 1228 3718 ad
1243 3657 1336 3723 finem

253 3774 351 3837 quem
366 3759 433 3837 ipsa
446 3762 576 3837 exoptat,
587 3763 755 3819 consuatur
774 3759 907 3825 tendant,
926 3756 1065 3816 videlicet
1080 3755 1119 3816 ad
1141 3773 1243 3834 mecm
1262 3773 1337 3816 mu-

251 3869 408 3936 tuumquc
423 3875 555 3920 amorem
567 3857 645 3937 apud
660 3873 730 3917 eum
744 3857 893 3937 populum
911 3855 1130 3934 perturbatum,
1151 3871 1206 3932 per
1224 3856 1338 3917 ordinis

248 3959 441 4040 justitiaque
454 3965 543 4034 artes,
557 3956 743 4018 restituenda
757 3957 874 4034 (716),
1439 4030 1441 4034 ι

297 4059 452 4120 Hactenus
466 4059 504 4119 de
517 4059 633 4118 unitate
646 4058 755 4134 cuique
767 4057 881 4118 nationi
895 4051 1099 4116 conservanda
1112 4050 1244 4112 diximus
1253 4075 1261 4123 ;
1271 4054 1337 4127 jam

253 4163 293 4222 de
306 4159 542 4239 independentia
554 4157 680 4219 tutanda
692 4157 820 4220 breviter
833 4157 1028 4218 disseramus.

299 4261 391 4322 1235.
418 4263 486 4322 Pos.
508 4261 593 4321 olo.
611 4291 652 4304 --
675 4257 880 4320 Ethnarchica
901 4253 1084 4318 auctoritatis
1103 4253 1181 4314 actio
1203 4251 1338 4330 legitima

252 4377 451 4441 nequaquam
478 4360 634 4421 nationum
662 4358 900 4438 independentia
924 4358 1094 4435 repugnat,
1115 4352 1167 4415 sed
1188 4353 1217 4414 ei
1238 4352 1339 4432 potius

252 4461 453 4526 vehementer
474 4459 563 4521 iavet.

298 4567 394 4625 Pron.
406 4556 1166 4638 l·nans-Naucratisindependentiamosisutiu
1177 4553 1338 4632 boc,quod

254 4665 328 4724 talis
346 4664 428 4723 nolio
449 4662 534 4723 nullo
552 4669 636 4741 pacto
653 4663 692 4722 sit
710 4677 779 4742 pars
798 4657 923 4720 alterius
937 4657 1062 4737 politicas
1078 4657 1226 4718 societatis
1244 4655 1337 4733 (494),

252 4763 394 4840 adeoque
413 4763 493 4838 leges
515 4765 545 4823 in
561 4768 688 4838 iitroque
705 4759 821 4828 ordine,
834 4757 917 4820 civili
933 4763 964 4818 et
980 4756 1111 4837 politico,
1127 4757 1191 4834 ipsa
1203 4755 1260 4816 sibi
1275 4753 1336 4815 det.
