3559 5675
473 704 532 769 666
873 720 952 768 tuam
972 719 1132 770 sonuum

473 826 648 893 nominibus
662 826 849 891 indicabatur
864 810 955 891 etiam
970 829 1119 892 obstinata
1132 826 1164 888 in
1175 824 1395 887 ecclesiasticam
1409 828 1504 887 auctori

474 936 564 992 bem
575 926 710 1007 rebellio,
723 930 792 1007 jnre
815 930 922 1007 utique
936 948 968 991 se
980 942 1097 1008 possea
1111 924 1252 989 pontifice
1268 925 1315 986 rel
1328 926 1462 987 aconcilio
1471 926 1506 985 do·

474 1030 554 1109 poni.
564 1028 623 1105 Sic,
637 1048 666 1089 o.
680 1047 725 1107 g..
735 1028 838 1089 civitas
852 1030 1027 1091 parisiensis
1038 1045 1119 1090 anno
1134 1028 1213 1088 ties
1223 1024 1259 1086 ad
1271 1026 1384 1086 sixtum
1392 1026 1432 1095 ll,
1443 1028 1507 1086 Sun-

475 1146 561 1189 mum
581 1126 773 1203 pontificem,
788 1128 935 1204 scribens,
950 1134 1042 1206 rogat,
1055 1136 1089 1188 ut
1100 1144 1118 1187 a
1126 1129 1297 1204 juramento
1313 1126 1446 1186 fidelitatis
1459 1144 1509 1200 erga
1570 1173 1571 1192 ,

475 1232 636 1291 ilenricum
648 1230 685 1290 lll
703 1247 769 1289 earn
783 1232 955 1291 anctoritate
967 1230 1136 1311 Apostolica
1149 1226 1292 1300 exsolvat,
1305 1230 1464 1304 justumque
1472 1228 1509 1287 de·

474 1325 566 1391 claret
585 1328 700 1390 bellum
714 1346 731 1389 a
746 1328 853 1409 gallica
870 1331 992 1391 natione
1009 1330 1043 1390 in
1063 1329 1206 1389 eumdem
1229 1337 1380 1404 tamquam
1394 1325 1511 1401 religionis

475 1428 660 1508 publicasque
677 1428 823 1489 libertatis
842 1446 1048 1508 oppressorem
1066 1434 1240 1507 susceptum
1266 1425 1319 1504 (n).
1344 1426 1389 1487 Sic
1408 1430 1511 1502 sequenti

474 1544 554 1589 enno
569 1528 647 1590 1590
661 1526 776 1588 editum
787 1535 831 1589 est
841 1528 993 1590 decretum
1005 1527 1171 1589 Facultatis
1185 1526 1368 1598 parisiensis,
1379 1526 1511 1603 qnoran'as

476 1618 692 1706 propositiones
708 1627 834 1689 llenrico
858 1628 988 1708 principi
1012 1626 1152 1688 haeretico
1164 1604 1299 1686 tenentes
1312 1626 1446 1687 damnata
1455 1633 1512 1686 sunt.

479 1744 494 1779 a
508 1724 656 1796 videlicet,
668 1732 700 1787 ttt
715 1736 815 1787 narrat
830 1728 1010 1807 Spondanus
1019 1724 1072 1804 (lt).
1084 1726 1250 1786 llenrirnm
1267 1726 1439 1785 Borbcnium
1452 1725 1513 1798 lteri.-

476 1825 564 1886 tltnlo
585 1824 720 1901 insigniri
736 1842 823 1904 posse
844 1835 896 1887 ant
925 1826 1049 1905 ‹lebere3
1071 1832 1135 1885 tnta
1154 1826 1336 1886 coruscientia
1353 1826 1380 1885 ei
1401 1823 1514 1883 adherere

475 1942 508 1985 ac
521 1924 651 1987 decimas
662 1931 692 1984 el
707 1926 862 2003 vectigalia
877 1926 1043 2005 persolvere
1055 1927 1162 2003 licere;
1178 1942 1281 2001 regem
1299 1926 1356 1985 sub
1372 1923 1513 1986 conditione.

476 2025 565 2089 modo
591 2028 630 2089 sit
650 2028 826 2104 catholicus,
839 2031 944 2092 baberi
959 2048 1057 2113 possm
1069 2026 1253 2103 haereticum,
1274 2031 1386 2091 nedum
1399 2028 1513 2105 relapsum

474 2132 504 2190 el
518 2136 601 2189 extra
613 2128 751 2191 Ecclesia
764 2132 1011 2192 communionem
1025 2132 1171 2210 positum,
1187 2130 1219 2191 in
1233 2130 1335 2191 Gallia
1342 2131 1394 2205 jis
1407 2126 1513 2203 regnmdr

475 2223 585 2289 babere
602 2242 705 2308 posse3
722 2230 916 2292 pontitetbns
931 2232 1075 2292 Romanis
1082 2231 1135 2309 jus
1150 2246 1212 2290 non
1227 2248 1294 2291 esse
1315 2232 1514 2306 Regemeroon·

474 2326 638 2405 municare;
649 2326 747 2403 licere,
759 2330 853 2391 immo
864 2348 1054 2392 necesseesse
1064 2348 1135 2392 cnm
1143 2331 1307 2392 Bearnonsi
1317 2325 1515 2390 ethaeretieislo·

475 2426 533 2487 dus
548 2428 623 2489 icere
639 2428 716 2489 :bas
728 2436 757 2489 ct
771 2430 949 2508 hujusmodi
964 2430 1184 2491 enuntiationes
1194 2430 1384 2501 damnantes,
1398 2429 1516 2487 retuenm

476 2544 514 2589 ne
528 2530 596 2607 quis
613 2538 715 2591 contre
729 2534 925 2593 reverentiam
941 2531 1115 2613 spostolicae
1136 2532 1204 2593 Sedi
1227 2538 1257 2593 ct
1271 2529 1417 2594 cardinali
1437 2530 1515 2602 legato
1570 2591 1571 2600 g

475 2626 606 2688 debitam
618 2627 803 2707 loqueretur,
819 2638 871 2691 aut
884 2636 991 2691 sanctae
1003 2629 1114 2691 Unioni
1123 2630 1315 2692 detraheret:
1333 2630 1385 2707 qui
1397 2624 1516 2689 contrata·

476 2734 588 2802 oeront,
609 2746 659 2791 eos
681 2738 714 2791 ut
735 2730 872 2795 Ecclesiae
888 2732 941 2793 [lei
962 2733 1155 2812 perniciosos,
1174 2737 1203 2793 et
1216 2740 1373 2810 tamqnam
1386 2727 1517 2803 contagiosa

478 2830 613 2892 membra
636 2828 673 2890 do
694 2847 815 2912 corpore
837 2833 904 2908 eius
924 2830 1100 2894 resecandos
1117 2839 1311 2894 censuerunt.
1329 2833 1399 2906 Qne
1414 2829 1517 2901 elegito

361 3001 364 3010 1
477 2930 609 3008 probata,
621 2927 659 2990 eb
668 2931 820 3009 Episcopis
832 2937 859 2989 et
872 2931 1056 2992 Grrricnibus
1071 2931 1161 2993 etiam
1169 2934 1346 3009 juramento
1358 2947 1390 2991 ac
1403 2925 1517 3002 subscrip
1547 2913 1553 2926 ’

475 3031 556 3089 tione
581 3029 756 3092 confirmata
781 3030 864 3092 luere
883 3036 912 3092 et
935 3027 1095 3112 publicata.
1124 3055 1139 3088 o
1166 3031 1255 3093 atiud
1281 3031 1381 3092 simile
1400 3028 1516 3088 loomim

477 3131 573 3190 multo
595 3129 702 3192 servius
717 3129 820 3192 codem
844 3147 923 3192 arrno
943 3133 973 3191 in
991 3133 1132 3193 eumdem
1154 3128 1316 3192 Hernicum
1331 3131 1368 3191 ab
1380 3125 1516 3190 eadempt-

475 3229 584 3290 cultata
602 3229 639 3292 t'td
659 3247 763 3292 omnes
778 3228 944 3291 Galliarum
959 3231 1090 3292 civitates
1114 3235 1256 3305 omissum,
1272 3237 1302 3291 et
1320 3231 1427 3306 ubique
1440 3237 1517 3296 magna

477 3329 649 3394 assensione
660 3326 818 3409 probatum
834 3337 878 3392 est
892 3331 944 3411 (e).
960 3333 1007 3391 sio
1032 3337 1151 3392 sanetus
1173 3333 1334 3408 Gregorius
1347 3329 1460 3404 blagnns
1471 3338 1516 3399 pc·
1570 3382 1571 3393 2

479 3443 549 3488 nam
563 3429 756 3506 depositionis
768 3431 971 3492 comminatur
983 3431 1125 3490 omnibus
1136 3437 1165 3491 et
1176 3431 1306 3508 singulis
1323 3426 1441 3509 repobus,
1452 3437 1518 3481 onear

477 3523 606 3600 dotidut,
611 3527 796 3610 personisque
805 3527 985 3588 secularibus
998 3531 1050 3606 qui
1063 3535 1165 3590 contra
1174 3527 1350 3608 Apostolicae
1362 3521 1518 3588 constitutio

479 3625 526 3684 nis
550 3627 689 3703 paginam
713 3629 814 3688 venire
839 3627 1017 3689 tentaverint
1041 3627 1094 3707 (d).
1116 3629 1163 3690 Sic
1179 3636 1299 3691 sendus
1323 3624 1469 3703 Gregorius
1485 3617 1517 3673 ΠΙ

479 3725 591 3802 optimo
601 3722 671 3803 jure
684 3725 822 3806 deposuit
835 3727 1000 3788 ilenrioum
1018 3729 1066 3806 lv,
1081 3727 1249 3788 Germaniae
1268 3731 1391 3803 Regem,
1405 3713 1516 3800 quidquid

479 3831 580 3885 contra
601 3837 654 3904 per
673 3825 880 3888 incredibilem
903 3829 1097 3888 temeritatem
1119 3826 1281 3888 deblateret
1303 3829 1453 3888 ttossnetns
1469 3831 1515 3877 ruffi

482 3925 714 3985 protestantibus
732 3931 761 3986 et
778 3925 1038 3989 PseudoPolitiois
1053 3925 1098 4005 (e).
1116 3927 1164 3987 Sic
1180 3927 1268 4006 plura
1282 3927 1409 3989 (bacilia
1421 3931 1516 3982 merome

480 4021 544 4083 nica
558 4025 708 4103 principes
723 4021 868 4088 hereticis
889 4028 1023 4088 lavantes
1045 4026 1173 4087 seculari
1194 4027 1278 4087 omni
1297 4031 1431 4107 potestate
1442 4028 1516 4092 omps

478 4121 563 4196 liant,
588 4140 692 4183 corum
712 4121 847 4185 subditos
874 4129 1047 4202 juramento
1070 4126 1222 4187 fidelitatis
1243 4126 1412 4197 exsolvunt,
1433 4123 1516 4180 laton·

479 4237 572 4283 nense
600 4217 722 4284 tertium
744 4218 800 4285 sub
827 4222 995 4286 Alexandro
1020 4227 1084 4302 lll,
1110 4229 1307 4288 lateranense
1331 4229 1457 4304 quadum
1477 4209 1515 4271 tlh

482 4315 652 4383 innocentio
667 4323 718 4400 lll,
735 4323 956 4402 lugdunense!
973 4325 1030 4386 sub
1049 4328 1222 4387 innocentio
1232 4324 1281 4404 lv,
1297 4327 1453 4404 qut,sacn›
1463 4327 1514 4391 pff·

482 4425 565 4479 sente
587 4427 615 4480 et
629 4415 807 4502 cooperante
827 4422 974 4500 Concilio,
992 4425 1184 4486 Fredericum
1198 4429 1224 4486 tl
1246 4425 1388 4506 deposuit,
1408 4421 1514 4482 constal·

509 4589 547 4654 (a)
559 4589 596 4641 Gl.
611 4591 745 4656 Dnlaurm,
756 4585 867 4658 t'dottre
878 4600 902 4646 et
912 4586 1003 4655 idm,
1011 4599 1075 4647 tom.
1084 4610 1112 4654 tt.
1123 4610 1151 4659 p.
1160 4600 1218 4647 m.
1227 4621 1258 4634 —
1268 4595 1309 4660 (b)
1324 4599 1387 4648 dnn.
1402 4589 1460 4646 1⁵⁹⁰·
1469 4596 1488 4631 Β·
1497 4580 1512 4625 ³¹

481 4687 511 4698 -
523 4663 553 4726 le)
564 4662 627 4712 ibid.
651 4677 676 4712 n.
687 4669 712 4714 tt.
723 4691 753 4702 -
762 4667 798 4728 td)
812 4666 851 4718 Cl.
867 4667 1060 4732 batecumbe.
1073 4667 1126 4729 cit„
1140 4682 1164 4731 p.
1175 4671 1233 4719 tto.

511 4733 544 4796 (c)
556 4733 594 4790 cl.
608 4701 741 4786 nbmmen
753 4735 850 4788 metor.
862 4739 949 4790 erebo.
963 4737 1025 4791 tom.
1037 4753 1091 4799 att,
1103 4736 1128 4804 p.
1139 4741 1184 4793 ttt
1195 4745 1221 4792 ct
1229 4753 1297 4804 seqq.
