3559 5675
490 734 552 800 tet
905 749 984 796 runis
1006 745 1164 794 neronum

487 875 556 940 qun
567 855 834 936 munemomiibern
843 849 1524 935 requirunt,minoreeffloiunturstipeodioqunu

487 957 541 1024 ille
552 974 622 1038 qum
632 956 825 1018 matrimonio
836 957 979 1032 jnnoium
999 954 1164 1018 admittunt
1173 967 1183 1030 5
1199 959 1306 1036 etque
1325 970 1439 1014 munere
1450 953 1525 1014 honi·

488 1073 560 1120 nem
567 1057 725 1120 commodo
735 1057 795 1121 uite
805 1060 940 1116 umntem
951 1053 1119 1134 postulant,
1129 1051 1271 1119 eumdem
1284 1053 1429 1116 mmmode
1437 1069 1527 1130 quoque

489 1164 660 1221 sustentare
676 1155 797 1218 debent.
1577 1187 1578 1196 1

530 1259 624 1322 Exin.
636 1259 764 1320 111111.
776 1286 809 1300 -
823 1253 1012 1336 Stipendium
1026 1259 1073 1314 est
1085 1253 1300 1334 compensatio.
1315 1250 1528 1330 Ergodehotmu
1577 1289 1578 1304 ,

488 1356 679 1440 proportione
691 1352 852 1418 eonvenite
865 1351 1058 1426 detrimento,
1073 1369 1128 1416 seu
1141 1353 1279 1432 presenti
1297 1369 1350 1414 seu
1362 1352 1463 1425 nure,
1472 1349 1528 1426 quod

490 1457 582 1534 isqui
596 1469 711 1518 munus
721 1453 810 1531 gerit,
823 1454 935 1534 patitur
945 1459 997 1517 eut
1010 1453 1139 1532 potietur
1150 1454 1214 1514 sive
1222 1454 1258 1514 in
1266 1469 1300 1516 se
1313 1451 1530 1532 inseminatum

491 1552 620 1616 inmitia.
635 1553 712 1613 tiine
727 1551 761 1611 tit
773 1557 807 1610 ut
819 1567 886 1630 quae
899 1567 1029 1614 munero
1041 1551 1279 1628 excellentiorem
1293 1550 1447 1613 docuinam
1458 1553 1530 1627 portu·

490 1653 566 1730 lent,
582 1651 621 1716 ad
641 1651 756 1729 majora
774 1665 898 1728 quoque
919 1649 1123 1710 emolumento
1141 1650 1195 1726 jus
1220 1649 1392 1728 prebeant:
1405 1648 1459 1710 heo
1474 1647 1531 1708 euin
1577 1697 1578 1710 ,

492 1747 628 1813 doctrine
647 1765 773 1826 magnos
793 1747 968 1808 divitiarum
988 1755 1018 1812 et
1035 1747 1263 1814 commodorum
1286 1747 1400 1810 fruetus
1416 1749 1442 1810 ei
1457 1747 1497 1824 qui
1509 1745 1532 1804 ii·

490 1851 554 1912 lem
570 1850 696 1929 adeptus
713 1848 818 1924 tuerit,
832 1847 869 1911 ed
886 1847 1014 1912 senilem
1026 1849 1191 1930 presertim
1209 1846 1492 1922 suentensem,
1503 1845 1534 1921 gi·

491 1957 608 2028 guenet.

532 2053 625 2114 Enni..
641 2047 673 2114 3·
687 2060 774 2126 erus·
798 2049 891 2110 -ua
911 2049 1138 2112 sustentationis
1159 2057 1188 2110 et
1211 2048 1458 2129 compensationis
1466 2044 1535 2108 neti

492 2151 529 2214 ed
543 2149 626 2214 hune
642 2150 733 2212 tinem
746 2149 928 2234 probentur,
945 2155 979 2208 nt
991 2165 1125 2228 persone
1146 2147 1260 2214 idonee
1280 2147 1319 2210 ed
1339 2163 1402 2211 rom
1420 2147 1535 2226 punlieu

491 2249 656 2332 gerendam
671 2266 790 2328 semper
802 2246 912 2315 odoini.
931 2249 1010 2325 Ergo
1020 2250 1107 2326 J'uxte
1119 2247 1333 2328 aptitudinem.
1348 2264 1408 2310 nou
1420 2251 1536 2336 justene
1577 2261 1578 2326 3

492 2352 656 2417 oessitatem
674 2349 841 2431 petentium
863 2347 1050 2418 oouoodende
1075 2355 1148 2410 sunt
1166 2365 1315 2429 munere,
1336 2363 1487 2426 eorumque
1503 2345 1537 2406 sti·
1577 2333 1578 2344 ’

497 2450 617 2534 pendia.
1577 2493 1578 2522 2

535 2551 602 2624 Quo
613 2551 646 2610 in
659 2565 693 2612 re
712 2547 906 2634 vehementer
924 2553 1026 2612 errent
1047 2548 1220 2628 aliquorum
1237 2549 1368 2628 jndicio,
1389 2548 1439 2626 qui
1452 2543 1539 2626 pubiio
1577 2535 1578 2584 i

496 2648 603 2711 mrinie
616 2647 722 2710 eodem
744 2646 812 2710 iooo
829 2645 952 2724 hebent,
968 2663 1029 2726 quo
1046 2648 1200 2726 pubiicum
1219 2649 1307 2728 penis
1323 2646 1539 2714 distributionem,

498 2765 566 2830 qum
575 2754 680 2829 suopte
694 2753 801 2809 nature
810 2743 1024 2824 indigestionis
1036 2764 1096 2832 pne
1109 2749 1223 2810 ueteris
1232 2755 1356 2828 spectat.
1371 2748 1422 2810 Ubi
1433 2745 1540 2808 meritum

465 2893 468 2899 ,
496 2858 526 2915 et
539 2849 673 2930 aptitudo
695 2846 866 2930 perierint,
886 2849 1048 2927 pauperior
1065 2850 1170 2927 utique
1188 2850 1289 2914 ditiori
1308 2846 1498 2930 preferendus
1513 2844 1542 2901 in·

497 2951 618 3013 terdum
633 2956 678 3011 eet
691 2967 700 3011 t
714 2946 880 3023 interdum,
902 2948 1040 3025 inquom,
1055 2950 1127 3027 quie
1140 2952 1300 3029 pauperies
1312 2966 1376 3013 nou
1390 2964 1454 3012 roro
1469 2945 1542 3005 minu

496 3056 603 3131 epium
619 3047 655 3112 nd
669 3049 777 3109 munio
788 3047 909 3128 publius
921 3046 1060 3115 noenum
1074 3046 1173 3111 etiioit.
1189 3050 1226 3111 itt
1242 3065 1371 3113 munere
1387 3039 1542 3110 conternent
1577 3080 1578 3151 i

497 3152 588 3213 etiem
602 3164 703 3212 oreore
717 3147 867 3211 obsotem
879 3148 1045 3226 petentium
1059 3148 1268 3225 indigentiam,
1283 3145 1439 3213 communi
1451 3145 1543 3207 sooiett·
1577 3178 1578 3205 t

500 3252 537 3311 tis
557 3249 637 3313 bono
657 3246 744 3310 mide
760 3254 917 3328 repugnat.
944 3248 1110 3309 Commune
1131 3266 1262 3327 nemque
1275 3250 1418 3313 erarium
1433 3240 1543 3325 disperii·

497 3354 560 3423 nir,
573 3348 737 3410 etsooietes
756 3348 926 3417 ireudetur.
940 3363 1008 3425 qum
1024 3348 1062 3409 ed
1078 3364 1247 3427 pauperum
1261 3348 1430 3410 subsidium
1447 3338 1544 3407 timrei·

499 3448 568 3511 totis
587 3453 616 3508 et
638 3446 851 3516 misericordie
866 3462 938 3527 opes
951 3452 1069 3507 tenetur
1082 3446 1276 3527 impendum
1289 3464 1346 3509 neo
1360 3447 1419 3527 peti
1430 3444 1511 3511 dein.
1522 3443 1543 3495 ¹¹¹

499 3549 661 3633 superfluis
673 3552 865 3627 muneribus,
877 3552 909 3612 in
921 3548 1061 3617 homines
1075 3554 1193 3633 ineptos
1205 3552 1332 3632 mlieris,
1346 3544 1545 3633 1111111111·

500 3670 543 3719 oae
555 3654 735 3735 gubernatio
749 3652 958 3735 prepeditione.

540 3756 629 3815 Eme.
646 3752 1015 3832 4·1111.-111111111(1
1027 3754 1148 3834 publice
1158 3756 1278 3833 negotis
1290 3756 1422 3833 mande
1433 3755 1491 3816 siue
1502 3750 1546 3825 ipe

500 3852 618 3913 notione
636 3869 705 3932 qum
725 3852 764 3914 ed
780 3852 836 3914 ilie
854 3858 932 3915 route
944 3852 1267 3935 gorendeupplioetur,
1281 3870 1405 3935 promus
1424 3858 1465 3917 esi
1481 3846 1546 3909 sotii
1577 3850 1578 3879 ³

499 3952 551 4021 tnti
576 3952 706 4015 inutilis.
733 3954 812 4030 Ergo
838 3958 919 4016 tento
940 3953 1053 4031 justior
1079 3954 1137 4015 erit
1158 3954 1378 4035 stipendiorum
1396 3945 1545 4015 distributio

503 4053 617 4131 quanto
639 4054 808 4118 eoeuretius
832 4052 865 4112 in
883 4068 918 4113 ee
936 4050 1074 4116 teutonus
1096 4054 1309 4133 spectabuntur
1328 4060 1358 4115 et
1381 4042 1546 4133 epineton
1577 4074 1578 4077 ¹

500 4154 567 4215 mul
581 4164 611 4214 et
624 4152 782 4229 diligentia
795 4152 827 4211 in
841 4152 978 4213 muneris
991 4152 1090 4213 unitati
1104 4154 1210 4215 otiioiis
1224 4156 1396 4235 implendis.

540 4254 633 4315 Enni.
658 4254 690 4313 5·
709 4266 797 4315 1111.
814 4285 853 4295 -
872 4251 1028 4333 Stipendia
1045 4255 1224 4319 esoeiotrtie
1251 4255 1380 4317 fortunis
1404 4252 1545 4317 uniuntur.

501 4351 627 4414 Evideus
640 4356 742 4413 antem
755 4353 800 4412 eet
812 4351 937 4415 sociales
954 4352 1091 4419 tortuose
1105 4370 1243 4417 nonense
1259 4352 1454 4419 insumendus
1468 4348 1547 4435 pretii

499 4451 527 4511 id
549 4451 630 4527 quod
652 4451 798 4511 sooietetis
819 4450 980 4513 necessitas
1001 4454 1141 4535 postulat.
1159 4456 1237 4531 Ergo
1257 4455 1405 4535 stipendis
1417 4452 1545 4523 uondtim

496 4548 635 4614 enoodem
646 4549 755 4613 <tenent
769 4566 945 4629 munerum,
961 4570 1015 4631 pro
1026 4554 1137 4633 quibus
1151 4550 1532 4627 sotruntumueeessittttffl·

539 4650 627 4713 1079.
649 4652 774 4713 Conone.
801 4682 839 4697 -·
858 4654 901 4713 Ex
915 4652 1001 4717 dietis
1025 4652 1083 4719 hoo
1105 4654 1265 4733 colligitur,
1281 4662 1359 4717 nuto
1372 4646 1547 4733 minoium

492 4752 561 4839 ¹toro
575 4751 724 4845 sooietetis
741 4751 942 4857 puimrtmutis⁸
955 4754 1124 4834 oraminum
1135 4753 1371 4833 dispositionem,
1385 4752 1491 4829 quanto
1501 4738 1547 4801 ni·
