3559 5675
555 782 662 828 suasa.
687 801 729 817 -
748 781 831 829 arem
852 779 1042 828 nuourcruus.
1271 771 1325 834 bal

199 869 203 875 ⁴
257 881 433 963 affirmati03
454 893 484 948 et
496 888 636 950 doctrinm
654 890 813 968 enjusdam
827 889 1004 968 positionem
1027 891 1200 970 simpliciter
1215 895 1329 974 impro-

255 983 531 1064 barc‚estproleclo
541 988 709 1050 doctrinam
724 992 820 1070 ipsam
838 989 1037 1062 condemnere
1054 997 1208 1068 tamquam
1222 993 1327 1054 salsam

255 1089 286 1142 et
297 1100 464 1147 erroneam.
724 1145 732 1159 ,

296 1188 330 1244 2⁰
341 1185 452 1247 Eodem
468 1191 557 1251 modo
576 1189 640 1250 bac
659 1188 838 1252 constitutio
852 1187 1001 1266 improbat
1014 1195 1078 1266 acta
1091 1194 1120 1249 ct
1133 1199 1217 1266 gesta
1231 1194 1330 1268 quoad

249 1287 454 1351 extensionem
474 1289 605 1366 regalia,
628 1293 658 1349 et
675 1294 740 1349 ecte
762 1294 791 1349 et
815 1287 1019 1365 gesta-quoad
1044 1285 1275 1350 declarationem
1297 1299 1327 1352 at

253 1392 384 1459 quatuor
401 1388 555 1450 articulos.
571 1390 662 1466 Atqui
677 1395 784 1449 actast
804 1395 886 1464 gesta
908 1387 1004 1464 quoad
1027 1388 1168 1464 regaliam
1189 1405 1249 1449 uon
1269 1391 1330 1450 im-

252 1483 419 1560 probentur
433 1489 562 1565 pmlecto
572 1489 672 1550 solum
681 1487 781 1565 quoad
791 1487 917 1547 formam
932 1485 1120 1560 illegitimam
1130 1489 1197 1562 ejus
1206 1503 1328 1550 conces-

253 1583 360 1660 sionis,
371 1585 420 1645 sed
431 1589 529 1662 quoad
541 1575 763 1649 concessionem
773 1589 880 1666 ipsam,
891 1590 1044 1660 tamquam
1056 1585 1228 1661 iniquarnet
1238 1589 1329 1648 sacris

253 1681 423 1743 canonibus
435 1686 636 1761 contrariam,
649 1690 683 1746 ut
696 1691 811 1746 constat
823 1699 859 1743 ex
872 1684 958 1743 Brevi
970 1683 1058 1742 citato
1071 1682 1103 1741 in
1116 1684 1330 1746 Constitutione

254 1782 340 1841 later
351 1782 555 1863 multiplices.-
571 1787 736 1862 «vestigiis
750 1783 931 1844 inherentes
944 1779 1040 1841 islicis
1056 1782 1269 1844 recordationis
1282 1785 1328 1845 ln·

251 1883 394 1958 inocentii,
410 1865 495 1963 Papa
504 1887 555 1955 ill,
570 1884 794 1963 praedecessoris
813 1882 920 1956 nostri,
935 1881 987 1959 qui
998 1899 1013 1936 a
1026 1885 1095 1961 etc,
1112 1887 1140 1941 et
1152 1897 1170 1942 a
1183 1883 1269 1944 nobis
1279 1901 1329 1945 su·

252 1989 483 2056 prememorato
499 1980 602 2059 (1319,
617 1990 680 2044 not.
693 1987 724 2060 2,
737 1981 794 2058 5⁰).
811 1983 889 2056 Ergo
901 1979 991 2039 etiarn
1010 1985 1073 2039 acta
1090 1985 1119 2039 et
1135 1988 1217 2057 gesta
1230 1982 1327 2059 quoad

253 2077 481 2140 declarationem
491 2083 700 2161 improbantur
710 2079 809 2158 quoad
822 2095 886 2139 rem
898 2079 991 2156 ipsam
1003 2077 1149 2154 laisamct
1160 2095 1325 2142 erraneam.

294 2177 329 2235 3·
341 2179 486 2239 Summus
500 2181 636 2241 Pontifex
648 2179 705 2240 bec
715 2178 804 2239 Bulla
817 2177 967 2255 improbat
976 2173 1051 2236 illud
1064 2173 1146 2254 quod
1160 2178 1246 2240 initio
1258 2178 1329 2240 dicit

249 2293 317 2353 proe
336 2276 449 2336 caeteris
473 2278 599 2358 negotiis
618 2294 686 2357 quas
702 2275 860 2357 pontificiae
878 2273 1076 2355 sollicitudini
1095 2291 1128 2335 se
1146 2276 1327 2351 obtulerant,

250 2374 402 2454 imprimis
423 2377 648 2455 gravisimum,
669 2383 698 2438 ct
720 2376 776 2455 ipsi
800 2373 935 2436 Pontifici
955 2371 1167 2452 permolestum
1188 2394 1222 2435 ac
1237 2377 1328 2455 plane

248 2473 389 2536 acerbam
407 2474 567 2538 acciderat.
591 2479 669 2554 Ergo
690 2475 768 2536 illud
790 2473 872 2552 quod
893 2473 950 2533 bac
964 2471 1051 2533 Bulla
1062 2473 1259 2552 improbatur,
1282 2485 1326 2536 est

250 2575 367 2652 aliquid
380 2577 501 2652 gravius
522 2577 589 2655 ipse
608 2575 773 2636 rebellione
786 2571 981 2650 jansenistica
1000 2587 1069 2648 quaa
1087 2569 1158 2634 tunc
1180 2573 1320 2638 fervebat.

250 2675 343 2750 Aspui
364 2675 485 2735 violatio
506 2675 674 2736 formamur
696 2675 909 2735 canonicarum
930 2672 963 2730 in
984 2661 1085 2749 eliqua
1105 2673 1238 2734 docuina
1262 2691 1324 2736 non

249 2774 441 2854 improbabili
454 2775 646 2852 declaranda·5
660 2790 721 2834 non
733 2781 779 2834 est
788 2774 918 2853 proiecto
931 2771 1080 2850 ejusmodi
1096 2778 1250 2852 negotium
1263 2785 1322 2837 tem

247 2889 359 2951 graue3
373 2874 533 2937 declaratio
554 2894 625 2938 vero
649 2876 703 2935 illa
721 2874 821 2952 quoad
844 2876 942 2950 ipsam
964 2873 1131 2941 doctrinam
1147 2877 1178 2935 in
1200 2892 1235 2936 ea
1248 2892 1323 2938 con·

249 2984 365 3035 tentam
386 2984 432 3035 est
454 2978 558 3054 utique
580 2977 734 3053 negotium
758 2975 880 3051 grauiam
901 2975 966 3051 ipsa
995 2971 1101 3034 haeresi
1122 2976 1321 3053 Janseniana5

246 3081 325 3153 quia
338 3076 454 3154 impetit
462 3076 694 3136 tundamentum
705 3076 806 3153 ipsum
819 3072 958 3133 Ecclesia
967 3078 996 3133 et
1009 3074 1108 3133 omnis
1121 3074 1323 3138 ecclesiastiea

246 3176 443 3245 auctoritatis,
464 3176 545 3253 quod
560 3182 605 3236 est
626 3176 703 3235 Petri
715 3174 790 3233 tides
810 3179 841 3233 et
860 3188 981 3232 summa
1000 3180 1137 3249 potestas.
1161 3176 1250 3251 Erga,
1267 3184 1321 3239 ste.

287 3274 405 3334 sollae
426 3274 513 3335 Bulla
532 3276 651 3353 respicit
665 3275 698 3335 in
712 3291 748 3334 eo
761 3276 879 3350 negotio
899 3273 1063 3352 prasertim
1083 3272 1158 3333 illud
1179 3278 1259 3352 quod
1280 3286 1324 3339 cst

244 3392 294 3433 rer
302 3370 411 3450 ardua,
424 3381 454 3434 ct
463 3375 503 3434 ob
514 3391 607 3453 qnam
617 3376 762 3434 Summus
774 3372 1034 3448 Pontiiex'judicat
1043 3372 1100 3433 sibi
1111 3374 1325 3438 esse'lerandas

244 3490 360 3533 manus
376 3473 414 3533 ad
433 3476 597 3535 Dominum
612 3473 833 3553 comtempseris
847 3481 877 3533 et
887 3471 1036 3553 suspiriis.
1051 3473 1194 3535 Eamdem
1205 3477 1324 3537 Bullam

240 3579 314 3653 jam
333 3588 352 3631 a
366 3558 505 3651 pluribus
519 3574 674 3634 mensibus
687 3580 823 3653 paratam
837 3574 1011 3650 promulgat
1024 3574 1158 3634 Pontifex
1178 3575 1325 3637 meribaa-

244 3674 306 3731 dus
326 3688 428 3733 coram
445 3671 604 3733 duodecim
626 3672 857 3748 cardinalibuss
868 3688 930 3733 nun
944 3672 1058 3733 audens
1080 3690 1115 3732 cx
1129 3673 1184 3735 bac
1198 3678 1259 3735 vitu
1275 3694 1325 3737 ea·

243 3773 397 3833 cerlereet
413 3771 524 3833 Christi
546 3770 668 3832 Domini
688 3771 820 3832 tribunal
838 3771 920 3830 adire
935 3785 996 3831 noe
1007 3770 1157 3831 damnatis
1175 3789 1208 3831 ea
1225 3772 1323 3835 decla-

242 3874 363 3932 ratione
372 3877 404 3932 ct
416 3877 546 3947 quatuor
557 3874 624 3947 ejus
633 3872 779 3932 articulis.
793 3871 886 3946 Atqui
900 3869 1078 3947 improbatio
1088 3876 1240 3944 gestorum
1255 3888 1323 3949 quas

242 3976 279 4033 in
299 3970 432 4049 simplici
448 3972 614 4031 consistant
631 3971 793 4032 uiolatione
815 3970 981 4029 formarum
995 3960 1223 4046 ‘canonicarum
1238 3971 1324 4032 nullo

243 4080 332 4151 pacto
351 4080 397 4131 ast
417 4068 467 4131 'rei
489 4072 598 4143 ardua,
615 4066 721 4148 ‘neque
742 4070 838 4130 ultam
863 4068 1046 4148 peculiarem
1069 4080 1191 4127 eausam
1214 4069 1325 4145 praebet
1390 4090 1392 4093 ·

243 4172 383 4232 l‘ontilici
395 4170 513 4233 levandi
533 4189 643 4232 manus
657 4171 694 4231 ad
711 4171 872 4232 bominum
886 4184 952 4227 esra
963 4168 1102 4246 lacrymis
1122 4174 1149 4227 et
1162 4167 1323 4247 suspiriis:

243 4272 412 4333 declaratio
444 4281 547 4333 autem
580 4273 635 4332 itia
658 4274 730 4333 tacit
758 4272 863 4348 ndqus
883 4284 948 4328 rem
975 4267 1106 4327 maxime
1130 4268 1272 4342 arduam,
1296 4275 1325 4329 et

242 4388 374 4432 cauum
395 4371 537 4449 lacrymis
550 4378 581 4431 ct
601 4371 742 4448 suspiriis
756 4366 891 4429 Pontifici
912 4382 980 4427 eam
994 4365 1164 4446 improbare
1183 4368 1325 4447 cogitanti

240 4474 459 4550 gravissimam
481 4473 600 4553 praebet.
619 4473 821 4547 lismonam
843 4485 878 4529 ea
896 4466 1056 4529 declaratio
1073 4470 1161 4543 neget
1177 4469 1325 4532 Ponddcis

239 4576 367 4635 decreta
378 4588 444 4634 esse
456 4588 494 4634 ex
515 4588 548 4633 se
566 4570 637 4634 solis
656 4570 744 4631 firma
764 4574 794 4629 et
808 4557 1050 4639 indomabilia,
1062 4572 1092 4627 ct
1107 4566 1261 4647 Episcopis
1271 4570 1325 4647 jus

240 4672 409 4736 ramundi
425 4670 590 4753 pontificiis
598 4665 728 4733 decretis
745 4671 870 4744 maeret,
883 4664 1056 4728 timendum
1071 4676 1252 4747 magnopere
1263 4675 1326 4729 erat

242 4774 399 4850 Pontifici,
407 4748 597 4854 rrs⁸Episc0pi
609 4770 656 4834 illi
667 4770 998 4850 reluctarenturaperte
1006 4766 1125 4829 decreto
1135 4772 1264 4847 quatuor
1274 4782 1324 4831 eos
