3559 5675
557 737 665 787 wear.
687 760 729 774 -
747 741 832 789 ansa
852 737 1041 786 emesenus.
1076 807 1080 814 ¹
1270 721 1329 790 aba

256 823 358 918 bidan
375 841 454 923 Ergo
466 841 625 910 declaratio
642 846 706 926 illa,
719 850 753 912 iu
765 865 798 912 se
814 847 881 927 ipsa
893 853 922 910 et
933 843 1066 910 amolute
1080 852 1219 928 spectata,
1235 847 1328 914 bare-

257 939 315 1002 tiea
326 948 382 1003 est.

297 1041 429 1106 Cotem
444 1044 476 1106 1.
489 1043 692 1112 -Nonnulla
706 1054 779 1111 sunt
796 1063 864 1126 que
884 1047 1039 1124 negotium
1050 1005 1161 1110 *multia
1178 1055 1244 1126 post
1267 1048 1329 1110 bac

255 1143 358 1202 omnia
370 1143 493 1222 probata
504 1146 666 1211 laoemunt.
683 1151 795 1227 Nempe
810 1151 840 1208 1·
854 1148 880 1208 si
894 1145 1028 1210 (lectuna
1038 1146 1245 1212 declarationis
1267 1153 1329 1213 tam

256 1256 349 1318 prava
359 1249 414 1317 est,
428 1260 483 1305 cur
495 1262 566 1323 ergo
579 1263 640 1308 non
652 1246 762 1310 clarius
776 1265 844 1310 eam
855 1247 1022 1308 Alexander
1034 1248 1096 1310 Viti
1109 1247 1277 1308 damnavit?
1291 1278 1328 1294 -

256 1343 290 1402 2·
302 1339 333 1402 Si
346 1341 480 1405 doctina
495 1345 703 1410 declarationis
712 1354 758 1410 est
768 1348 919 1420 damnate,
938 1363 994 1410 cur
1006 1345 1042 1408 ad
1057 1349 1257 1426 episcopatum
1273 1346 1330 1408 ad-

258 1440 456 1503 mittebantur
468 1443 543 1505 olim
554 1463 572 1506 a
585 1447 776 1508 Pontificibus
791 1448 812 1506 ii
823 1448 876 1524 qui
888 1445 1051 1524 gallicanas
1063 1447 1218 1524 opiniones
1229 1445 1329 1526 palem

256 1539 493 1618 profitebantur?
505 1577 544 1590 -
557 1542 733 1607 &Pontifex
743 1547 785 1606 ait
798 1545 922 1605 irritare
931 1562 974 1618 se,
984 1563 1109 1612 curare,
1123 1544 1332 1625 privereomni

256 1637 367 1716 affeetu
379 1647 444 1702 acta
458 1641 511 1704 illa
526 1651 556 1704 ct
565 1651 658 1722 gesta,
673 1646 715 1708 ita
725 1653 761 1706 ut
773 1663 856 1706 namo
869 1652 999 1706 tenantur
1013 1643 1068 1706 iilo
1081 1645 1240 1711 eamme.
1255 1648 1331 1720 Ergo

255 1737 351 1799 voluit
362 1740 552 1804 solummodo
566 1759 633 1813 eam
652 1743 883 1806 declarationem
899 1761 964 1809 eeee
976 1743 1094 1806 nullam
1109 1750 1139 1806 et
1152 1745 1267 1806 irritam
1279 1744 1331 1804 ha·

255 1835 397 1913 houden,
411 1841 500 1916 quasi
509 1858 667 1920 nunquam
683 1843 789 1906 fuisset
802 1844 890 1906 lacta·
1006 1863 1012 1878 ¹

297 1937 409 1998 Verum
419 1935 494 2000 levia
504 1941 632 2021 proiecte
645 1949 675 2004 et
684 1942 783 2005 iutilia
795 1944 858 2004 huc
868 1950 951 2004 sunt.
967 1941 1012 2004 Ad
1026 1942 1265 2022 increpandae,
1276 1945 1331 2004 mi·

257 2037 373 2100 tissime
386 2039 492 2116 ntique
505 2042 679 2106 Pontificem
696 2044 727 2103 in
739 2061 775 2106 ea
795 2044 994 2106 declaratione
1008 2045 1201 2122 improbanda
1218 2047 1330 2120 eque.

256 2135 366 2198 idcirco
381 2140 524 2217 quianon
534 2158 569 2208 ex
586 2143 681 2205 animi
690 2143 860 2222 pertinacia.
874 2143 924 2204 sed
937 2145 1035 2205 solum
1052 2161 1088 2204 ex
1097 2143 1298 2206 imbecillitate
1310 2144 1330 2207 ii

254 2237 400 2314 presules
410 2241 559 2302 errabant.
573 2236 680 2322 Divina
688 2243 770 2303 enim
780 2242 843 2302 bae
855 2249 900 2303 est
909 2242 994 2303 Sedis
1003 2242 1177 2318 amentiae
1188 2245 1332 2322 sapientia

256 2342 286 2395 et
298 2338 419 2413 caritas,
429 2346 463 2402 ut
474 2357 606 2402 errorem
619 2340 767 2406 damnans
780 2341 949 2402 errantibus
959 2346 1060 2401 tamen
1072 2345 1174 2418 pareat
1183 2349 1330 2418 qnantum

257 2429 322 2490 lieri
333 2436 439 2510 potest,
451 2449 567 2511 semper
577 2450 685 2497 cavens
696 2450 735 2494 ne
748 2431 861 2514 liquam
869 2431 1017 2514 surripuere
1026 2431 1204 2511 eaeatr'apuat.
1218 2436 1255 2495 Et
1262 2450 1333 2494 vero

258 2528 384 2590 decretis
398 2529 483 2591 Sedis
494 2532 669 2610 Apostolicae
683 2548 734 2592 eos
748 2549 864 2594 errores
878 2531 1117 2612 improbantibus
1130 2529 1235 2591 nullus
1246 2549 1281 2592 ex
1295 2532 1332 2592 iis

259 2629 439 2706 praesulibus
449 2633 638 2708 pertinaciter
646 2629 793 2694 andirecte
801 2634 918 2694 restitit.
928 2634 1030 2707 Quum
1038 2631 1216 2707 ergomitior
1225 2629 1332 2708 egendi

258 2729 333 2789 ratio
347 2727 506 2802 sufficeret,
522 2747 583 2792 non
593 2730 651 2792 luit
663 2732 815 2793 catholicis
829 2733 866 2792 iis
879 2732 1031 2810 Episcopis
1042 2731 1106 2792 ulla
1119 2731 1249 2792 infamiae
1262 2737 1332 2792 nota

257 2826 419 2890 inurenda.
445 2862 482 2877 -
504 2829 550 2893 ad
571 2828 655 2891 bum:
676 2833 790 2894 Revera
810 2831 966 2899 Pontifices
989 2837 1047 2893 tres
1066 2831 1256 2893 innocentius
1274 2831 1331 2903 lli,

256 2928 427 2990 Alexander
448 2932 513 2991 illl
536 2930 778 2996 et-lnnoceutius
797 2933 860 3007 llll,
879 2937 940 2993 toto
958 2930 1060 2992 decern
1075 2946 1224 2993 annorum
1239 2928 1333 3008 spatio

257 3030 415 3091 neminem
429 3030 468 3091 ad
485 3032 688 3111 episcopatum
702 3031 890 3093 admiserunt
905 3048 940 3092 ex
956 3032 994 3091 iis
1008 3031 1060 3106 qui
1072 3030 1186 3091 famoso
1203 3028 1247 3089 illi
1262 3044 1331 3089 con-

257 3128 363 3187 ventui
378 3128 573 3192 interfuerant
580 3145 591 3206 ;
612 3146 667 3193 nec
683 3130 808 3192 luerunt
823 3130 954 3207 denique
968 3127 1063 3207 aliqui
1077 3144 1182 3189 eorum
1196 3126 1332 3205 admissi,

256 3226 318 3284 nisi
331 3232 398 3303 post
408 3229 645 3290 retractationem
657 3244 827 3306 expressam
840 3233 869 3287 et
879 3225 1033 3305 publicam
1047 3224 1180 3286 Pontifici
1191 3224 1332 3304 supplici·

258 3330 304 3383 ter
312 3322 455 3384 oblatam.
467 3324 553 3399 Quod
562 3323 588 3385 si
598 3326 652 3403 qui
664 3324 771 3388 deinde
782 3326 821 3387 iis
832 3324 1024 3405 opinionibus
1039 3324 1214 3403 improbetis
1225 3322 1333 3387 addicti

256 3422 294 3485 ad
312 3424 516 3503 episcopatum
542 3426 773 3505 perveniebant,
797 3426 819 3492 ii
841 3425 971 3505 proiecto
997 3426 1029 3485 in
1053 3425 1117 3503 ipsa
1146 3424 1332 3503 episcopatus

257 3523 459 3603 acceptatione
474 3529 504 3584 et
513 3524 545 3583 in
555 3525 715 3603 episcopali
727 3526 949 3586 consecratione
955 3524 1024 3600 jure
1037 3522 1234 3583 censebantur
1247 3520 1333 3581 abiis

257 3621 454 3699 opinionibus
474 3622 563 3701 plane
577 3622 726 3698 recedere,
741 3640 837 3703 quum
851 3622 995 3684 deberent
1013 3620 1141 3683 solemni
1159 3624 1332 3701 jrrrsmento

255 3723 432 3799 promittere
443 3728 472 3782 et
485 3714 582 3800 reipsa
595 3724 804 3801 promitterent
818 3721 940 3801 plenam
954 3720 1181 3797 absolutamque
1193 3720 1334 3781 obedien-

255 3821 331 3880 tiam
342 3822 479 3883 Romano
489 3822 625 3883 Pontifici
635 3826 763 3902 ejusque
776 3820 918 3882 omnibus
928 3818 1066 3894 decretis,
1077 3817 1238 3891 sententiis,
1247 3814 1332 3877 ordi-

253 3916 437 3991 nationibus,
451 3916 700 3999 dripoertioaibnq
715 3916 874 3994 mandatis,
896 3922 951 3979 etc.
962 3948 1003 3962 -
1013 3917 1056 3978 td
1071 3918 1150 3978 3⁰³:
1171 3918 1205 3977 ln
1219 3914 1332 3993 duplici

251 4022 341 4078 erant
353 4034 461 4094 genere
479 4026 543 4080 acta
556 4019 608 4080 illa
621 4025 651 4080 et
660 4026 744 4099 gesta
760 4024 925 4079 conventus
939 4016 1090 4093 gallicani,
1114 4014 1174 4075 alia
1183 4012 1330 4092 practica,

251 4134 325 4195 quar
341 4116 379 4177 acl
395 4118 598 4180 extensionem
612 4119 732 4195 regalia
755 4115 946 4197 potissimum
961 4114 1169 4194 pertinebant,
1183 4112 1243 4174 alia
1256 4110 1333 4173 tlreo

253 4219 365 4293 retica,
386 4233 453 4295 quae
473 4218 506 4277 in
528 4217 725 4279 declaratione
745 4217 993 4280 concinebantur·
1005 4215 1078 4288 Qua
1096 4214 1227 4292 practica
1247 4216 1329 4281 sunt,

251 4332 319 4377 non
330 4315 657 4397 solumimprobantur.
669 4316 820 4379 sedetiam
829 4321 997 4391 cassantur,
1006 4314 1087 4375 omni
1099 4311 1206 4374 effectu
1214 4312 1333 4392 priven-

251 4420 317 4474 tur.
336 4415 409 4488 Quae
429 4432 498 4477 vero
508 4422 580 4477 sunt
595 4411 1223 4493 theoretica,i1nprobanturpraecipue,sed
1238 4408 1330 4479 simul

249 4517 410 4575 amnentur
423 4515 527 4590 etiam,
539 4516 653 4592 nequis
666 4531 803 4592 unquam
816 4514 925 4576 audeat
933 4513 1029 4575 illaad
1037 4510 1160 4593 pruaer'm
1169 4510 1328 4591 applicare.

297 4614 387 4675 1312.
409 4616 477 4675 Pos.
492 4612 574 4676 653¹.
593 4648 630 4660 -
650 4616 780 4677 Erronea
792 4612 1007 4676 declarationis
1026 4611 1181 4690 gallicana
1194 4610 1330 4673 doctrine
