3559 5675
558 774 664 822 sonus.
688 794 727 808 -
750 778 834 825 sinan
855 776 1049 825 ooouseinus.
1280 764 1339 829 535

273 895 365 958 ougo,
380 880 491 943 nobilis
503 882 619 945 temins
631 889 810 962 protestans,
824 884 988 964 Geeparina
1006 884 1060 962 (o),
1072 882 1111 948 de
1124 902 1187 965 qua-
1201 888 1339 949 nonnihil

273 980 380 1043 tomus
394 980 483 1041 inira.

309 1080 353 1138 111.
376 1082 572 1143 protestantes
587 1078 693 1161 rigidi,
709 1083 1104 1163 somniantium-precipuo
1116 1083 1255 1145 doctrina
1272 1100 1339 1165 per·

275 1184 352 1257 petuo
360 1179 518 1252 barentes,
530 1183 608 1242 aierit
616 1182 717 1243 aliena
726 1182 866 1260 dogmata
877 1183 965 1245 nullo
975 1200 1100 1261 arguere
1108 1190 1193 1263 paeto
1201 1191 1339 1263 mesum,

273 1277 312 1337 ita
330 1279 413 1339 nulla
432 1286 461 1341 et
487 1282 545 1359 ipsi
569 1288 687 1359 queant
706 1284 823 1345 ratione
839 1284 1025 1363 impugnari.
1048 1283 1252 1346 Omnisenim
1268 1300 1341 1347 con-

274 1379 384 1438 certatio
410 1381 696 1462 nititur-principiis
723 1384 907 1461 quibusdam
941 1384 980 1445 sb
1005 1390 1133 1461 ulmum
1147 1384 1343 1466 disceptante

273 1480 462 1539 communiter
483 1480 633 1543 admissis.
659 1482 750 1560 Atqui
766 1490 932 1562 protestans
955 1482 1077 1545 nullum
1089 1482 1160 1543 fidei
1182 1497 1344 1546 commune

273 1580 445 1659 principium
461 1583 583 1661 recipit:
598 1584 703 1644 statuit
712 1585 795 1644 enim
810 1584 927 1664 priuato
938 1586 1086 1662 cujusque
1095 1584 1213 1661 jndicio
1225 1591 1340 1646 contro·

274 1680 393 1741 versiam
403 1698 525 1742 omnem
538 1683 787 1745 csseiiniendam.
799 1687 912 1761 ltaque,
924 1684 1176 1762 sicutiacepticiat
1185 1682 1342 1760 idealiste,

274 1779 313 1838 ita
329 1780 416 1841 etiarn
427 1779 499 1841 boni
515 1788 711 1861 protestantes
725 1800 786 1845 non
803 1784 966 1845 ratiociniis
981 1783 1105 1845 curandi
1125 1789 1208 1857 sunt,
1225 1783 1276 1845 sed
1296 1782 1344 1845 nel

274 1879 400 1956 omnino,
413 1884 561 1957 tanquam
572 1880 730 1961 desperata
743 1899 812 1955 'ren
824 1882 1008 1957 dimittendi,
1022 1882 1071 1943 uel
1086 1880 1344 1959 castigationibus,

273 1978 363 2057 quoad
379 1980 443 2040 fieri
457 1982 576 2059 poterit,
590 1982 921 2057 macerandi-Etenim,
934 1989 968 2043 ut
979 1982 1229 2062 proclamemus
1241 1980 1344 2042 admo·

273 2077 380 2160 nelle),
399 2080 565 2158 «cumam
584 2088 657 2144 sunt
676 2089 739 2143 um
754 2089 822 2145 nota
834 2090 926 2161 atnam
949 2085 1123 2163 perspicua,
1144 2089 1179 2144 ut
1198 2084 1252 2161 qui
1264 2098 1299 2144 ea
1314 2081 1345 2142 in

271 2182 462 2257 ernestionem
473 2187 589 2255 vocent,
598 2183 631 2243 bi
642 2200 702 2245 non
713 2184 894 2257 sintverbis,
904 2184 1091 2261 argumentis
1104 2189 1134 2245 et
1143 2184 1346 2265 disputatione

272 2282 530 2361 pbilosophorum,
545 2282 597 2343 sed
617 2284 808 2356 verberibus,
825 2284 956 2345 vinealis
976 2290 1006 2344 et
1024 2300 1141 2345 carcere
1157 2282 1311 2361 fatigandi.
1328 2304 1343 2339 n

312 2382 531 2444 Coronen-
541 2383 816 2459 Protestandsmue,
826 2385 903 2445 sicut
915 2384 1047 2463 apertius
1061 2390 1090 2444 et
1099 2384 1269 2462 expressius
1280 2398 1348 2460 pro·

273 2482 366 2561 priam
379 2480 514 2543 derelict
524 2481 651 2543 domama
659 2491 798 2545 naturam
809 2485 867 2545 sibi
878 2484 1018 2563 vindicet,
1027 2489 1062 2544 ut
1070 2484 1210 2563 superius
1219 2482 1351 2544 vidimus

273 2583 376 2659 (1310,
391 2590 453 2642 not.
473 2583 516 2661 l),
528 2584 568 2643 ita
580 2584 767 2645 luculentius
781 2592 811 2645 et
825 2584 1034 2645 vehementius
1041 2582 1168 2665 proprio
1175 2580 1294 2661 judicio
1308 2588 1350 2642 eet

271 2680 475 2744 cmtdemrsetes
488 2685 535 2761 (c).
553 2686 586 2744 ln
597 2684 653 2745 boe
668 2687 750 2745 eninr
762 2686 962 2747 totabominis
974 2685 1106 2747 haeretici
1117 2683 1350 2763 naturapropria

269 2785 330 2847 sita
343 2790 398 2861 est,
413 2790 448 2846 nt
461 2786 574 2863 privata
586 2803 642 2846 sua
655 2787 802 2846 sennntia
820 2787 902 2859 velit,
917 2794 1016 2868 spreta
1029 2786 1132 2846 divina
1145 2782 1283 2848 Ecclesiae
1295 2798 1349 2844 an-

270 2887 417 2960 ctoritate,
429 2886 595 2948 doctrinam
616 2886 683 2947 ndei
703 2887 841 2948 delinire.
866 2889 957 2964 btqtd
981 2885 1037 2948 hoc
1056 2886 1112 2946 sibi
1127 2886 1256 2946 maxime
1270 2884 1352 2946 attri-

271 2989 373 3050 buunt
387 2993 603 3066 protestantes,
619 2987 676 3050 hoe
695 2989 754 3048 sibi
768 2989 898 3064 maxime
914 2989 1079 3068 proprium
1090 2979 1214 3063 nolum,
1237 2984 1275 3046 de
1298 2983 1354 3045 boc

271 3087 333 3148 sibi
347 3089 480 3148 maxime
491 3087 686 3164 gloriandum
698 3093 813 3166 putant.
829 3090 929 3161 Quare
943 3087 1004 3147 illis
1017 3086 1147 3146 maxime
1160 3083 1353 3144 tribuendum

271 3194 331 3265 est,
344 3188 426 3267 quod
439 3188 478 3250 de
490 3189 633 3250 omnibus
645 3189 793 3248 baretieis
805 3189 1012 3249 Tertrrllianns
1021 3186 1108 3264 dixit,
1118 3184 1257 3246 ea·verba
1267 3183 1352 3244 Pauli

268 3290 408 3370 Apostoli
423 3296 642 3352 commentatus
655 3287 698 3369 (d)
717 3305 726 3348 ε
742 3309 758 3347 e
773 3291 907 3352 llareses
921 3288 1008 3350 dicta
1019 3302 1201 3365 graoanooo
1213 3303 1252 3346 es
1263 3286 1353 3346 inter·

268 3393 440 3472 pretatione
452 3391 617 3467 electionis,
631 3407 694 3468 qua
707 3391 777 3468 quis
789 3391 851 3452 sine
865 3390 903 3452 ad
917 3387 1117 3452 instituendae
1131 3389 1193 3451 sive
1209 3386 1245 3448 ad
1262 3387 1355 3448 susei-

269 3492 403 3573 piendas
420 3508 472 3552 eas
489 3493 594 3552 utitur.
614 3491 683 3552 ldeo
693 3497 723 3552 et
736 3492 792 3552 sibi
807 3491 983 3552 damnatum
998 3490 1074 3552 dixit
1087 3489 1273 3562 haereticum,
1285 3486 1357 3564 quie

268 3595 354 3655 etin
372 3609 435 3670 quo
447 3591 620 3670 damnatur,
634 3592 692 3654 sibi
713 3593 839 3670 elegito.
856 3592 962 3653 Statim
978 3607 1047 3652 vero
1063 3590 1136 3652 inibi
1151 3587 1253 3650 subdit
1265 3586 1357 3660 illud,

266 3714 340 3774 quo
355 3693 534 3758 clarissime,
554 3710 647 3771 quam
661 3694 750 3770 longe
769 3693 859 3753 distet
879 3692 1022 3753 eatbolioa
1037 3707 1123 3752 mens
1143 3690 1186 3750 ab
1207 3687 1356 3762 haeretica,
1410 3729 1411 3737 ,

267 3797 468 3876 explicatur:
488 3793 607 3857 «Nobis
623 3811 694 3854 vero
714 3792 793 3854 nibil
808 3810 843 3852 ar
866 3797 969 3852 nostro
983 3791 1105 3852 arbitrio
1120 3787 1260 3849 inducere
1275 3787 1355 3861 lieet,

265 3897 326 3960 sed
346 3913 403 3958 neo
415 3895 526 3973 eligere
539 3894 619 3973 qued
638 3895 749 3972 aliquis
760 3893 798 3954 de
814 3891 940 3952 arbitrio
955 3907 1010 3952 suo
1022 3889 1174 3949 induxerit
1184 3906 1214 3948 s.

315 4001 457 4060 Conone.
474 3997 494 4058 3
525 3994 662 4056 --llaud
678 3992 839 4055 difficulter
848 3994 913 4069 jam
926 3991 1056 4069 quisque
1069 4004 1189 4050 caueam
1201 3985 1359 4066 perspiciet

266 4106 507 4183 propterquam
531 4103 737 4178 protestantes,
753 4101 787 4156 ut
800 4094 858 4156 sibi
881 4091 1008 4155 asseclas
1030 4107 1122 4152 noros
1136 4088 1313 4165 concilient,
1329 4085 1358 4146 id

270 4219 410 4263 nnuma
425 4199 512 4260 nobis
525 4198 677 4278 postulare
697 4197 822 4264 soleant,
837 4193 959 4256 vetamus
973 4193 1086 4254 seilicet
1098 4185 1211 4270 singuli
1218 4185 1360 4268 privatim

268 4319 386 4363 serem
398 4295 474 4380 fidei
484 4298 650 4360 doctricem
659 4297 691 4356 in
704 4293 872 4376 Scripteris
883 4291 1065 4374 conquirere.
1076 4289 1206 4360 Etenim,
1220 4285 1361 4366 quamvis

306 4526 349 4591 pa)
362 4545 376 4572 ι
391 4525 503 4576 nitentes
522 4523 536 4572 l
554 4520 579 4570 le
589 4519 678 4572 liberte
689 4519 842 4579 d'onetme,
855 4520 893 4570 lul
906 4524 1109 4584 lmposereeene
1124 4517 1187 4566 oleo
1206 4511 1246 4564 u'a
1263 4521 1365 4576 pasor-

263 4598 380 4659 donne,
392 4598 430 4648 lul
448 4595 568 4654 ditandae
585 4607 671 4656 mone
688 4594 747 4644 biru
757 4607 772 4644 a
782 4594 885 4656 perosis,
899 4592 1077 4656 lulpermettre
1093 4603 1121 4640 ee
1133 4599 1181 4651 que
1191 4585 1251 4636 llteu
1266 4581 1367 4646 dolend,

263 4673 333 4722 dira
345 4686 353 4716 r
366 4672 430 4720 lttan
442 4669 502 4718 edit
512 4669 521 4717 1
533 4667 617 4731 quand
629 4668 687 4717 llten
703 4666 743 4716 n'e
756 4680 800 4730 pas
812 4665 858 4726 dlt,
872 4668 936 4714 mals
947 4663 1008 4714 e'est
1017 4677 1050 4713 nn
1064 4659 1188 4721 sacrilege.
1201 4677 1213 4704 ι
1226 4655 1365 4718 (Quelqeer

264 4744 390 4809 desento
400 4744 445 4793 des
457 4738 802 4803 ebrdtienrd’onjourd'boi3
813 4738 890 4796 l’srls,
901 4737 1023 4796 Graecari,
1036 4738 1110 4797 ¹8⁵³t
1124 4745 1180 4796 pag.
1194 4733 1256 4794 ΓΒ).

307 4817 351 4882 (b)
361 4817 420 4867 loe.
433 4814 478 4866 eit.
488 4813 535 4864 lib:
543 4814 568 4866 t.
579 4837 609 4850 -·
620 4810 653 4877 (e)
665 4811 706 4862 Ad
719 4812 767 4862 Tit.
778 4809 823 4870 lll,
836 4807 997 4872 ιιι-(1111
1009 4820 1114 4872 precer.
1128 4805 1188 4857 odo.
1199 4803 1261 4854 ber.
1276 4812 1331 4863 rep.
1342 4801 1366 4850 t·
