3559 5675
439 685 499 752 loti
635 695 715 744 seete
738 695 898 742 serenius
917 697 1026 744 sossi.
1048 717 1088 732 -
1109 697 1196 750 mem
1214 694 1320 745 sonos.

440 807 478 870 ad
496 821 593 868 oense
613 801 811 884 eognitionem
828 801 1033 883 obtinendem,
1052 814 1099 868 est
1117 821 1189 868 enm
1209 804 1309 883 ipsum
1323 799 1378 878 qni
1397 813 1518 873 eeeuse·

440 917 502 984 tur,
517 923 581 968 sese
600 903 809 966 defendentem
831 901 956 964 audire:
972 906 1025 984 qui
1045 909 1128 968 enim
1147 910 1324 976 eoeneum,-
1336 904 1434 980 potest
1452 915 1519 977 pm-

441 1009 514 1088 prim
533 1023 596 1067 sue
617 1019 715 1070 oense
736 1001 827 1062 talem
850 1002 1052 1079 cognitionem
1073 1005 1196 1079 hebere,
1216 1003 1268 1064 eui
1287 999 1374 1061 nulle
1394 998 1519 1059 testium

442 1109 599 1170 euotorites
612 1104 760 1168 contrarie
773 1105 893 1165 resistet
900 1128 911 1181 ς
926 1110 956 1166 et
968 1106 1128 1168 falsitatem
1142 1105 1253 1183 delicti,
1267 1101 1349 1182 qnod
1362 1102 1391 1162 ei
1407 1099 1521 1160 tribue·

442 1215 505 1286 tur,
523 1212 620 1288 potest
638 1203 748 1266 melius
768 1221 859 1282 quem
877 1205 963 1266 testie
974 1212 1026 1272 ent
1037 1213 1138 1269 orator
1154 1205 1286 1286 quilibet
1300 1202 1519 1264 demonstrare.

442 1310 544 1388 etqm,
558 1314 591 1370 ut
602 1311 756 1370 emusetue
768 1305 838 1383 quis
851 1321 884 1367 ee
901 1305 1060 1370 defendere
1072 1309 1179 1388 possit,
1192 1306 1283 1369 debet
1296 1303 1341 1366 illi
1355 1307 1520 1366 totenoon·

443 1412 518 1474 setin
532 1409 728 1474 menitesteri.

483 1515 576 1574 Peon.
593 1511 624 1571 3·
639 1523 726 1572 rens.
741 1537 783 1556 -
799 1508 859 1581 Qui
873 1513 1043 1586 eeedsetur,
1054 1505 1345 1589 poteetomnienlpe
1355 1519 1474 1565 secere.
1486 1503 1522 1562 tt

446 1628 509 1678 non
529 1611 599 1673 licet
614 1613 759 1686 nequem
783 1613 900 1670 sontem
913 1609 1023 1687 ponite
1039 1609 1128 1672 illum
1141 1607 1196 1687 qni
1208 1612 1385 1691 potestesse
1397 1602 1523 1664 omnino

445 1710 561 1774 insons.
573 1710 663 1786 Ergo,
678 1705 774 1769 donee
784 1705 874 1785 plene
886 1720 983 1768 muse
995 1709 1127 1785 cognitio
1137 1706 1283 1782 illuxerit,
1292 1705 1446 1766 sientnon
1457 1700 1525 1763 lieet

445 1825 534 1874 reum
542 1807 754 1884 medensem,
769 1805 808 1866 ite
820 1821 918 1886 neque
929 1807 1000 1870 lieet
1012 1807 1156 1878 eumdem
1168 1807 1289 1888 punire.

485 1909 538 1969 Est
549 1907 641 1984 igitur
655 1911 756 1986 aperte
768 1904 963 1983 injuriemus
983 1905 1134 1984 quoslibet
1147 1907 1180 1967 in
1201 1903 1309 1967 eodem
1324 1915 1523 1962 emoeremm

444 2007 593 2072 demnetis
606 2005 750 2081 detinere,
766 1991 879 2084 eosque
887 2022 960 2066 mox
969 2005 1009 2066 eb
1019 2007 1103 2066 omni
1113 2005 1241 2067 erimine
1250 2015 1384 2082 oopoene
1399 1999 1524 2061 iortesse

447 2104 645 2180 absolvendos
673 2103 823 2182 supplicio
845 2103 900 2165 illo
921 2109 952 2166 et
963 2103 1087 2167 honoris
1105 2110 1137 2167 et
1149 2101 1283 2184 eorporis
1303 2099 1437 2174 etlloere,
1462 2113 1525 2176 quo

448 2205 551 2288 grevia
561 2203 669 2268 delleta
680 2199 818 2280 saetigeri
830 2200 941 2266 solent.

487 2306 558 2368 998.
574 2307 641 2368 Poe.
659 2303 742 2366 teo.
767 2304 832 2366 tex
855 2305 899 2365 7¹.
917 2335 957 2364 -.-
972 2305 1015 2366 lio
1028 2306 1126 2382 mejor
1144 2309 1235 2382 stone
1258 2299 1441 2382 exploratior
1452 2315 1527 2378 pro·

448 2407 524 2470 bites
536 2406 569 2466 in
582 2404 693 2484 politio
707 2403 854 2464 ministris
865 2403 1012 2480 exigenda
1023 2411 1081 2480 eet,
1092 2422 1155 2482 quo
1175 2401 1337 2466 oooultiore
1347 2399 1451 2467 media
1462 2399 1526 2460 illis
1598 2414 1599 2417 ¹

449 2506 488 2568 ed
501 2505 611 2566 delleta
622 2501 833 2582 preveniende
843 2503 1087 2565 mmmittuntnr.

488 2607 584 2668 Peos.
596 2633 637 2650 ·-·
651 2603 718 2676 Quo
730 2601 893 2664 occultiore
903 2609 975 2666 eunt
988 2603 1100 2681 medie,
1113 2603 1227 2684 onibus
1248 2602 1352 2682 politis
1365 2601 1477 2675 utitur,
1491 2617 1526 2660 eo

449 2701 547 2782 magis
559 2717 664 2764 eornm
677 2699 834 2781 epplimtio
846 2701 982 2780 pendete
992 2705 1110 2783 privato
1118 2703 1243 2765 arbitrio
1256 2702 1481 2778 ministrorum,
1495 2715 1529 2760 ee

449 2801 575 2885 proinde
588 2817 624 2865 eo
637 2802 734 2879 magis
746 2801 858 2864 nivium
871 2801 1011 2882 somnne,
1020 2801 1130 2883 honor,
1147 2801 1280 2881 libertos,
1295 2802 1355 2864 rite
1368 2800 1402 2862 in
1415 2799 1527 2861 hornen

451 2904 660 2965 ministrorum
671 2908 813 2983 potestate
822 2908 907 2963 eunt
915 2904 1007 2981 tirno,
1020 2920 1082 2983 qno
1095 2910 1168 2965 eunt
1177 2904 1239 2965 ille.
1244 2902 1346 2965 medie
1352 2901 1525 2970 monitione,

450 3022 486 3069 eo
499 3004 618 3067 desilies
632 3003 666 3064 hi
677 3010 805 3083 possunt
818 3002 927 3067 iisdem
948 3002 988 3065 ed
1005 3004 1121 3065 civium
1131 3006 1283 3083 totiusque
1296 3004 1448 3067 societatis
1460 3022 1526 3086 per·

451 3106 561 3170 melem
575 3104 670 3167 ebuli.
687 3102 779 3183 Atqui
788 3108 894 3165 mntrs
906 3102 971 3165 hee
982 3103 1118 3183 perieule
1132 3102 1256 3171 nudum
1264 3103 1425 3166 aliudesse
1435 3108 1529 3185 potest

452 3203 624 3284 presidium
638 3218 731 3281 quem
753 3204 888 3283 ipsorum
908 3204 1120 3267 ministrorum
1139 3202 1385 3286 presidentes,
1408 3203 1525 3281 religio.

457 3304 548 3383 lingo,
562 3310 618 3365 ete.
1381 3336 1385 3341 -

495 3406 566 3465 989.
583 3404 716 3465 conosi..
727 3406 915 3479 -Quenem
927 3404 1038 3485 polities
1057 3405 1204 3467 ministris
1218 3405 1319 3467 medie
1341 3406 1403 3466 sint
1422 3420 1530 3487 suppo

453 3502 576 3565 ditende
587 3501 749 3565 uideliote
769 3504 887 3584 possint
909 3504 1066 3567 dommodo
1079 3506 1254 3585 prevenire,
1270 3504 1352 3567 hand
1365 3504 1531 3569 difficulter

455 3620 490 3666 ex
502 3600 591 3665 dietis
600 3602 764 3681 colligitur.
775 3604 886 3667 Omnis
897 3604 1010 3667 seilicet
1027 3606 1128 3667 medie
1140 3621 1210 3684 que
1222 3611 1252 3666 et
1269 3608 1354 3684 juste
1369 3607 1403 3666 in
1415 3622 1450 3667 ee
1461 3605 1531 3686 ipsis

455 3710 485 3765 et
502 3702 539 3763 ed
553 3704 645 3773 tinem
662 3703 866 3767 obtinendum·
883 3711 964 3785 epta,
980 3707 1147 3768 neeesserie
1157 3714 1188 3767 et
1205 3704 1387 3767 sufficientis
1406 3706 1480 3785 sint,
1500 3708 1530 3767 in

457 3818 563 3865 eorum
587 3802 729 3865 menibus
755 3810 924 3884 ponentem
946 3805 1047 3866 media
1069 3804 1176 3883 utique
1195 3805 1307 3867 dimota
1323 3810 1357 3866 ‘et
1372 3804 1529 3884 indirecte,

456 3901 557 3963 medie
568 3916 663 3983 poerrae
676 3910 706 3965 et
721 3903 849 3983 premii,
870 3904 1022 3983 jussionis
1033 3910 1063 3965 et
1079 3903 1295 3983 persuasionis,
1314 3901 1533 3987 promissorum

456 4006 486 4061 et
499 4001 666 4063 minorum.

497 4104 546 4177 lt,
560 4118 622 4179 quo
636 4100 733 4179 magis
747 4102 918 4165 timendum
931 4109 977 4165 eet
988 4118 1028 4165 ne
1040 4102 1090 4165 his
1101 4103 1210 4165 mediis
1219 4104 1350 4165 ministri
1360 4104 1534 4178 meeum,

457 4217 493 4264 eo
514 4201 676 4262 sentinoso
690 4188 868 4280 prudentius
889 4203 922 4263 in
933 4208 993 4264 tote
1009 4202 1066 4265 hee
1084 4221 1118 4266 re
1132 4203 1284 4282 egendum
1299 4209 1357 4266 est.
1374 4206 1478 4278 Quare
1490 4222 1536 4265 as-

456 4300 711 4379 periorequeque
725 4300 824 4362 media
838 4302 997 4363 altioribus
1009 4303 1245 4383 magistratibus,
1260 4304 1315 4383 qni
1335 4303 1372 4365 ed
1387 4305 1536 4384 ejusmodi

457 4398 571 4460 ebusus
585 4398 687 4460 minus
699 4400 786 4479 proni
799 4408 880 4474 sunt,
891 4403 1038 4464 reserveri
1049 4408 1175 4484 oportet.

491 4500 540 4561 lie
550 4498 659 4561 mediis
671 4516 741 4562 vero
754 4500 984 4582 indireotieqme
1002 4503 1039 4565 ed
1053 4503 1163 4566 delicte
1173 4502 1383 4585 prevenienda
1392 4505 1537 4571 debente

458 4598 578 4681 publice
594 4602 769 4665 enetoritete
784 4602 932 4680 adhiberi,
948 4606 1013 4682 J'em
1035 4604 1109 4667 setis
1127 4604 1204 4668 libro
1226 4602 1259 4663 8·
1283 4598 1474 4685 disputetum
1483 4612 1534 4668 est.
