3559 5675
544 772 650 818 sursus.
677 790 712 803 -
733 770 816 817 naeu
837 768 1010 817 unnmmos.
1254 756 1313 819 357

261 880 335 943 sociis
348 884 375 941 et
393 880 521 961 principe
536 883 629 949 sirnul
649 884 816 960 coniunctis
837 888 961 955 constet,
977 880 1139 943 multitudo
1158 883 1312 961 propriam

262 978 308 1037 sibi
318 985 441 1039 mentem
452 996 486 1041 ao
497 997 619 1041 sensum
628 982 661 1041 in
670 983 799 1059 singulis
813 983 1001 1043 sociishabet
1014 998 1022 1042 :
1034 984 1087 1060 qni
1099 998 1206 1043 sensus
1221 986 1315 1061 potest

260 1077 423 1149 aroluotate
435 1081 578 1159 principis
587 1080 708 1143 offendi.
723 1085 820 1156 Quare
833 1080 952 1143 faederis
962 1082 1146 1145 conditiones
1155 1100 1173 1142 a
1183 1081 1315 1160 principe

259 1179 395 1256 proposita
413 1188 539 1257 possunt
558 1182 739 1260 quandoque
760 1183 906 1243 societatis
925 1183 972 1243 illi
990 1184 1115 1245 subdite
1134 1184 1316 1259 bonorepu·
1422 1184 1425 1191 “

257 1293 345 1353 pilare,
357 1296 389 1338 aa
408 1287 573 1359 propterea,
588 1287 623 1343 ut
641 1298 709 1359 qua
730 1284 849 1360 injusta
872 1289 984 1356 essent,
999 1289 1165 1361 nequeunt
1184 1282 1262 1349 licite
1279 1281 1317 1343 ab

257 1377 446 1441 aliasoeietate
458 1384 615 1461 acceptari,
629 1384 688 1444 nisi
706 1384 769 1445 hae
786 1383 858 1445 uelit
871 1385 924 1455 tali
941 1378 1094 1462 injrrstitiae
1104 1384 1265 1463 cooperari.
1277 1412 1318 1441 -.-

258 1479 283 1536 3ο
293 1480 411 1551 Quando
423 1482 529 1559 plures
539 1484 687 1562 principes
700 1484 897 1551 relationibus
912 1482 1317 1558 individualibusoom'uncti

257 1587 324 1649 sunt,
338 1588 462 1659 possunt
482 1585 588 1660 utique
599 1584 631 1645 bi
644 1585 853 1663 personalibus
874 1586 1019 1647 subsidiis
1030 1602 1064 1645 ao
1077 1584 1237 1649 benefactis
1251 1600 1320 1643 eas-

257 1680 311 1739 dem
322 1682 427 1752 fovere,
439 1682 658 1743 seditatamen
666 1690 701 1745 ut
713 1684 918 1763 personalium
928 1684 1095 1745 istiusmodi
1106 1682 1319 1745 beneficiorum

256 1780 390 1841 alternatio
413 1783 537 1844 nullum
559 1784 768 1860 societatibus,
788 1786 901 1865 quibus
922 1785 974 1846 -illi
1003 1791 1144 1864 presunt,
1171 1783 1317 1843 damnum

257 1880 285 1937 sit
302 1898 433 1959 unquam
455 1883 597 1945 allatura.
610 1917 650 1929 -
660 1885 692 1944 4⁰
705 1885 897 1963 idipsum-de
912 1886 1092 1964 polyarchiis
1107 1882 1319 1945 aristocratiois

255 1979 396 2043 dicendum
406 1989 463 2059 est,
480 1984 510 2043 in
524 1982 637 2060 quibus
647 1986 855 2047 eertoouidam
869 2003 998 2049 numero
1008 1987 1204 2054 familiarum,
1222 1998 1314 2061 penes

255 2096 316 2154 qum
327 2099 466 2162 suprema
490 2089 619 2161 potestas
638 2086 709 2159 jure
730 2085 912 2148 hereditario
932 2092 1102 2151 constanter
1127 2084 1247 2157 residet,
1261 2082 1320 2142 uti-

255 2179 374 2242 litateset
394 2184 553 2245 commoda
574 2190 646 2245 srrnt
668 2185 707 2245 ab
720 2185 853 2247 uniuersi
873 2187 977 2265 populi
993 2186 1174 2247 utilitatibus
1188 2184 1317 2245 diversa.

256 2283 365 2343 mount
376 2300 490 2365 nempe
511 2285 584 2347 tales
607 2287 809 2363 aristocratia,
825 2286 938 2349 foedsra
959 2306 1030 2349 cum
1044 2289 1112 2347 aliis
1131 2286 1320 2349 societatibus
1341 2348 1344 2353 ,

256 2380 396 2462 ineuntes,
421 2386 661 2465 particularibus
692 2388 757 2447 suis
786 2388 967 2448 utilitatibus
993 2395 1115 2448 eatenus
1140 2386 1320 2455 consulere,

254 2487 384 2553 quabnus
397 2484 491 2545 nullo
504 2502 558 2565 per
568 2501 620 2546 eas
637 2484 747 2546 damno
760 2486 808 2546 rel
821 2503 892 2548 suos
912 2486 959 2547 rel
971 2486 1085 2547 alienos
1104 2485 1238 2547 subditos
1252 2481 1321 2543 affi-

258 2578 332 2641 ciant.
351 2620 357 2628 -

284 2681 406 2745 ὒοιοιι.
420 2683 451 2744 4.
480 2715 520 2729 -
536 2686 580 2745 Ex
593 2684 738 2747 hactenus
751 2686 904 2767 explicatis
918 2686 981 2749 hmo
992 2690 1056 2764 jam
1070 2688 1141 2748 setis
1159 2693 1318 2765 constan22

255 2780 279 2836 1ο
290 2781 326 2842 Es
338 2782 506 2848 universali
516 2786 597 2861 juris
609 2785 755 2847 naturalis
773 2785 932 2864 principio,
954 2785 1035 2864 quod
1050 2792 1095 2849 est
1110 2802 1118 2845 :
1136 2784 1251 2848 Bucam
1263 2787 1318 2862 so-

252 2879 312 2955 rita,
334 2884 467 2945 societati
492 2882 626 2960 plurium
649 2885 806 2946 nationum
836 2885 1000 2962 aquarium
1023 2886 1168 2964 applicato
1187 2888 1317 2965 primam

249 2979 315 3051 juris
328 2983 569 3043 internetionalis
590 2983 688 3060 legem
710 2984 825 3059 enasci,
847 3000 916 3060 qum
935 2989 979 3044 est
993 2976 1043 3044 tea
1060 2983 1168 3044 amoris
1187 2983 1320 3046 interec-

252 3077 454 3143 inuria-‚m
474 3083 593 3144 Amoris
611 3083 851 3144 intemationalis
873 3083 1025 3160 objectum
1043 3083 1234 3160 adaquatum
1255 3103 1319 3147 essa

249 3179 363 3256 integras
379 3185 463 3260 ipsas
477 3183 630 3242 societates
644 3199 699 3242 seu
717 3183 865 3249 senones.
875 3213 914 3226 -
926 3181 957 3242 3⁰
973 3183 1059 3243 illius
1081 3183 1172 3244 finem
1188 3197 1252 3244 esse
1266 3201 1319 3244 ea-

250 3280 371 3342 rumdem
391 3282 553 3342 uatIonum
566 3282 751 3342 felicitatem.
760 3283 842 3342 --4θ
853 3283 1021 3359 organum,
1034 3300 1090 3361 per
1100 3283 1181 3360 qued
1192 3289 1318 3346 mutuus

251 3375 289 3436 bir
307 3397 387 3440 amor
407 3381 540 3440 exerceri
562 3379 662 3454 debet,
685 3397 750 3442 esse
765 3384 913 3458 cujusquo
935 3383 1065 3444 nationis
1087 3373 1317 3460 prinoipem-4

250 3477 411 3554 biformes,
426 3478 464 3538 ad
477 3494 554 3555 quas
567 3497 651 3540 amor
661 3481 714 3540 illa
723 3480 964 3542 internaticnalis
979 3481 1144 3559 exigendus
1159 3488 1214 3554 est,
1230 3476 1317 3557 hines

249 3591 301 3634 esse
315 3598 322 3635 ε
332 3577 500 3657 justitiam,
519 3595 587 3654 qum
605 3579 642 3639 ab
657 3580 765 3640 alienis
775 3581 897 3656 jnribus
912 3579 1055 3642 laedendis
1069 3580 1208 3657 abstinet,
1223 3598 1256 3642 ae
1268 3579 1317 3642 de-

249 3675 435 3753 nevolentiam,
448 3694 518 3754 qun
532 3693 602 3738 cum
616 3679 685 3740 aliis
705 3681 879 3742 nationibus
897 3698 951 3740 sua
966 3682 1043 3741 bona
1057 3681 1269 3744 communicat.

280 3782 420 3852 Quoniam
440 3799 524 3858 uero,
542 3791 578 3843 ut
595 3783 673 3858 alibi
693 3786 758 3861 jam
773 3786 945 3845 notavimus
959 3783 1057 3860 (917),
1080 3785 1228 3845 societatis
1247 3785 1314 3846 idea

247 3879 387 3958 complexa
400 3888 430 3943 et
445 3880 673 3943 multitudinem
686 3884 847 3958 sociorum,
861 3887 891 3940 et
908 3881 1029 3942 socialia
1043 3882 1189 3954 instituta,
1203 3889 1232 3944 et
1243 3895 1315 3961 per-

246 3993 337 4038 sonam
356 3982 388 4040 in
402 3997 465 4058 qua
479 3981 638 4042 auctoritas
655 3982 771 4042 socialis
782 3981 904 4054 residet,
920 3985 950 4039 et
967 3980 1151 4043 territorium
1163 3979 1244 4055 quod
1263 3999 1315 4042 so-

248 4075 325 4140 cietas
337 4081 454 4155 incolit,
474 4077 720 4159 comprehendit3
735 4081 846 4142 ideirco
862 4079 986 4157 singula
999 4080 1056 4138 ista
1074 4077 1222 4138 elementa
1244 4085 1315 4138 sunt

247 4180 344 4240 amoris
358 4179 600 4242 internetionalis
614 4180 738 4259 partiale
761 4187 791 4240 et
808 4179 1033 4258 inadequatum
1048 4175 1208 4253 objectum,
1223 4178 1313 4252 eujus

247 4281 490 4346 conservationem
504 4286 533 4341 et
547 4281 759 4358 perfectionem
774 4281 828 4341 ille
843 4293 929 4340 amor
942 4277 1019 4341 uelle
1033 4277 1129 4338 debet.
1211 4329 1216 4334 ,

279 4379 410 4441 tamrero
429 4381 524 4459 hujus
546 4381 659 4442 umoris
680 4381 922 4442 internetionalis
942 4387 972 4440 et
989 4377 1121 4440 officium
1143 4376 1212 4438 aliis
1225 4377 1313 4438 exhi·

248 4471 336 4553 bandi,
356 4487 386 4540 et
404 4480 537 4540 vicissim
546 4483 601 4557 J'us
613 4480 653 4541 ab
666 4480 734 4542 aliis
755 4480 911 4541 obtinendi
925 4479 1092 4556 cuicunque
1110 4477 1222 4537 nedoni
1241 4483 1311 4540 est:

247 4575 319 4648 quod
329 4578 451 4653 quidem
465 4598 530 4657 Jus,
544 4587 695 4658 quatenus
708 4581 757 4640 bio
771 4596 856 4641 amor
869 4579 907 4640 ad
921 4579 1019 4640 aliena
1027 4579 1097 4654 jura
1108 4591 1169 4636 non
1181 4576 1317 4638 laedenda

247 4675 378 4752 pertinet,
402 4685 447 4738 est
465 4684 518 4757 jus
538 4681 656 4760 proprie
683 4687 712 4741 et
735 4681 833 4742 stricte
856 4680 988 4755 dictum3
1015 4684 1165 4755 quatenus
1183 4693 1254 4738 roro
1274 4675 1314 4737 ad

246 4768 444 4838 benevolentia
457 4787 539 4840 aetus
555 4781 669 4851 attinet,
684 4787 729 4841 est
742 4783 794 4857 jus
809 4780 911 4842 miuus
925 4779 1043 4858 proprio
1064 4783 1093 4838 et
1105 4777 1208 4838 latiore
1223 4792 1311 4838 sensu
