3559 5675
587 811 698 858 1111111.
721 828 761 848 -··
778 811 867 858 111111
888 811 1025 860 meros.
1293 803 1352 865 119

267 911 310 972 ld
323 927 402 990 quas
416 915 499 994 leges
517 921 608 996 atque
622 917 756 986 instituta
769 919 899 998 pertinet
917 922 1007 982 etiam
1027 923 1059 982 in
1077 939 1199 1002 quaque
1215 926 1352 988 societate

263 1011 471 1090 iudiciorum,
496 1033 644 1078 sensuum
667 1023 695 1078 et
724 1017 883 1080 affectuum
904 1021 1068 1100 complexio
1092 1023 1246 1100 quedam,
1272 1041 1349 1104 quea,

267 1117 330 1170 orta
349 1115 488 1191 primum
507 1117 545 1177 ab
568 1119 606 1178 iis
627 1120 783 1180 eventibus
802 1120 883 1182 unde
904 1110 972 1181 talis
992 1123 1118 1184 societas
1138 1124 1186 1184 111
1207 1125 1352 1186 societatis

267 1207 364 1272 lorma
386 1215 534 1291 emersit,
558 1223 586 1278 et
608 1219 773 1280 auctoritati
798 1221 852 1299 ipsi
876 1228 906 1280 et
925 1220 1055 1282 societati
1076 1223 1224 1286 universe
1244 1223 1354 1284 indidit

268 1318 377 1372 certam
391 1316 560 1393 qtramdam
574 1317 731 1396 judicandi
745 1321 903 1392 rationem,
917 1327 948 1383 et
964 1327 1079 1382 certum
1094 1323 1257 1400 quemdam
1271 1323 1352 1404 poli·

268 1407 358 1470 tr'cwn
371 1415 464 1490 quasi
478 1413 662 1488 instinctam,
678 1419 733 1496 qui
746 1411 845 1479 teneus
859 1417 1031 1497 motiunculis,
1048 1420 1097 1482 vel
1114 1420 1238 1500 spiritus
1248 1420 1353 1502 pulli*

269 1526 318 1570 cro
329 1513 480 1594 appellari
494 1516 579 1577 solet.
593 1518 713 1590 Quavis
726 1518 809 1578 enim
823 1518 947 1580 societas
965 1519 1154 1598 particularis
1168 1521 1352 1584 subactione

269 1611 408 1690 principii
421 1613 581 1692 cujusdam
592 1616 765 1677 associantis
775 1617 907 1695 primum
920 1617 1042 1692 coaluit,
1053 1625 1187 1694 11111111
1197 1619 1353 1682 elementis

268 1725 335 1785 qum
354 1712 393 1772 ad
411 1720 525 1786 certam
538 1715 756 1776 individualem
773 1718 962 1778 existentiam
976 1720 1004 1778 ei
1024 1717 1214 1779 tribuendam
1230 1713 1353 1781 concur·-

268 1817 374 1870 rerunt
397 1811 495 1891 (473).
510 1816 586 1892 Ergo
606 1819 637 1876 11
659 1815 740 1892 leges
766 1821 795 1876 at
808 1817 944 1878 instituta
962 1821 1111 1894 cujusque
1129 1818 1275 1879 societatis
1287 1836 1353 1897 pre·

268 1911 343 1986 pria,
360 1917 391 1970 et
402 1914 470 1988 ejus
488 1930 612 1974 sensum
629 1914 813 1976 nationalem
832 1933 886 1977 seu
907 1918 1046 1994 spiritum
1062 1917 1218 1996 publicum
1239 1935 1351 1997 amare,

200 2046 204 2052 -
268 2023 445 2072 conseruare
460 2029 494 2073 ac
508 2003 648 2091 perlicere
663 2029 767 2075 omnes
781 2015 853 2076 socii
867 2016 999 2076 maxima
1012 2031 1084 2077 cura
1097 2016 1217 2078 debent.

308 2111 340 2172 3·
365 2113 557 2191 impossihile
576 2113 693 2174 homini
711 2120 757 2175 est
774 2114 918 2176 abstracta
942 2119 1023 2179 entia
1041 2118 1082 2177 ita
1104 2116 1354 2194 considerarent

270 2211 388 2271 eosdem
410 2229 519 2276 sensus
536 2229 613 2291 quos
629 2230 700 2290 erge
722 2213 776 2274 illa
793 2213 882 2292 leret,
897 2230 960 2276 non
973 2217 1130 2277 transierat
1147 2218 1237 2276 etiam
1254 2218 1288 2278 io
1302 2219 1354 2286 ol·-

268 2313 512 2386 imernalium
531 2313 642 2390 quibus
662 2313 714 2373 illa
734 2319 868 2375 concrete
886 2315 1027 2376 existunt.
1049 2313 1098 2394 Sic
1117 2315 1222 2376 odium
1238 2316 1354 2395 impre-

272 2409 368 2472 bitatis
387 2413 503 2474 invisos
524 2413 614 2472 etiam
631 2412 784 2491 improbos
802 2428 941 2490 quosque
962 2411 1069 2490 efficit,
1088 2419 1118 2472 et
1138 2413 1270 2473 absentis
1283 2432 1353 2492 per-

270 2526 350 2571 sone
369 2527 458 2572 amor
481 2527 582 2572 caram
604 2527 637 2572 ac
659 2510 861 2590 venerandam
885 2513 952 2588 ejus
974 2510 1105 2587 effigiem
1124 2511 1231 2599 reddit.
1251 2515 1354 2591 ltaque
1424 2552 1427 2558 -

271 2611 457 2690 impossihile
471 2612 581 2692 pariter
593 2616 638 2672 est
654 2611 859 2673 auctoritatem
872 2609 1011 2674 socialem
1023 2629 1133 2691 amare,
1147 2613 1223 2690 quin
1235 2620 1355 2676 ametur

270 2727 399 2790 persona
413 2712 468 2773 illa
481 2729 535 2772 seu
549 2711 670 2796 physica
686 2729 739 2776 scu
755 2711 890 2788 moralis,
902 2714 935 2774 in
947 2730 1008 2791 qua
1019 2713 1073 2774 illa
1088 2719 1223 2775 concrete
1235 2714 1353 2776 subsis-

271 2811 305 2870 tit
317 2817 409 2889 atque
424 2818 577 2893 operatur.
598 2872 602 2877 .
923 2810 925 2813 ’

307 2911 341 2971 l·
349 2912 503 2985 Quoniam
519 2913 633 2988 integre
646 2910 768 2971 societas
783 2912 948 2972 individuis
962 2910 1138 2973 hominibus
1151 2916 1352 2993 componitur,

269 3012 346 3072 sicut
373 3012 546 3071 societatem
570 3012 742 3071 universam
769 3026 870 3071 amare
895 3011 1026 3087 quisque
1047 3015 1175 3087 tenetur,
1195 3013 1236 3071 ita
1249 3007 1354 3084 omnes
1433 3003 1437 3009 ⁵

269 3111 360 3171 etiam
375 3115 407 3171 et
423 3110 557 3185 singulas
572 3111 638 3187 ejus
651 3117 750 3189 parles
764 3109 852 3173 cenet
866 3102 959 3169 simili
971 3125 1073 3169 amore
1084 3111 1252 3190 complecti.

308 3210 340 3269 5υ
365 3213 410 3270 Er
438 3214 540 3269 amore
567 3225 627 3286 quo
649 3213 678 3269 et
705 3208 873 3269 societatem
898 3207 1071 3269 universam
1094 3213 1124 3268 et
1143 3208 1262 3286 singola
1288 3211 1354 3287 ejus
1416 3263 1418 3266 .

270 3310 408 3370 membra
425 3310 496 3385 quis
509 3309 710 3389 prosequitur,
725 3294 858 3369 amorem
881 3308 972 3368 etiam
985 3298 1176 3388 publicorum
1197 3310 1310 3372 aedium
1325 3318 1355 3374 et

271 3413 458 3491 privatarum
474 3410 643 3488 domorum,
658 3410 769 3487 quibus
784 3426 879 3489 pagus
895 3416 947 3470 aut
961 3410 1032 3470 urbs
1050 3428 1178 3489 quaeque
1189 3421 1315 3489 constat,
1325 3420 1355 3477 et

273 3512 415 3573 territorii
430 3510 511 3587 qttod
527 3512 650 3571 societas
671 3510 722 3569 ille
740 3510 858 3584 incolit,
881 3516 911 3571 et
931 3516 1106 3571 caeterorum
1122 3514 1354 3591 omniumque

269 3615 303 3675 ad
316 3613 459 3673 ordinem
473 3615 540 3689 ejus
554 3610 739 3671 materialem
754 3611 914 3687 pertinent,
927 3611 1066 3688 consequi
1081 3628 1202 3674 necesse
1213 3621 1268 3675 est.
1284 3615 1354 3676 1111-

270 3714 333 3773 nim
349 3710 519 3772 materialia
534 3710 596 3771 haec
615 3711 717 3773 omnia
739 3708 877 3787 praesidia
898 3715 969 3769 sunt
983 3710 1109 3770 omnino
1122 3714 1288 3773 necessarie
1302 3730 1355 3775 so-

268 3814 384 3875 cietatis
399 3819 490 3889 etque
503 3810 729 3873 individuorum
742 3808 852 3887 quibus
866 3824 901 3869 ea
913 3810 1114 3889 componitur,
1121 3812 1351 3876 conservationi.
1421 3823 1424 3827 ’

270 3916 360 3991 Fuge,
372 3918 431 3973 ete,
765 3990 769 3997 ¹

307 4015 383 4074 918.
406 4008 537 4071 Conona
565 4008 594 4067 1.
621 4040 663 4055 -
683 4009 834 4084 Quoniam
848 4008 986 4087 quinque
1004 4006 1057 4067 illa
1080 4008 1196 4083 oltJ'ecta
1217 4010 1355 4087 partialia

269 4118 373 4192 patriae
402 4113 526 4173 nemine
552 4110 860 4191 comprehenduntur,
878 4110 1001 4170 evidens
1027 4114 1072 4169 111
1097 4110 1200 4188 patriae
1219 4125 1354 4196 amorem

269 4216 371 4275 varios
388 4211 501 4289 gradus
519 4212 675 4289 variasque
701 4212 811 4273 lermas
832 4225 1150 4289 assumerepossepro
1164 4209 1355 4273 (1111111111)-

267 4317 356 4393 jectis
378 4313 441 4374 11111
455 4312 490 4373 ad
508 4330 575 4391 qrtae
589 4314 744 4373 celeratur.
1029 4388 1033 4393 .

310 4412 485 4477 Notandum
508 4417 651 4491 preterea
678 4417 722 4471 est
748 4412 969 4472 incrementum
982 4408 1188 4473 multitudinis
1205 4412 1243 4473 ad
1263 4416 1357 4478 socie·

271 4516 338 4577 tatis
364 4514 538 4591 cujuspiam
552 4512 762 4591 perlectionem
789 4512 894 4587 utique
909 4511 1066 4587 pertinere,
1089 4514 1189 4585 Quare
1211 4514 1283 4576 boni
1310 4519 1355 4577 ci-

272 4616 316 4675 ris
341 4620 389 4674 est
411 4626 517 4672 curare
536 4618 570 4670 ut
594 4612 695 4689 patria
709 4606 875 4689 amplitudo
890 4607 981 4667 latius
1008 4626 1126 4687 semper
1149 4614 1352 4691 protendatur.

275 4714 413 4775 lamrero
425 4708 529 4790 populi
541 4708 671 4785 barbari,
689 4708 764 4769 ideis
780 4705 986 4768 materialibus
1001 4706 1071 4767 unis
1094 4707 1184 4789 alllri,
1210 4718 1239 4773 et
1262 4714 1356 4786 socie·

275 4810 337 4877 lem
351 4804 594 4891 magnitudinem
609 4806 700 4874 aliam
715 4804 831 4873 nullam
843 4821 938 4889 quem
954 4804 1140 4871 mauricien
1149 4816 1355 4892 1111111111,
