3559 5675
458 718 519 785 52⁰
865 736 945 783 tunm
965 734 1124 783 nemeina

499 846 601 921 Neque
617 848 743 922 possunt
757 859 811 921 per
822 842 1013 905 traditionem
1028 842 1105 905 illud
1119 844 1276 905 eondrere.

500 944 576 1003 Nam
594 952 666 1003 1001
680 942 835 1005 traditione
845 950 961 1005 eertum
975 950 1005 1005 et
1016 942 1311 1005 iniallibilenullum
1322 947 1507 1020 argumentum

460 1042 531 1105 duoi
548 1058 633 1121 posse
647 1048 843 1121 protestantes
859 1043 1039 1119 generaliter
1053 1049 1201 1105 statuunt.
1218 1042 1329 1105 ldoireo
1340 1043 1417 1103 enim
1428 1043 1507 1102 meri·

460 1157 546 1201 mum
568 1140 643 1201 illud
657 1158 720 1203 sua
736 1140 877 1203 doctrine
889 1141 1070 1221 prinoipium
1090 1147 1219 1223 ponunt,
1234 1143 1398 1220 Scripturas
1414 1142 1511 1201 unitam

460 1255 527 1302 esse
539 1240 610 1303 fidei
623 1241 794 1303 christiana
815 1242 965 1319 regulam.
987 1244 1114 1305 littero
1137 1242 1255 1303 infinita
1276 1248 1347 1309 nint
1366 1242 1397 1301 in
1414 1243 1512 1301 Peuun

460 1342 666 1420 antiquorum
687 1343 922 1420 amieoneaiva
942 1343 1016 1405 alias
1036 1344 1174 1405 tentatos
1190 1344 1223 1403 in
1235 1344 1392 1423 seripturis
1411 1342 1514 1403 minine

461 1442 770 1515 oonteutasdoeentie,
782 1444 1074 1523 siveSoripturarum
1085 1459 1209 1503 sensum
1220 1442 1515 1518 determinantem

460 1542 560 1603 nihilo
581 1543 751 1605 minoribus
772 1542 888 1623 pollent
910 1543 1090 1605 sineeritatis
1113 1542 1249 1605 veridiesr
1271 1540 1480 1605 eonditionibus
1495 1546 1517 1599 et

460 1644 658 1720 agamenes,
668 1660 761 1721 quam
771 1643 824 1703 illa
833 1642 1002 1705 testiiieatio
1011 1642 1179 1705 bibliorum
1188 1642 1377 1705 divinitatem
1387 1656 1515 1703 essenon

462 1760 498 1805 ea
510 1750 612 1806 mmen
638 1745 752 1820 omnia,
772 1745 910 1821 memus
937 1742 1116 1825 universali,
1136 1742 1449 1829 mustanti,·unsnimi
1470 1746 1518 1799 tra·

462 1843 576 1905 ditione
595 1844 751 1905 manifeste
770 1844 884 1921 iusim,
900 1850 1096 1923 protestantes
1116 1845 1241 1906 omnino
1261 1853 1417 1923 respuunt
1433 1843 1517 1919 lgimr,

464 1943 491 2003 si
508 1942 628 2004 traditio
639 1942 676 2003 ad
688 1944 843 2005 vamtatem
855 1942 926 2005 idei
945 1943 1189 2022 comperiendam
1200 1949 1246 2005 est
1258 1960 1313 2024 per
1326 1960 1360 2005 se
1371 1956 1404 2004 ao
1416 1958 1519 2019 genem

462 2039 533 2104 liter
553 2042 788 2103 instrumentum
808 2042 957 2121 ineptum,
970 2044 1001 2103 in
1021 2058 1204 2121 quoeunque
1221 2044 1335 2124 pariter
1347 2040 1521 2104 oonborereia

465 2141 603 2221 ineptum
616 2142 683 2217 erit,
697 2147 727 2205 et
737 2141 824 2203 nulla
835 2143 943 2205 ueritas
956 2143 1063 2222 poterit
1076 2160 1211 2221 unquam
1230 2142 1391 2205 traditione
1410 2156 1522 2218 oompm·

466 2240 542 2303 bari.
558 2244 635 2319 Ergo
648 2258 747 2321 neque
761 2240 929 2304 Bibliorum
943 2242 1083 2304 divinitas
1103 2242 1224 2304 tellibili
1236 2248 1266 2304 et
1278 2242 1394 2304 incerto
1412 2240 1520 2302 traditio

468 2341 516 2403 nis
529 2342 699 2402 testimonio
710 2346 806 2420 potest
816 2340 1014 2403 infallibiliter
1025 2340 1176 2403 constitui.

508 2443 541 2501 2⁹
555 2443 669 2503 Demus
682 2440 912 2520 protestantibus
926 2442 1071 2521 tantisper
1084 2442 1161 2503 bano
1176 2442 1308 2518 reniam,
1321 2447 1359 2503 ut
1376 2440 1523 2510 traditione,

468 2558 561 2620 quam
582 2541 740 2618 univerae,
760 2547 915 2620 amquam
935 2542 1071 2621 ineptum
1092 2546 1122 2603 et
1141 2541 1298 2603 infirmum
1319 2542 1523 2615 testimonium,

468 2640 642 2721 repudient,
656 2646 782 2703 utentem
799 2641 1000 2703 nihilominus
1011 2642 1043 2703 iu
1056 2658 1146 2703 causa
1159 2642 1301 2721 peouliari
1319 2642 1360 2703 ad
1380 2642 1525 2705 bibliorum

468 2741 654 2803 divinitatem
664 2741 863 2804 statuendam.
875 2744 913 2803 tlt
921 2759 956 2804 ee
969 2741 1088 2803 traditio
1099 2741 1277 2819 generaliter
1288 2748 1407 2803 eninm
1421 2740 1527 2803 elflrrmt

470 2845 570 2907 hosat
583 2843 651 2904 illos
662 2841 756 2904 libros
768 2842 863 2905 tuisse
875 2843 1021 2905 divinitus
1034 2842 1205 2922 inspiratos,
1219 2842 1340 2920 illisque
1354 2844 1408 2905 liei
1421 2842 1527 2904 verbum

470 2942 629 3006 eondneri.
650 2942 710 3016 Qui
732 2949 834 3003 nmen
853 2941 924 3002 libri
944 2941 1116 3006 seculorum
1138 2940 1266 3004 deoursu
1287 2947 1452 3022 potuerumt
1472 2953 1528 3000 sene

469 3044 635 3125 eorrumpi,
648 3042 823 3118 adulterari,
840 3040 974 3121 deperdi,
990 3043 1059 3104 aliis
1072 3041 1104 3104 iu
1118 3059 1222 3104 eorum
1236 3041 1338 3105 looum
1353 3060 1372 3104 e
1386 3045 1528 3104 serenare

428 3131 432 3137 ’
470 3147 613 3225 quopiam
631 3145 805 3224 suppositis.
826 3146 988 3222 Quumque
1009 3143 1230 3222 seripturarum
1256 3143 1463 3218 versionibus,
1481 3153 1529 3200 non

471 3243 659 3326 primigeniis
679 3241 900 3322 exemplaribus
912 3242 1060 3305 bebraiois
1079 3247 1131 3304 eut
1150 3243 1266 3320 meeis,
1286 3241 1426 3322 plerique
1443 3255 1529 3303 omnes

471 3351 606 3420 namur,
624 3348 786 3424 potuemus
802 3343 952 3423 permulta
971 3345 1053 3406 iniis
1074 3343 1111 3406 ad
1128 3342 1250 3421 linguas
1267 3343 1344 3405 alies
1363 3351 1453 3422 etque
1474 3339 1530 3401 alies

472 3443 683 3508 transferendis
695 3445 805 3506 vitiari.
819 3446 862 3506 Ae
873 3444 971 3506 multa
984 3442 1108 3522 quidem
1123 3444 1217 3506 luisse
1231 3445 1264 3506 in
1277 3442 1426 3520 eJusmodi
1439 3441 1529 3502 versio

472 3545 564 3606 nibus
584 3545 740 3606 immutate
758 3561 863 3626 reapse
884 3551 914 3606 et
934 3549 1071 3624 oenupte
1090 3543 1207 3622 liquido
1229 3548 1367 3623 petates
1388 3541 1529 3602 manileste

471 3643 610 3706 oedieum
627 3643 792 3705 multorum
808 3644 1021 3722 discrepantia.
1034 3645 1180 3718 Quaenam
1194 3643 1286 3721 igitur
1299 3642 1456 3714 editiones,
1467 3655 1529 3717 qun

470 3759 543 3806 nam
561 3743 752 3822 exemplaria,
773 3759 914 3820 quanam
932 3744 1097 3818 versiones,
1119 3759 1156 3805 ex
1177 3743 1214 3804 iis
1233 3758 1300 3820 qus
1322 3742 1402 3804 inter
1418 3739 1528 3818 indens,

472 3842 633 3905 eetbolioos
653 3848 743 3919 etque
756 3843 943 3903 infinitarum
965 3848 1115 3904 saetarum
1133 3844 1328 3924 protestantes
1342 3841 1371 3902 id
1386 3838 1531 3902 atatiseir-

473 3943 696 4017 eumieruutur,
716 3939 895 4004 authentice
915 3944 976 4004 sint
993 3943 1150 4022 Sedpture
1163 3943 1300 4004 divinum
1313 3939 1441 4004 uerbum
1456 3935 1532 4000 eonti-

475 4047 592 4117 nentes,
610 4043 732 4102 Petrum
751 4043 946 4120 antiquorum
967 4042 1085 4114 traditio
1098 4059 1160 4104 non
1173 4042 1267 4104 dooet
1283 4043 1360 4118 Ergo
1373 4040 1432 4102 boo
1450 4051 1530 4099 unum

474 4141 662 4221 poteruntad
678 4157 834 4204 summum
846 4148 1040 4222 protestantes
1057 4161 1074 4204 a
1087 4141 1244 4204 traditione
1257 4145 1379 4204 Petrum
1398 4139 1531 4215 mingere

474 4244 637 4325 scripturas
647 4257 745 4304 saetas
754 4243 848 4304 inisse
858 4242 932 4303 olim
942 4243 974 4304 in
983 4241 1217 4306 christianorum
1232 4240 1373 4304 manibus
1387 4245 1417 4300 et
1426 4237 1532 4318 sorenes

474 4340 574 4402 adhue
585 4355 670 4402 esse:
685 4346 726 4418 at,
738 4347 843 4404 uuum
854 4341 915 4404 ille
930 4350 1009 4404 certo
1023 4341 1122 4404 adhue
1132 4343 1294 4422 supersint,
1309 4345 1339 4401 et
1351 4339 1475 4402 ubinam
1487 4333 1532 4396 ille

474 4441 546 4516 sint,
561 4442 594 4501 in
607 4441 719 4519 quibus
737 4442 972 4521 exemplaribus,
992 4443 1023 4503 in
1043 4442 1155 4521 quibus
1177 4440 1379 4518 versionibus,
1392 4440 1423 4500 in
1437 4436 1532 4518 quibus

464 4541 668 4619 editionibus,
680 4557 836 4621 nunqnam
852 4544 898 4605 illi
912 4548 1050 4623 poterunt
1063 4542 1226 4624 prudenter
1236 4541 1373 4603 definire.
1459 4561 1465 4572 ·

512 4641 545 4702 3·
566 4643 603 4702 Ut
615 4645 736 4705 Petrum
753 4645 947 4724 antiquorum
970 4641 1158 4705 traditionem
1179 4657 1412 4720 cognoscemus,
1427 4635 1529 4720 perrel·

470 4742 562 4804 rendi
582 4743 669 4805 nobis
682 4750 754 4806 aunt
767 4743 934 4822 seduloque
948 4741 1126 4826 inspiciendi
1142 4757 1247 4803 eorum
1268 4739 1351 4816 libri,
1365 4737 1455 4802 etalii
1474 4749 1530 4796 oum
