3559 5675
471 768 474 772 ¹
578 804 685 849 sunus.
711 819 746 835 υ-
770 800 856 847 cinea
876 799 1012 847 curatus.
1286 786 1324 848 nt

288 912 331 971 lix
344 909 462 987 quibus
476 908 621 969 omnihus
633 907 885 984 intelligiturque
898 921 988 965 sensu
1002 904 1117 966 dicatur
1132 920 1208 985 sepe
1220 910 1328 967 auctu·

249 1011 320 1071 ritas
341 1008 512 1072 dominium
534 1007 708 1089 trunsum,
715 1005 794 1087 jura·
803 1002 989 1086 suspendere,
1006 1008 1060 1066 etc.
1073 1007 1146 1079 Quae
1161 1022 1233 1067 sana
1247 1006 1328 1069 lucu·

250 1112 344 1173 n'ones
360 1110 516 1190 duplicem
530 1126 666 1186 sensum,
677 1109 711 1169 in
722 1114 819 1189 partes
831 1105 996 1169 mutuarias
1008 1104 1129 1184 longius
1141 1123 1228 1186 aquo
1238 1122 1327 1171 eroc-

250 1211 382 1283 dentem,
398 1211 513 1273 haltere
524 1214 672 1291 possunt:
792 1272 797 1279 .

286 1317 309 1375 Ι.
340 1316 449 1375 Posset
466 1312 537 1391 quis
563 1312 732 1373 existimare
749 1310 919 1382 auctoritati
944 1308 1034 1372 nacae
1056 1324 1110 1389 pro
1132 1308 1255 1373 arbitrio
1275 1326 1332 1374 suc

248 1418 318 1493 jura
332 1418 474 1491 mutare3
488 1413 577 1490 quasi
590 1412 725 1473 humana
738 1413 899 1473 auctoritas
914 1410 947 1471 in
961 1409 1044 1488 legas
1065 1410 1157 1473 etiam
1177 1411 1331 1475 naturales

250 1514 366 1594 aliquid
379 1520 499 1594 posset,
517 1512 599 1593 quod
610 1510 791 1574 lrlsumest.
944 1524 947 1529 ·

285 1614 324 1677 ll.
337 1614 444 1677 videri
457 1620 555 1696 potent
571 1611 731 1677 declaratio
751 1611 832 1690 juris
858 1610 898 1674 ab
919 1612 1093 1675 auctoritate
1109 1613 1187 1675 lacta
1209 1613 1330 1677 nullam

249 1711 462 1776 haherealiam
474 1712 648 1792 nimquam
662 1728 731 1791 qua
744 1710 900 1775 audentia
909 1712 1042 1773 tentatis
1064 1712 1219 1774 declarata
1234 1713 1330 1792 inest;

249 1813 327 1892 quoti
340 1816 458 1877 iterum
472 1815 625 1876 averitate
645 1812 781 1875 alienum
793 1818 848 1891 eat,
864 1813 977 1893 mrippa
997 1813 1079 1891 quod
1094 1813 1263 1876 auctoritati
1282 1828 1330 1875 κου

250 1916 317 1977 ciali
329 1914 417 1978 nihil
434 1916 610 1979 concederet
621 1913 774 1993 quodnou
787 1914 822 1974 in
834 1914 940 1995 privati
956 1914 1120 1992 cuiuslibet
1133 1914 1262 1977 doctoris
1278 1914 1330 1992 ]ἰιὁ

252 2017 332 2079 ribus
354 2019 409 2081 sit.
428 2018 468 2078 tlt
479 2016 639 2078 declaratio
654 2014 706 2076 illa
721 2014 760 2076 ab
773 2017 949 2077 auctoritate
965 2032 1123 2089 emanans,
1138 2032 1327 2096 quiunquam,

254 2120 337 2182 sicuti
348 2133 543 2197 quacunque
551 2118 611 2196 lex,
622 2116 709 2178 debet
721 2116 827 2193 utique
840 2115 1003 2178 inveritate
1012 2116 1146 2195 fundari,
1156 2134 1217 2178 uon
1228 2124 1331 2181 tamen

255 2217 344 2279 aetla
352 2217 401 2279 rei
414 2217 539 2279 venete
548 2217 611 2278 rim
626 2213 786 2292 obligandi
796 2213 940 2292 desumit,
955 2213 1007 2277 sod
1027 2206 1195 2296 praesertim
1208 2234 1225 2277 a
1238 2234 1333 2297 supe·

257 2317 334 2379 rene
346 2316 552 2380 declaratione
564 2330 633 2395 quer
650 2315 761 2377 idcirco
773 2314 884 2376 dicitur
897 2314 1086 2396 imperativo.

295 2418 420 2480 intutu
448 2419 479 2479 3.
507 2416 679 2483 universale
703 2415 888 2497 principium
905 2414 1008 2493 legum
1032 2416 1201 2493 socialium,
1219 2414 1332 2480 Bonum

261 2534 399 2581 mnam
418 2516 526 2599 facito,
540 2516 648 2580 aniom
664 2516 748 2579 civili
762 2514 908 2579 hactenus
922 2514 1149 2597 applicavimus.
1168 2518 1332 2583 tam'facile

257 2626 295 2683 et
308 2621 412 2683 wem
426 2627 531 2703 aptare
544 2620 643 2699 legem
655 2618 927 2695 fundamentalem,
942 2633 1004 2698 qua
1017 2620 1050 2682 in
1065 2620 1235 2684 mediorum
1249 2623 1333 2689 elec-

255 2722 329 2786 t‘one
341 2724 437 2802 dirigi
448 2724 579 2803 quisque
591 2722 689 2785 debet.
702 2724 790 2800 llam,
803 2722 864 2783 line
875 2721 1084 2804 determinato,
1097 2724 1196 2787 media
1212 2734 1334 2807 quoquc

253 2828 312 2886 tim
326 2825 496 2888 theoretica
511 2829 579 2887 tum
589 2823 717 2904 practica
736 2829 807 2885 sunt
819 2822 876 2905 hoc
889 2823 954 2904 ipso
966 2822 1099 2887 definita.
1140 2886 1142 2896 ,

286 2928 432 2988 Attamen
444 2933 572 3006 mesum
585 2942 663 3006 saepe
686 2923 786 2986 media
810 2941 875 2987 essa
900 2925 1063 3003 subjective
1087 2925 1330 2994 indeterminatas

251 3026 340 3088 Civile
352 3027 449 3105 igitur
462 3027 610 3088 societatis
622 3025 755 3090 officium
766 3028 810 3087 est
823 3023 993 3086 mediorum
1004 3023 1040 3086 ad
1054 3026 1219 3105 proprium
1232 3027 1331 3089 civilis

251 3127 366 3188 ordinis
381 3129 474 3189 tinem
484 3128 701 3206 pertinentium
715 3125 904 3207 perspicuam
919 3125 976 3187 sibi
992 3125 1129 3187 notitiam
1145 3139 1328 3206 comparare.

289 3231 424 3291 Possum
433 3236 534 3290 autem
543 3229 607 3291 hec
620 3228 732 3304 media,
744 3233 780 3288 ut
788 3243 887 3308 nuper
901 3227 1071 3304 innuimus,
1081 3243 1146 3290 esse
1155 3229 1204 3290 vel
1217 3227 1331 3292 theore-

251 3329 307 3390 tica
318 3327 370 3392 rel
384 3330 524 3410 practica.
537 3331 612 3391 Nam
637 3334 795 3408 postquam
813 3324 992 3405 generaliter
1000 3329 1065 3404 jem
1082 3327 1173 3390 luerit
1186 3330 1330 3391 coustitu-

251 3434 326 3506 tum,
341 3448 372 3490 c.
388 3447 437 3509 9.,
452 3429 566 3491 bonum
591 3429 747 3509 publicum
768 3428 924 3490 obtentum
945 3429 981 3488 iri
1006 3431 1185 3492 commercia
1208 3447 1331 3510 promo·

251 3528 357 3601 mado,
367 3529 465 3591 bonae
477 3529 628 3592 doctrinas
641 3528 844 3611 propagando,
853 3529 1051 3608 quarendum
1062 3527 1331 3612 adhucestquibus

253 3630 375 3691 tandem
385 3629 496 3692 mediis
509 3629 668 3693 obtinendi
682 3631 744 3691 sint
756 3629 790 3691 hi
801 3628 877 3692 lines
891 3630 1072 3708 secundarii,
1082 3633 1135 3712 qui
1148 3638 1177 3694 et
1188 3633 1246 3714 ipsi
1258 3641 1331 3696 suut

253 3731 350 3792 mealia
361 3736 500 3812 respectu
514 3731 586 3793 boni
606 3731 777 3806 eommunis
789 3731 929 3793 universe
951 3733 1074 3813 sumpti.
1095 3733 1192 3795 lledia
1207 3735 1332 3818 theore-

253 3833 310 3896 tica
323 3833 359 3894 in
370 3831 478 3896 ordine
491 3833 571 3894 civili
591 3839 664 3894 suut
683 3832 738 3894 illa
749 3849 817 3910 qua
838 3832 1015 3895 menterno
1037 3835 1202 3896 materialis
1217 3844 1332 3900 naturae

251 3940 413 4012 autumate
436 3933 677 4014 suppeditantur.
697 3932 792 3996 llcdia
812 3935 942 4012 practica
963 3934 995 3994 in
1017 3935 1121 3996 eodem
1142 3935 1246 3999 ordine
1261 3946 1334 4002 sunt

249 4051 364 4114 eaque
377 4033 611 4096 desumuntura
624 4034 743 4113 propria
754 4032 888 4094 hominia
904 4039 1024 4108 natura,
1040 4051 1132 4112 quam
1142 4036 1240 4098 civilis
1254 4039 1332 4100 actio

249 4134 336 4197 dehet
349 4133 388 4195 ad
404 4147 566 4195 commuue
591 4131 706 4194 bonum
731 4130 923 4194 efficiendum
943 4150 1134 4213 permovere:
1142 4135 1233 4198 Plena
1244 4145 1331 4201 utro-

249 4251 382 4314 rumque
396 4233 528 4310 cognitio
545 4233 703 4310 conjuncta
716 4249 786 4295 oum
801 4229 911 4293 efficaci
932 4233 1083 4296 voluntate
1102 4235 1175 4298 honi
1192 4253 1330 4303 commu·

251 4337 298 4397 nis
325 4332 527 4415 procurandi,
553 4331 719 4413 perlectum
746 4331 931 4394 auctoritatis
954 4333 1091 4396 ordinem
1118 4337 1154 4397 ad
1182 4339 1329 4404 actionem

252 4436 393 4498 enatem
416 4419 581 4496 mnetituit.

289 4535 357 4594 lam
371 4535 447 4597 lainc
456 4532 685 4613 quisquelacile
694 4530 851 4611 intelliget,
863 4531 1007 4596 socialem
1021 4537 1160 4612 quamvis
1173 4542 1330 4607 auctorita·

251 4638 310 4693 tem
326 4630 497 4713 plurimum
509 4634 620 4695 distare
630 4634 668 4696 ab
687 4633 739 4696 illc
753 4633 890 4696 absoluto
909 4635 942 4696 in
956 4651 988 4697 rc
1002 4635 1123 4716 publica
1137 4641 1267 4717 gerenda
1280 4663 1329 4706 ar-

250 4732 353 4809 bitrio,
368 4729 506 4811 qarodilli
520 4747 677 4812 perperam
691 4752 708 4795 a
720 4734 903 4813 quibusdam
925 4737 1076 4798 tribuitur.
1099 4741 1215 4802 Etenim
1233 4745 1286 4806 illa
1302 4751 1331 4806 et

252 4831 304 4892 lini
323 4831 430 4895 sociali
451 4838 481 4893 et
493 4831 660 4895 mediorum
674 4833 772 4896 ordini
787 4842 850 4897 tum
864 4835 1024 4901 theoretico
1040 4844 1104 4900 turn
1119 4843 1246 4919 practico
1259 4848 1328 4910 ads-

373 4946 408 4992 ιι.
1149 4939 1170 5000 ’l
