3559 5675
516 719 625 792 susan.
650 764 687 779 -
708 750 794 796 uren
815 751 948 798 munus.
1215 737 1275 808 m

247 864 315 936 aune
327 852 555 932 immigrationes,
576 867 708 930 quarum
724 856 814 936 plene
825 861 898 918 sunt
913 857 1043 920 historie
1057 863 1254 930 monumenta
1261 874 1272 938 3

246 956 383 1037 mjusmodi
396 961 473 1030 sunt,
486 972 513 1014 u.
528 971 576 1033 q„
591 957 747 1032 emigratio
759 958 958 1020 israelitarum
975 975 1009 1020 ex
1022 959 1158 1040 rEgspto,
1173 961 1275 1042 irrup-

246 1057 425 1122 tioGothomm
438 1056 469 1116 in
480 1071 639 1118 romanum
655 1058 827 1137 imperium,
839 1065 869 1120 et
882 1057 1070 1136 hujusmodi.
1084 1061 1174 1124 Nobis
1186 1061 1275 1124 suffl-

245 1157 445 1221 riatdeeoloniis
456 1162 630 1218 nostrornm
642 1164 824 1238 temporum,
840 1176 874 1220 ao
894 1159 930 1228 de
941 1161 1064 1224 illerum
1078 1177 1148 1224 eum
1160 1163 1272 1226 'metros

244 1259 286 1337 poli
297 1255 472 1320 relationibus
485 1256 625 1318 nonnihil
639 1257 803 1336 attingere
839 1308 842 1312 .
1165 1301 1167 1304 -

271 1358 336 1418 ut.
357 1354 472 1433 quidem
495 1354 692 1443 quarendum
714 1361 759 1416 est
781 1355 855 1435 quiri
875 1357 938 1418 sint
958 1356 1110 1420 hodierna
1132 1361 1273 1442 solonia;

242 1458 268 1518 ll.
279 1461 363 1518 nuum
374 1456 409 1516 iis
419 1451 607 1516 liceatsesee
620 1454 821 1534 metropoleos
840 1454 959 1534 polition-
974 1460 1146 1522 artetur-itate
1157 1463 1275 1524 subtra-

242 1553 300 1616 iera.

268 1660 286 1720 l.
298 1659 438 1723 tiodiemea
456 1659 581 1723 colonie
598 1665 671 1721 sunt
685 1659 936 1741 pertesnumdam
956 1653 1163 1743 europaenmnr
1184 1665 1275 1728 sorie-
1351 1691 1353 1696 ·

240 1764 394 1839 struprum
405 1760 520 1823 anxilio
541 1765 571 1821 et
583 1759 642 1824 sub
662 1747 842 1825 securitate
854 1761 963 1840 prioris
978 1764 1082 1842 patrim
1096 1762 1275 1842 emigrantes

238 1858 350 1924 adunas
361 1877 426 1940 qun
438 1860 564 1923 umente
582 1865 612 1921 et
624 1859 742 1922 nullius
755 1859 889 1924 dominio
910 1861 1051 1942 rabiente
1065 1863 1274 1928 existimaban-

238 1965 280 2038 tm,
292 1959 456 2022 inoolendas.
473 1960 569 2037 igitur
583 1959 700 2045 colonia
722 1967 913 2042 estrespeetu
936 1964 1133 2044 metropoleos
1154 1981 1273 2040 conpor-

239 2061 450 2140 tiunqnotltlnm‚
476 2067 507 2120 at
525 2059 673 2139 qupmdiu
693 2061 865 2140 metropolis
884 2051 982 2140 potest
1003 2081 1038 2126 an
1058 2064 1123 2124 vult
1136 2081 1200 2125 earn
1215 2063 1272 2125 sibi

237 2159 781 2239 majumam-retinerauenereamuem
792 2160 916 2238 habere,
927 2160 1137 2242 qnnlisrevera
1151 2163 1206 2223 illa
1217 2170 1274 2237 est,

237 2275 279 2321 non
293 2267 323 2322 ut
341 2278 466 2338 serram,
489 2259 541 2324 sed
561 2265 596 2320 ut
613 2259 740 2338 publice
761 2259 848 2320 illius
865 2261 1012 2322 societatis
1038 2266 1161 2339 partem.
1178 2264 1275 2336 Quare

235 2358 327 2422 olonie
336 2363 485 2439 uniusque
491 2360 575 2438 jura,
597 2358 743 2420 absnaole
761 2357 923 2436 loquendo,
937 2363 1008 2418 sunt
1019 2360 1143 2419 omniuo
1153 2359 1275 2436 juribus

232 2457 328 2520 aliomn
334 2461 442 2522 uirium
452 2459 551 2540 paria.
561 2459 612 2533 m,
620 2461 753 2519 oonerete
764 2473 826 2517 rem
836 2455 1063 2530 oonsirlerando,
1074 2455 1184 2518 debent
1192 2455 1274 2520 illius

230 2555 445 2639 amterminum
460 2555 575 2644 sirium
582 2557 654 2633 jnra
667 2555 743 2616 laeto
753 2556 964 2618 convenienter
979 2555 1146 2633 temperari.
1158 2557 1275 2634 ltaque,

232 2657 326 2736 aienius
336 2658 458 2722 roloniae
481 2655 700 2720 administratio
714 2659 744 2714 et
760 2655 855 2715 tutela
876 2656 1004 2732 majores
1018 2661 1157 2734 sumptus
1170 2662 1274 2736 posttr-

231 2754 350 2833 ktleiet
362 2758 423 2837 iiia,
438 2759 589 2835 majorem
603 2755 763 2816 hominurn
774 2760 804 2816 et
820 2755 955 2835 pecuniae
968 2757 1029 2815 rim
1043 2755 1275 2834 suppeditando,

231 2855 255 2913 nl
273 2874 314 2919 eos
328 2864 465 2939 sumptus
489 2856 603 2934 largius
625 2854 825 2930 oontriuuere,
850 2861 880 2915 et
904 2856 1042 2937 majores,
1057 2870 1132 2931 quos
1154 2873 1208 2939 pro
1223 2846 1275 2917 illa

229 2954 348 3035 inpensas
359 2967 388 3022 et
399 2956 523 3022 labores
546 2954 717 3036 metropolis
733 2954 887 3033 suscipiat,
902 2970 971 3015 curn
987 2970 1072 3030 aeqtra
1087 2955 1274 3033 proportione

228 3070 397 3137 onpensare.
648 3102 650 3106 -

255 3159 415 3223 liliatum
428 3152 633 3242 primitivum,
650 3154 742 3232 aquo
751 3153 825 3214 tales
834 3150 959 3213 oolorriae
974 3152 1121 3228 originem
1138 3150 1275 3225 trahunt,

229 3271 309 3319 eamn
319 3276 385 3322 enm
396 3257 559 3336 metropoli
571 3254 743 3316 societatem
754 3268 816 3314 non
828 3251 907 3330 parit
917 3268 971 3331 por
989 3250 1194 3313 voluntarium
1209 3268 1276 3331 par·

229 3360 292 3434 turm
304 3359 351 3421 aed
365 3358 425 3421 ille
435 3360 605 3435 naseuntur
618 3354 781 3426 associatae,
792 3350 870 3413 sieut
891 3350 992 3411 iniens
1012 3366 1081 3411 eum
1100 3350 1276 3413 sualarnilia

230 3458 516 3523 moeuusnaseitur.
536 3456 616 3531 Ergo
636 3470 654 3513 a
672 3452 750 3513 laeto
768 3450 932 3511 associante
951 3449 1070 3514 nrrllum
1083 3448 1131 3509 hm
1156 3450 1277 3513 roloniae

226 3555 265 3627 jus
278 3557 452 3627 dissolvendi
477 3570 531 3634 pro
544 3552 642 3613 lubito
661 3550 786 3626 vinculi,
806 3552 868 3627 qino
888 3564 958 3609 unm
979 3546 1142 3629 metropoli
1150 3540 1277 3629 eonjun·
1310 3566 1322 3581 ‘

227 3659 454 3736 guntnr‚habere
476 3656 614 3734 possunt.
634 3652 773 3713 Attamen
794 3650 883 3709 varim
907 3664 1003 3709 oausae
1025 3647 1166 3730 deinceps
1183 3650 1278 3729 hujus
1331 3714 1335 3721 ,

226 3756 628 3823 mmumlrenuioeeurrsre
640 3751 747 3828 utique
758 3755 896 3828 possunt.
1082 3828 1100 3839 ..

258 3862 281 3918 l·
289 3858 404 3922 murtea
413 3852 614 3933 metropoleos
627 3852 754 3926 eversio,
770 3866 878 3928 nempe
891 3848 957 3909 talis
971 3847 1049 3926 apud
1066 3840 1151 3909 illam
1165 3850 1209 3909 rei
1225 3868 1278 3929 pu·

225 3956 292 4021 ilua
308 3948 490 4033 immutatio,
507 3960 543 4017 ut
554 3950 610 4015 ille
622 3951 770 4031 politicam
784 3952 885 4009 Status
905 3946 1130 4025 independentis
1148 3949 1278 4011 existen-

227 4058 282 4121 t'mr
301 4063 462 4134 amitteret,
483 4054 659 4118 relationem
686 4051 771 4111 illam
795 4047 1024 4125 eonjnnetionis,
1055 4046 1174 4108 sublato
1196 4047 1289 4115 illius'

225 4163 345 4237 termino,
354 4162 558 4237 abrumperet.
1219 4199 1224 4213 .

253 4264 411 4326 rutenus
437 4256 664 4339 impossibilitas
684 4249 903 4329 conjunctionis
917 4248 1001 4307 illins
1022 4247 1194 4311 retinendae.
1219 4250 1280 4311 lloo

224 4362 295 4424 noio
306 4347 465 4443 provincia
477 4356 672 4423 ooairlentales
686 4369 751 4415 sese
762 4350 909 4429 paulatim
924 4348 961 4409 atr
970 4348 1113 4426 imperio
1125 4348 1279 4427 byzantino

222 4454 799 4542 aparamnr‚qnanu0u1ueuetapsum
821 4456 896 4522 erat,
919 4447 984 4522 ubi,
1014 4447 1126 4509 nerium
1151 4456 1281 4513 remotas

222 4564 382 4635 pmrineias,
395 4578 437 4624 ne
449 4559 591 4639 seipsum
601 4555 722 4633 quinem
737 4552 775 4611 ab
785 4549 918 4611 lrostinm
940 4546 1162 4609 incursionibus
1176 4548 1280 4611 delan-

221 4658 348 4744 ltreiam
360 4669 475 4745 posset.
567 4699 569 4704 -

252 4764 280 4823 i·
300 4766 375 4828 linis
394 4762 441 4827 rei
460 4760 590 4845 publiea
605 4753 823 4845 administratio
840 4749 898 4812 sub
918 4748 1024 4811 iisdem
1046 4746 1281 4827 conditionibus,
