3559 5675
551 778 659 825 suna.
685 800 720 811 -
744 778 828 825 usur
848 779 995 835 summos,
1274 770 1312 832 lh

280 886 367 946 Peon.
383 914 418 927 —
436 874 633 963 Quadmpler
646 884 722 945 ratio
740 889 794 963 est,
816 883 855 946 ob
872 897 964 963 quam
984 884 1039 947 titii
1063 888 1237 966 parentibus
1257 909 1313 953 na-

275 985 372 1046 taliter
388 978 505 1045 subditi
523 987 609 1059 sunt,
630 989 664 1045 ut
686 984 819 1045 vidimus
836 1000 869 1045 n.
891 986 962 1061 830,
983 986 1128 1052 nimirum
1149 993 1312 1071 generatio,

294 1084 429 1162 abitatio,
450 1078 609 1155 beneficia,
636 1082 781 1145 atuaatio.
804 1084 893 1164 htqtri
910 1084 996 1147 nulla
1017 1076 1052 1147 er
1074 1086 1122 1148 his
1143 1090 1310 1153 rationibus

276 1193 411 1265 petuam
424 1182 560 1246 tiliorum
573 1184 788 1263 subjectionem
808 1172 865 1246 sub
884 1191 1005 1265 paterna
1019 1188 1193 1251 auctoritate
1212 1196 1313 1273 postu-

247 1284 382 1349 latitem
397 1288 430 1346 1⁰
447 1282 647 1347 obedientiam
665 1286 721 1346 tilii
742 1286 918 1365 parentibus
937 1284 1046 1348 dehent
1063 1286 1102 1349 ob
1121 1288 1221 1368 legem
1238 1295 1310 1357 uni-

247 1384 382 1446 undem
395 1382 542 1446 societatis
555 1385 593 1446 ad
604 1384 742 1447 ordinem
755 1392 927 1448 oonoretum
941 1387 1122 1468 applicatum
1133 1410 1187 1473 per
1200 1396 1312 1463 laetum

244 1482 467 1546 cohabitationis
477 1484 570 1564 (830).
586 1488 673 1564 Ergo,
692 1483 912 1548 cohabitatione
929 1494 1074 1566 cessante,
1091 1494 1213 1557 annalis
1230 1515 1312 1577 quo-

246 1601 294 1661 que
303 1587 452 1664 obligatio
469 1586 627 1648 obediendi
645 1604 681 1648 ex
698 1585 756 1648 hoe
772 1586 867 1666 eapite
888 1594 993 1649 oessat.
1018 1591 1109 1668 Atqui
1125 1591 1238 1657 laetum
1254 1596 1311 1669 hoo

246 1684 468 1748 athabitationis
480 1680 585 1747 multis
599 1680 697 1749 modis
710 1701 825 1748 semare
844 1692 950 1777 potest,
963 1702 997 1751 ae
1009 1696 1115 1767 eessat,
1128 1696 1162 1753 ut
1178 1692 1311 1773 quotidie

246 1782 298 1845 heti
310 1785 467 1846 videmus.
489 1785 579 1862 Ergo,
595 1790 651 1847 ete.
1060 1796 1063 1799 '

278 1888 307 1945 l·
320 1884 476 1963 obligatio
489 1886 566 1963 grati
579 1884 674 1947 animi
687 1882 818 1948 habendi
833 1890 863 1948 et
881 1880 1025 1951 beneficia
1037 1890 1220 1971 rependendi
1235 1912 1314 1972 nun-

249 1998 330 2061 quarn
349 1988 385 2047 in
405 1985 478 2046 lillis
489 2001 606 2049 mesore
620 1977 727 2067 potest.
745 1980 814 2049 ilaue
835 1986 922 2067 enine
941 1987 1084 2068 obligatio
1101 1994 1196 2057 oritur
1220 2014 1256 2059 ex
1279 2017 1314 2075 eo

249 2085 319 2162 mot
338 2088 446 2166 ipsum
465 2098 532 2148 esse
550 2092 580 2148 et
599 2085 760 2168 physicum
783 2091 812 2148 et
836 2086 951 2150 morale
973 2106 1026 2174 per
1045 2094 1269 2168 generationem
1287 2105 1317 2161 et

250 2184 449 2249 edumhonom
460 2184 516 2247 tilii
530 2184 736 2267 aparentibus
748 2186 922 2267 anteperint.
936 2190 1028 2267 Ergo,
1040 2189 1185 2272 quoniam
1199 2212 1318 2277 semper

252 2282 300 2346 boe
310 2302 416 2347 eorum
427 2302 494 2349 esse
504 2279 636 2359 durabit,
650 2290 680 2347 et
696 2297 855 2364 nunquam
872 2302 977 2365 parem
995 2282 1124 2366 gratiam
1142 2295 1317 2378 parentibus

257 2385 403 2462 rependere
426 2380 484 2447 lilii
505 2388 664 2465 poterunt,
687 2384 760 2462 quia
780 2384 956 2465 parentibus
977 2388 1165 2451 existentiam
1189 2391 1319 2473 tribuere

259 2473 484 2564 ipei'neqnennt,
498 2501 619 2566 semper
632 2484 725 2546 etiam
739 2480 881 2561 obligatio
897 2477 949 2546 illa
966 2486 1163 2567 permanebit.

285 2586 403 2647 livero
415 2603 453 2647 ex
467 2585 650 2663 gratianimi
672 2581 1005 2662 obligatione'ollieium
1026 2584 1186 2665 obediendi
1208 2605 1321 2672 nequa-

250 2700 333 2761 quem
352 2687 462 2747 entur.
485 2684 663 2749 obedientia
685 2701 816 2765 namque
837 2692 882 2748 est
902 2702 938 2748 ea
956 2688 1053 2749 virtus
1076 2701 1143 2767 quae
1166 2691 1320 2769 subditura

250 2784 332 2848 Μ
350 2784 520 2850 flexibilem
541 2803 561 2848 a
577 2781 731 2849 voluntate
750 2783 833 2848 illius
852 2786 906 2866 qui
925 2788 1073 2851 societatis
1091 2790 1243 2855 ordinator
1263 2799 1318 2858 est.

248 2888 333 2965 liqui
342 2887 488 2949 beneficia
500 2904 567 2966 quae
581 2883 638 2948 tilii
653 2883 859 2968 aparentibus
873 2895 1050 2968 aeceperunt
1063 2880 1125 2952 non
1139 2888 1252 2957 hahent
1261 2897 1323 2957 vim

249 2986 399 3064 donam,
412 3005 476 3066 qua
490 3005 526 3049 ex
538 2989 663 3049 rationis
672 2987 777 3049 ordine
786 2986 893 3049 eorum
903 2981 1087 3050 voluntatem
1100 3005 1170 3068 erga
1183 2999 1323 3071 parentes

249 3083 412 3147 flexibilem
433 3083 572 3148 affimant.
597 3085 716 3148 Etenim
738 3085 815 3164 grati
834 3083 929 3146 animi
948 3085 1081 3147 officium
1098 3100 1153 3149 nee
1167 3092 1323 3152 materiam

248 3186 363 3248 ordinis
375 3200 432 3247 neo
444 3187 511 3264 ejm
525 3187 719 3269 principium,
734 3182 848 3248 seilicet
861 3201 916 3247 nee
930 3183 1099 3265 societatem
1109 3203 1164 3250 nee
1178 3190 1323 3252 ratiouem

249 3287 280 3347 tn
292 3303 329 3348 eo
340 3287 399 3364 qut
410 3287 556 3348 henelioia
568 3285 705 3365 eontulit,
718 3283 885 3348 necessario
895 3285 1046 3367 supponit.
1059 3287 1124 3348 Non
1139 3289 1323 3369 societatem,

246 3387 319 3466 quia
340 3384 526 3448 benefitium
548 3386 734 3466 preteritum
757 3381 909 3446 autumem
934 3379 1105 3464 soeietatem
1128 3389 1325 3454 ordinandam

249 3503 301 3567 per
318 3498 352 3547 ee
365 3501 430 3546 non
441 3486 578 3563 requirit.
592 3487 657 3547 lion
672 3483 833 3561 rationem,
847 3485 921 3563 quia
938 3477 1076 3548 benefitii
1090 3485 1206 3552 collatio
1225 3487 1324 3572 ideam

250 3587 421 3666 prutenne
432 3585 471 3647 ad
484 3582 714 3663 gubernandum
727 3591 801 3668 apta
812 3596 873 3647 non
887 3584 1014 3646 inotudit
1029 3599 1038 3647 t
1052 3591 1082 3648 at
1096 3586 1244 3662 ordinatio
1256 3594 1328 3674 tune

252 3687 352 3749 mium
366 3692 447 3748 reete
464 3691 522 3762 est,
536 3683 658 3764 quando
673 3691 719 3747 est
735 3685 903 3765 prudentia
922 3698 1009 3766 opus.
1023 3685 1100 3764 Ergo
1112 3687 1179 3750 idea
1192 3688 1327 3752 heuelieii

253 3787 372 3848 numm
390 3786 569 3847 mistionem
588 3781 678 3847 hahet
695 3785 734 3846 sd
753 3779 967 3847 ordinandum.
986 3788 1064 3863 Ergo
1082 3803 1118 3848 er
1136 3789 1264 3866 eoquod
1278 3787 1329 3851 be·

254 3889 360 3950 nehus
376 3887 447 3966 quis
468 3887 507 3949 ab
524 3886 583 3948 atio
604 3885 765 3978 aeoeperit,
781 3901 844 3948 non
861 3885 1000 3966 sequutus
1018 3877 1108 3947 illum
1131 3879 1237 3950 dehere
1258 3886 1329 3952 huie

291 4087 324 4149 b·
335 4084 445 4160 Quoad
457 4085 711 4148 eoneervationem
722 4089 753 4145 et
764 4081 973 4144 educationem
987 4079 1129 4165 eorporis,
1142 4097 1241 4162 quum
1256 4079 1332 4149 ttio-

253 4200 321 4248 nrm
339 4185 420 4248 sites
434 4184 550 4247 blesim
566 4183 705 4259 evolute,
724 4188 863 4264 poterunt
878 4177 913 4242 hi
925 4198 978 4262 per
992 4197 1024 4244 se
1039 4183 1097 4266 ipsi
1113 4185 1281 4246 neoesmrie
1294 4187 1332 4248 ad

253 4286 369 4347 summ
381 4291 412 4346 et
423 4285 568 4346 uantum
581 4280 639 4344 sibi
650 4298 834 4364 eomparare.
848 4270 927 4359 tergo
940 4285 1012 4344 tuno
1025 4296 1129 4345 eorum
1143 4293 1214 4348 eum
1228 4299 1333 4366 paren-

255 4385 336 4447 tibus
352 4385 526 4463 oonjunetio
541 4385 581 4446 ob
596 4382 748 4462 ejusmodi
769 4381 988 4460 indigentiam,
1008 4385 1038 4445 et
1056 4397 1241 4475 mnsequens
1259 4383 1334 4451 obe-

254 4483 356 4546 diendi
369 4485 517 4562 obligatio
529 4499 566 4545 ex
577 4483 634 4545 hae
646 4488 730 4563 perte
742 4481 911 4545 oeesahm.
929 4481 1074 4545 Educatio
1088 4499 1159 4546 vero
1179 4485 1291 4550 mentis
1305 4494 1333 4574 et

254 4586 362 4666 animi,
376 4590 531 4665 quantum
542 4583 580 4644 ed
592 4581 762 4646 naturalem
774 4581 963 4645 honestatem
976 4593 1010 4645 at
1021 4578 1192 4647 lelieitatom
1210 4589 1333 4668 spectat,

255 4693 400 4768 perpetua
419 4684 601 4748 insututotiu
623 4701 715 4765 opere
735 4699 797 4747 non
815 4689 894 4762 eget.
914 4685 990 4746 Nam
1009 4681 1163 4747 humanus
1174 4685 1336 4749 ‘instiutor

252 4783 407 4852 obsteeula
428 4784 533 4848 solum
553 4789 671 4847 emovet
688 4788 772 4846 teoto
793 4781 966 4848 educationi
985 4781 1145 4863 mobaris,
1170 4788 1200 4847 et
1219 4785 1334 4866 primos
