3559 5675
409 660 471 724 *260
817 635 1074 715 suuu'mruumrs

411 777 473 848 duo
485 777 677 858 potissimum
691 771 873 851 inquirenda
886 775 959 832 sunl
975 793 982 829 ι
999 774 1057 830 lum
1066 751 1178 846 quibus
1189 768 1335 828 instructu
1344 762 1489 826 uenditio-

322 931 327 940 .
411 878 503 940 nibus
516 875 618 939 solitis
629 874 682 936 illa
695 871 823 943 sodalis,
844 889 900 933 seu
915 871 974 947 lex,
988 883 1054 931 esse
1067 867 1189 945 debeat3
1201 867 1262 927 2⁰¹²
1276 879 1425 944 quaeuam
1445 881 1489 924 ur·

412 979 541 1054 ganismi
565 977 662 1038 lorme
683 971 815 1035 societati
837 969 1006 1033 indnoends
1028 971 1079 1045 sil,
1103 975 1139 1030 ut
1165 985 1218 1046 per
1237 983 1304 1028 eam
1324 965 1412 1043 leges
1435 961 1493 1024 illis

411 1075 633 1140 conditionibus
650 1076 804 1136 instmetae
821 1077 925 1150 suapte
957 1076 1064 1130 natura
1082 1070 1282 1131 contueantur.¹
1295 1063 1495 1127 conditiones

410 1175 691 1255 -legisslegislstore
704 1173 896 1254 proveniunt,
908 1169 1073 1248 organismi
1087 1167 1246 1246 legislativi
1262 1163 1402 1246 aptitudo
1415 1183 1435 1226 a
1449 1181 1496 1244 po

411 1285 516 1338 testate
526 1272 724 1337 constituente
737 1271 897 1353 dependet.

453 1379 623 1440 nmirum
637 1375 668 1436 3.
680 1402 720 1420 -·
738 1375 778 1434 ln
790 1371 858 1451 lege
871 1369 1016 1460 queliltet‘
1027 1371 1083 1432 trie
1096 1369 1256 1450 principia,
1267 1365 1304 1428 sd
1322 1383 1394 1446 quae
1410 1365 1495 1427 illins

412 1475 597 1540 conditiones
621 1479 766 1553 spectant,
783 1469 1000 1534 consideranda
1020 1475 1117 1532 sunt:
1137 1467 1207 1550 finis
1228 1457 1315 1546 legis,
1336 1465 1496 1527 ordrimtor

411 1576 549 1656 mutiens
560 1582 591 1637 et
602 1571 715 1636 sudditi
725 1573 867 1635 ordinati.
886 1573 1033 1650 Respeotu
1049 1569 1131 1644 finis,
1146 1567 1235 1630 debet
1253 1567 1300 1629 lex
1314 1583 1382 1628 esse
1393 1564 1497 1647 justu,
1590 1633 1591 1648 χ

411 1677 500 1738 stilti
510 1677 551 1738 e't'
561 1679 632 1752 usito
641 1690 656 1750 ,·
674 1680 811 1754 respectu
825 1670 1005 1746 ordinantis,
1027 1669 1146 1732 debete
1162 1685 1298 1748 supremo
1315 1666 1499 1730 unctdrr'tute

410 1793 500 1859 eoque
511 1770 923 1855 competentelieri'3respootu
933 1767 1135 1846 subditorum,
1147 1767 1236 1831 debet
1244 1767 1497 1850 esse'g'rrrspicnu,

410 1866 568 1958 ροιιῶιῖέι,
584 1871 705 1956 publico
716 1880 746 1935 et
760 1871 879 1954 efficax.
905 1871 959 1934 llis
973 1871 1298 1960 proprietatibusque
1318 1866 1381 1946 legi
1397 1871 1499 1931 inesse

412 1979 533 2052 debent,
553 1961 789 2037 undem‘otnota
811 1971 990 2051 legislatoris
1007 1969 1199 2052 respondent.
1215 1971 1286 2032 llaee
1309 1971 1422 2050 omnis
1435 1971 1495 2032 siu·

411 2073 726 2154 gillatimsxplieends
739 2079 769 2136 et
783 2072 935 2154 probanda
948 2076 1031 2134 srmt.
1122 2069 1129 2072 ’
1191 2065 1196 2076 “
1590 2115 1591 2138 ι

452 2174 543 2237 tota.
557 2173 625 2236 Pos.
639 2173 724 2236 5¹⁰¹.
734 2205 774 2220 -
786 2171 932 2247 Qualibet
950 2172 999 2232 ler
1016 2169 1105 2234 debet
1113 2173 1198 2250 juste
1211 2188 1288 2249 esse,
1301 2172 1458 2234 nimirum
1471 2180 1500 2234 et
1590 2161 1591 2226 i

410 2276 492 2353 justa
505 2261 662 2356 precipere
683 2279 713 2335 et
726 2275 809 2352 juste
825 2274 907 2362 ferri.
925 2271 934 2358 J

455 2360 691 2438 nursmun-
709 2371 832 2434 llnobus
845 2372 944 2434 modis
957 2371 1083 2450 intelligi
1097 2377 1196 2452 potest
1212 2371 1311 2450 legem
1334 2389 1405 2436 esse
1425 2375 1500 2450 jus-
1590 2415 1591 2426 ,

413 2470 1192 2552 tsm210rospoetuaemsexeroeudissubditoextuli
1206 2470 1500 2552 lege.seilicetquod
1590 2465 1591 2550 i

412 2574 483 2635 telis
497 2573 599 2634 illusit
620 2579 655 2632 ut
667 2572 791 2633 honeste
804 2571 841 2632 ab
851 2585 886 2632 eo
903 2570 968 2632 lieri
981 2567 1090 2652 possit3
1107 2573 1138 2633 2⁰
1148 2579 1281 2652 respectu
1294 2573 1394 2654 ipsius
1406 2573 1500 2654 legis,
1590 2559 1591 2572 ¹

413 2672 492 2750 qnod
506 2671 620 2734 seilioet
633 2687 670 2732 es
687 2671 754 2733 sine
773 2672 887 2749 injuria
907 2671 1028 2732 subdito
1052 2660 1384 2752 importunumque
1407 2675 1500 2738 modo

413 2787 478 2832 rem
496 2767 729 2830 oonsideramns.
749 2797 783 2814 ·-
799 2770 942 2829 Pretereu
960 2785 1056 2847 quum
1071 2767 1201 2857 dicimus
1215 2767 1313 2847 legem
1326 2771 1414 2851 juste
1425 2771 1500 2832 ferri

414 2876 561 2950 oportere,
570 2885 632 2929 non
646 2868 802 2945 loquimur
811 2865 850 2929 de
860 2868 947 2944 justo
961 2866 1068 2945 egendi
1080 2866 1170 2930 modo
1182 2886 1221 2931 ee
1232 2876 1318 2949 porte
1329 2872 1499 2951 operantis,

313 2994 317 3002 ·
414 2971 467 3031 sed
483 2968 582 3031 solum
593 2984 632 3029 ee
641 2970 851 3047 porteoperis.
865 2969 941 3029 Nam
958 2966 1065 3028 modus
1078 2984 1114 3029 ex
1131 2974 1214 3047 parte
1224 2972 1381 3049 operantis
1394 2979 1500 3051 postu·

413 3069 457 3129 lat
469 3069 605 3147 quidem,
616 3073 650 3127 ut
663 3066 742 3127 bono
756 3062 909 3127 effeetuet
923 3082 983 3126 non
997 3062 1065 3127 odio
1076 3066 1125 3127 rel
1138 3052 1301 3146 eupiditut'e
1322 3084 1419 3146 egens
1433 3088 1499 3133 mo-

415 3176 529 3251 veatur,
545 3173 576 3227 et
585 3165 645 3227 elie
658 3166 819 3243 ejusmodi,
827 3182 895 3243 quos
904 3172 1002 3227 tumen
1015 3165 1194 3243 legislatoris
1207 3169 1327 3249 propris
1336 3186 1400 3232 nun
1411 3180 1498 3234 suut.

415 3268 521 3331 ldodus
532 3271 635 3327 annm
645 3267 749 3342 justas
763 3279 800 3326 ex
814 3272 898 3344 perte
910 3266 1162 3347 operisnonsisut
1178 3268 1210 3328 in
1224 3267 1293 3346 hoe,
1314 3269 1398 3349 quod
1414 3274 1449 3333 in
1461 3290 1498 3335 es

413 3364 537 3429 terenda
550 3369 685 3425 servetur
694 3365 819 3442 justitie
831 3364 937 3425 lorme

456 3468 551 3525 Paos.
563 3476 628 3529 eos.
645 3464 677 3521 l·
691 3478 775 3527 ems.
796 3498 835 3508 —
861 3468 891 3524 l·
907 3466 1036 3525 Potestas
1051 3465 1229 3546 legislativs,
1254 3470 1332 3531 sieut
1357 3478 1421 3535 tuta
1434 3476 1498 3555 ipsa

416 3562 630 3638 auetorites‚ad
642 3579 803 3625 commune
813 3564 960 3625 sedetetis
972 3572 1001 3625 et
1016 3564 1241 3629 individuorum
1251 3570 1334 3631 nude
1349 3572 1405 3633 illa
1414 3591 1499 3636 eons-

415 3670 458 3724 tet
471 3663 586 3724 bonum
606 3673 711 3743 suopte
729 3672 836 3724 ustura
848 3662 1002 3727 ordiuntur
1016 3664 1110 3744 (4:56).
1124 3666 1216 3745 Atqui
1230 3670 1366 3749 primum
1386 3680 1418 3735 et
1433 3694 1498 3757 pro

414 3764 516 3841 prium
534 3762 612 3821 entis
626 3761 781 3823 rationalis
793 3762 909 3823 bonum
924 3762 1067 3829 honestas
1080 3765 1207 3846 esitii).
1218 3770 1301 3846 Ergo
1317 3774 1498 3856 quicunque

416 3859 578 3939 impulsus,
590 3876 656 3939 quo
675 3859 714 3922 sb
728 3860 882 3922 houmnte
897 3860 989 3924 homo
1004 3864 1107 3943 proonl
1122 3874 1455 3942 sueverdun-noxius
1467 3892 1498 3937 as
1590 3872 1591 3889 ¹

416 3958 567 4021 moraliter
579 3976 688 4038 pravus
701 3965 792 4037 esset,
806 3976 841 4021 ae
854 3960 980 4038 proinde
994 3962 1112 4025 utillum
1124 3964 1340 4043 obligationem
1352 3983 1496 4051 nmeret:

415 4058 702 4136 obligationemque
723 4064 768 4119 est
789 4060 939 4138 impulsus
953 4062 1120 4125 seeundum
1142 4067 1290 4131 rationem
1315 4058 1395 4151 (76).
1420 4077 1496 4153 llrgo

415 4158 472 4233 legi
484 4159 664 4237 suinumque
674 4158 831 4218 essentiale
842 4165 886 4219 est
898 4164 979 4239 juste
991 4164 1159 4243 praecipere.

456 4260 488 4315 ἢ·
510 4256 697 4332 legislatoris
711 4263 838 4334 potestas
852 4264 900 4318 est
917 4260 964 4320 rel
978 4262 1107 4324 mediate
1123 4263 1171 4327 vel
1188 4264 1363 4333 immediate
1391 4292 1411 4335 s
1440 4280 1497 4337 ileu

414 4354 510 4434 (327).
522 4358 612 4433 Atqui
628 4358 707 4419 [leus
719 4371 781 4416 non
792 4354 842 4416 det
855 4363 1029 4436 potestatem
1053 4363 1112 4424 nisi
1137 4364 1174 4429 ed
1189 4365 1266 4430 illud
1282 4371 1363 4447 quod
1373 4376 1494 4451 justum

414 4455 569 4543 othonum
584 4456 632 4515 sit.
646 4453 724 4531 Ergo
737 4454 784 4513 lex
803 4472 871 4531 que
887 4458 1038 4535 injustum
1051 4462 1207 4542 quidpiam
1222 4473 1421 4551 preciperet,¹
1431 4476 1493 4535 nul-

415 4552 476 4612 lam
489 4554 552 4613 rim
561 4550 598 4612 ed
610 4550 806 4627 obligandum
820 4552 954 4629 haberet,
963 4564 1053 4635 etque
1067 4564 1150 4625 irrita
1164 4569 1290 4629 omnino
1300 4579 1392 4633 esset.

455 4648 615 4711 uitullus
637 4650 759 4710 inlerior
779 4658 873 4731 potest
895 4654 1027 4732 obligare
1054 4669 1159 4725 eontra
1187 4663 1284 4742 legem
1314 4674 1488 4751 superioris.
