3559 5675
564 700 675 749 toust.
697 720 737 737 -
758 702 843 751 uses
863 704 997 754 orciuos.
1259 694 1319 758 ³3³

254 810 315 883 crit,
330 824 367 870 ue
382 808 501 886 judices
517 808 653 887 partium
672 810 789 887 tyranni
801 810 941 887 faveant3
956 826 990 872 ae
1001 816 1157 891 propterea
1169 814 1318 876 sociorum

251 916 353 985 rause,
365 908 532 990 prasertim
550 908 689 987 politica,
709 907 777 971 aliis
790 910 879 971 sociis
900 910 945 970 nil
962 910 1159 977 emolumenti
1179 931 1197 974 a
1215 918 1319 993 tyran·

250 1008 316 1071 nida
332 1009 522 1089 sperantibus
539 1009 711 1088 judicanda
730 1010 831 1088 potins
851 1026 945 1089 quam
966 1014 1190 1090 magistratibus
1204 1016 1257 1093 qni
1272 1022 1318 1095 ty·

250 1108 373 1169 monica
388 1107 617 1187 gubernationis
638 1110 838 1171 instrumenta
859 1110 933 1185 sint,
947 1113 1181 1176 committantur.

287 1212 384 1287 ltaque
397 1207 509 1287 duplex
521 1224 558 1269 ea
569 1208 695 1286 questio
709 1208 752 1269 sic
765 1213 897 1287 spectata
909 1208 1014 1270 recidit
1032 1210 1063 1271 in
1077 1211 1163 1275 hines
1183 1214 1321 1290 qnando·

248 1325 302 1371 nes
317 1312 383 1386 jam
399 1308 541 1386 superius
560 1306 707 1369 rescitum
729 1305 768 1385 (l.
785 1309 821 1385 8,
835 1324 862 1369 ι.
881 1312 954 1385 1,ι.
973 1314 1009 1389 23
1023 1308 1114 1386 lit),
1128 1328 1156 1373 c.
1172 1314 1207 1389 ι,
1223 1328 1250 1374 a.
1269 1312 1320 1392 3),

246 1410 463 1486 nimirumque
477 1409 593 1471 ratione
605 1408 791 1489 principatus
802 1408 908 1471 dehent
922 1410 1106 1489 privatorum
1117 1413 1189 1489 jure
1200 1419 1230 1475 et
1242 1428 1323 1477 com·

246 1509 334 1571 moda
354 1508 464 1585 tutari,
484 1513 516 1570 et
534 1524 595 1585 qna
613 1508 728 1571 ratione
747 1507 861 1571 subditi
882 1508 998 1590 possint
1018 1524 1083 1575 sese
1103 1527 1122 1572 a
1139 1511 1323 1592 principatus
1364 1544 1379 1565 ο

247 1607 402 1685 tyrannide
417 1606 588 1667 deiendere.

284 1712 381 1784 Quare
398 1706 519 1784 judices
537 1705 634 1767 solius
645 1704 714 1767 iacti
730 1712 858 1787 possum
870 1708 995 1787 spectari
1009 1708 1057 1771 rel
1070 1714 1213 1789 tanquam
1226 1711 1324 1773 civilis

244 1808 291 1871 vel
304 1814 450 1885 unquam
462 1806 585 1887 politica
597 1806 745 1868 institutio
751 1822 762 1886 3
772 1824 807 1869 ac
817 1808 944 1887 proinde
954 1814 1081 1888 possunt
1094 1810 1142 1873 vel
1157 1826 1176 1872 a
1189 1812 1324 1891 principe

244 1906 363 1969 cenredi
382 1904 419 1967 ad
434 1902 654 1966 individualem
667 1905 851 1983 litigantium
869 1913 971 1969 oontm
982 1909 1102 1986 jndices
1120 1910 1259 1986 tutelam,
1275 1912 1326 1975 vel

243 2006 403 2070 anubditis
417 2005 535 2086 exposci
547 2010 583 2066 ut
596 2004 732 2066 medinm
744 2006 897 2082 quoddam
910 2008 1038 2087 politica
1052 2008 1245 2075 delensionis.

280 2108 379 2186 igitur
397 2101 429 2163 l·
449 2104 618 2167 curandum
635 2104 762 2185 principi
774 2107 900 2168 omnino
920 2108 986 2180 erit,
1006 2113 1043 2169 ut
1060 2109 1177 2187 jndices
1191 2112 1323 2189 integer·

243 2209 312 2269 rimi
330 2206 492 2282 eligantem.
507 2206 657 2281 Attamen,
673 2205 699 2265 si
714 2204 805 2281 longo
826 2221 886 2267 usu
906 2211 1020 2297 mustet
1042 2214 1157 2271 tanum
1173 2211 1239 2285 jam
1261 2228 1325 2275 esse

242 2326 364 2373 morum
385 2305 546 2368 socialium
562 2304 816 2384 depravationem,
837 2310 874 2366 ut
890 2305 1079 2383 judiciorum
1093 2308 1168 2371 tides
1179 2327 1213 2372 ao
1227 2312 1325 2373 since·

241 2412 314 2472 ritas
326 2406 423 2469 dubia
434 2405 613 2485 plenumque
626 2406 677 2481 sit,
687 2404 823 2467 medinm
838 2404 917 2466 illud
934 2405 1126 2470 individualis
1141 2409 1241 2472 tutela
1256 2410 1327 2471 urb-

244 2510 317 2571 ditis
331 2505 494 2570 concedere
507 2505 644 2585 princepe
657 2505 764 2581 utique
776 2503 906 2567 debebit.

282 2614 316 2672 2·
338 2608 400 2682 Qui
427 2622 492 2668 rem
517 2604 671 2685 publicam
694 2605 772 2682 gerit
800 2622 959 2684 nunquam
987 2613 1104 2671 tenetur
1129 2610 1324 2690 suppeditare

241 2709 376 2773 subditis
394 2708 458 2769 vim
478 2706 647 2780 reectiram,
665 2721 727 2783 qua
745 2703 778 2765 hi
799 2706 915 2784 possint
936 2707 1065 2788 principi
1091 2710 1252 2787 relucteri3
1275 2711 1327 2773 sed

241 2816 364 2876 tenetur
374 2809 489 2887 ,ntique
507 2808 546 2868 ita
575 2823 623 2868 res
644 2822 757 2883 gerere,
775 2813 810 2867 nt
826 2806 890 2869 haec
905 2808 951 2870 vis
971 2810 1098 2872 reactira
1118 2810 1245 2874 subditis
1260 2812 1329 2874 nul-

240 2915 366 2975 latenus
391 2911 433 2970 sit
453 2909 630 2970 necessaria.
659 2909 726 2981 Qua
750 2907 779 2969 ri
800 2907 915 2970 subditi
934 2909 960 2968 si
980 2909 1066 2971 nullo
1090 2919 1174 2988 pacto
1198 2919 1326 2989 egeant,

239 3013 375 3077 minime
388 3009 473 3091 illam
486 3013 654 3088 exposcent
674 3006 781 3086 Populi
801 3024 872 3068 vero
893 3008 978 3069 irene
1001 3007 1127 3086 politice
1144 3011 1328 3072 auctoritatis

239 3118 385 3176 excutere
398 3108 521 3172 nitentis
536 3107 757 3168 intolerantiaa
771 3106 861 3168 malis
874 3106 1120 3185 perturbatorum
1141 3107 1257 3171 artibus
1270 3111 1331 3172 ori·

241 3221 305 3274 tur.
321 3213 466 3273 Attamen
476 3206 524 3268 lna
538 3207 610 3286 ipsa
629 3204 839 3268 sedidosorum
856 3204 1019 3266 hominum
1035 3206 1271 3270 machinationes
1283 3225 1330 3271 so·

238 3312 379 3378 cordiam
398 3307 519 3370 socialis
531 3305 715 3368 auctoritatis
728 3310 778 3367 aut
799 3305 946 3366 incuriam
966 3306 1039 3368 satis
1057 3306 1229 3370 ostendunt.

280 3415 337 3474 ilar
357 3410 452 3487 igitur
479 3412 678 3469 veteratorum
701 3403 788 3466 malm
809 3411 888 3467 artes
908 3406 1139 3486 comprimendo
1157 3423 1191 3469 ec
1220 3411 1329 3490 praci-

238 3511 352 3576 dendae
366 3508 406 3570 ab
416 3507 590 3569 securitate
604 3511 692 3584 sunt;
708 3503 878 3566 auterendo
889 3522 1012 3587 prorsus
1025 3523 1122 3569 causa
1135 3509 1330 3586 querelarum

237 3615 289 3676 rel
302 3609 406 3674 reales
420 3608 469 3670 rel
482 3611 670 3687 apparentes.
686 3605 726 3666 at
736 3604 876 3684 subditis,
886 3623 1024 3684 quornm
1042 3605 1175 3668 cilicium
1188 3616 1242 3687 est,
1259 3625 1330 3671 euc-

238 3713 359 3776 toritati
370 3725 433 3772 non
444 3708 594 3782 resistere,
609 3706 662 3768 sed
677 3704 809 3780 obedire,
822 3721 1014 3782 nequaquam
1028 3705 1066 3766 alr
1080 3706 1146 3784 ipsa
1155 3708 1329 3770 auctoritate

236 3831 330 3877 arma
346 3807 510 3891 praebenda
520 3811 607 3880 sunt,
620 3805 734 3885 quibus
751 3805 890 3866 instructi
906 3807 974 3881 ejus
986 3805 1118 3883 imperiis
1131 3806 1328 3872 reluctentur.

236 3910 521 3980 contradictorium
536 3923 670 3984 namque
690 3913 735 3968 eet
752 3904 887 3968 subditos
905 3903 975 3964 illos
1001 3917 1065 3964 esse
1091 3904 1145 3982 qui
1164 3907 1331 3970 auctoritati

236 4033 306 4078 non
318 4009 683 4088 debeantolrtemperare.

281 4119 397 4194 Neque
409 4113 514 4174 minus
534 4107 800 4171 contradictorium
812 4111 903 4184 esset,
927 4105 968 4166 ita
978 4102 1095 4180 judicia
1112 4102 1282 4183 disponere,
1297 4111 1332 4166 nt

231 4218 375 4296 justitia
382 4209 673 4278 administrationem
682 4209 793 4286 ipsam,
801 4212 946 4283 unquam
954 4203 1110 4284 injustitia
1120 4219 1155 4268 ec
1165 4203 1331 4282 tyrannidis

236 4321 503 4384 instrumentum,
517 4309 682 4372 timendam
696 4307 858 4370 auctoritas
873 4306 951 4367 tacto
967 4321 1023 4366 suo
1037 4305 1138 4385 palam
1151 4304 1286 4367 intretur.

285 4419 386 4481 litt).
403 4417 473 4478 Poe.
487 4413 570 4476 551⁸.
587 4443 627 4455 -
643 4409 688 4472 td
698 4407 875 4470 senentiam
889 4406 922 4468 in
935 4421 1115 4484 quacunque
1125 4421 1215 4468 carisa
1227 4407 1331 4470 dieen-

232 4522 313 4583 dam
326 4515 522 4595 debetjudex
533 4513 659 4575 criteriis
671 4510 766 4573 simul
777 4516 807 4571 et
817 4508 907 4584 legali
919 4513 950 4568 et
963 4507 1070 4570 morali
1084 4514 1151 4589 epte
1160 4509 1331 4590 componitis

232 4631 386 4787 ιιιιι”ιοιι
400 4755 439 4766 -
449 4715 633 4780 ludexnilril
645 4711 729 4776 aliud
743 4716 790 4773 est
801 4726 895 4788 quarn
913 4708 1003 4772 horno
1016 4715 1231 4790 repzaereutans
1240 4713 1333 4775 socia-
