3559 5675
472 736 531 801 tro
881 746 960 793 rusus
980 746 1138 793 usurarius

470 864 561 940 petua
582 870 635 937 per
652 867 758 917 omues
776 856 877 913 uetans
896 854 1061 932 cooperatio
1080 852 1184 933 adepta
1202 860 1257 916 est.
1283 856 1384 933 ltaque
1402 852 1522 913 humare

468 956 603 1021 udentia
613 952 752 1034 perfectio
767 968 830 1013 uon
848 958 894 1013 est
910 951 992 1013 aliud
1007 970 1097 1030 quam
1120 970 1241 1014 summa
1262 954 1457 1031 cognitionum
1470 970 1524 1031 por·

469 1056 707 1129 modicarum,a
729 1052 858 1128 siugulis
879 1051 1067 1127 hominibus,
1084 1056 1252 1133 temporum
1271 1069 1419 1132 processu,
1440 1052 1522 1129 acqui-

469 1158 610 1233 sitarum,
626 1158 657 1215 et
677 1152 708 1213 iu
729 1168 828 1213 uuum
848 1168 900 1231 per
920 1150 1085 1213 humanam
1102 1152 1327 1213 associationem
1349 1152 1521 1227 eollatnuu3

468 1264 560 1336 atque
576 1255 631 1317 illa
648 1260 694 1315 est
708 1252 823 1315 socialis
839 1252 939 1331 potius
958 1269 1049 1331 quam
1066 1252 1259 1315 individualis
1279 1252 1441 1315 hereditas.
1459 1252 1522 1327 Ergo

468 1356 622 1437 impulsus
640 1353 691 1413 ille
708 1351 854 1414 naturalis
872 1350 1010 1413 eflectum
1030 1369 1122 1413 sunm
1138 1353 1271 1416 obtinere
1288 1353 1347 1413 uisi
1362 1353 1393 1411 iu
1406 1354 1523 1413 societate

468 1460 499 1515 et
510 1469 564 1533 per
580 1451 749 1513 societatem
768 1449 884 1527 nequit.
899 1450 988 1527 Ergo,
1009 1450 1154 1527 quoniam
1174 1452 1317 1513 naturalis
1331 1450 1471 1532 impulsus
1487 1451 1523 1509 iu·

468 1554 633 1615 tentionem
651 1550 798 1613 &catoris
816 1550 939 1630 revelat,
962 1556 991 1610 et
1013 1548 1160 1611 Crantoris
1182 1550 1308 1613 intentio
1331 1551 1522 1629 obligationem

466 1651 514 1713 illi
527 1648 711 1729 obsequendi
724 1650 802 1729 parit
814 1650 875 1725 (ts,
893 1646 953 1728 80),
967 1648 1055 1709 debet
1069 1650 1325 1731 societassemper
1339 1651 1460 1713 ulterius
1471 1666 1523 1729 pro

466 1750 551 1829 gredi
565 1750 598 1811 in
610 1750 723 1827 maiore
737 1748 785 1808 sai
802 1747 994 1827 perfectione,
1008 1765 1076 1826 qum
1089 1748 1317 1811 individuorum
1332 1751 1523 1831 perfectioni,

466 1850 524 1913 sibi
535 1846 746 1929 comparanda.

506 1952 576 2011 872.
593 1948 724 2012 (ὶοιιοιι.
743 1951 770 2007 l.
788 1978 828 1991 -
845 1948 1036 2009 Auctoritatis
1059 1948 1151 2025 igitur
1170 1948 1268 2009 civilis
1288 1946 1421 2010 odicium
1439 1955 1477 2011 cst
1489 1966 1524 2009 so·

464 2047 564 2109 cietati
578 2062 669 2124 quarn
688 2044 850 2121 gubernat,
867 2046 1014 2123 majorem
1031 2061 1197 2125 semperne
1216 2048 1365 2123 maiorem
1386 2048 1525 2128 perlectio-

465 2160 536 2205 nem
554 2142 670 2205 afferre.
685 2142 754 2217 Qua
772 2142 803 2202 iu
819 2160 852 2203 re
867 2149 967 2205 tamen
985 2143 1144 2221 diligenter
1167 2144 1462 2207 animaduertendum
1479 2150 1523 2219 est,

464 2241 539 2303 dum
561 2242 711 2303 societatis
724 2256 759 2306 ac
774 2242 895 2303 socialis
918 2242 1100 2303 auctoritatis
1119 2240 1252 2303 officium
1274 2246 1463 2323 perfectionis
1482 2261 1525 2305 so-

463 2340 548 2406 cialis
561 2340 754 2421 procuranda
774 2341 1028 2419 demonstremus,
1047 2358 1239 2420 nequaquam
1258 2360 1314 2405 nos
1329 2344 1468 2405 humana
1485 2360 1524 2403 su·

462 2440 573 2521 perbis
582 2440 740 2515 assentari,
751 2456 844 2501 ranas
860 2437 1024 2499 indefinitas
1036 2438 1193 2517 cujusdam
1210 2442 1401 2521 perfectionis
1415 2460 1477 2523 spos
1488 2441 1522 2499 illi

463 2538 637 2616 ingerendo.
662 2539 779 2601 Etenim
804 2537 894 2615 longe
914 2535 996 2599 aliud
1019 2546 1064 2599 est
1088 2540 1125 2601 iis
1149 2541 1202 2619 qui
1226 2542 1397 2603 societatem
1419 2546 1521 2619 regunt,

464 2628 619 2701 ostendere
630 2638 845 2715 obligationem
859 2655 922 2717 qua
933 2644 1074 2699 tenentur
1091 2640 1175 2701 illius
1194 2638 1409 2719 perlectionem
1423 2658 1524 2719 semper

464 2754 586 2816 augere,
597 2736 678 2799 aliud
689 2737 909 2799 estindiuiduis
920 2738 1091 2816 quibusque
1102 2739 1270 2819 scientiam,
1282 2745 1457 2821 potentiam,
1468 2742 1523 2803 bea-

462 2839 579 2898 titatem
598 2834 764 2897 illimitatas
783 2834 925 2915 polliceri.
949 2836 1022 2914 Ejm
1046 2836 1170 2916 quidem
1190 2841 1380 2918 perfectionis
1399 2849 1523 2924 perpetua

462 2941 644 3000 incrementa
657 2942 687 2997 et
699 2936 853 3016 possibilia
873 2944 903 2997 et
916 2937 1043 3016 optanda
1061 2940 1125 3018 jam
1146 2939 1227 3000 sunt.
1243 2942 1283 3002 nt
1298 2939 1328 3000 1⁰
1342 2959 1522 3022 nequaquam

460 3038 523 3100 illis
535 3039 651 3102 bouum
664 3038 795 3098 societati
811 3037 970 3098 mentido
984 3038 1163 3118 continetur,
1177 3047 1267 3118 atque
1280 3041 1356 3104 adeo
1367 3060 1470 3124 parum
1482 3042 1523 3102 ad·

459 3138 586 3202 modum
603 3138 641 3200 ad
656 3153 756 3200 reram
770 3136 909 3215 ejusdem
929 3137 1101 3198 felicitatem
1120 3139 1287 3201 conferunt.
1306 3173 1348 3186 —
1369 3147 1405 3202 2⁰
1427 3145 1521 3204 Forum

459 3239 714 3300 incrementorum
736 3251 892 3314 processus
914 3242 1009 3312 potest
1034 3238 1197 3316 repentinis
1224 3241 1475 3304 commotionibus
1494 3255 1522 3300 ac

460 3335 558 3398 turbis
570 3335 721 3414 abrumpi,
736 3350 805 3412 qum
818 3349 916 3410 genus
932 3333 1102 3398 humanum
1125 3337 1157 3398 in
1176 3339 1331 3417 pristinam
1355 3341 1521 3414 barbariem,

458 3443 513 3500 aut
523 3436 630 3498 saltem
648 3435 681 3496 in
695 3433 887 3495 scientiarum
905 3439 994 3512 atque
1011 3438 1122 3498 artium
1144 3439 1302 3502 infantiam
1326 3445 1471 3522 coujr'cere
1484 3459 1521 3502 so

458 3535 747 3600 leut.-³⁰l'iriun
757 3539 925 3595 creatarum
937 3532 1107 3598 illimitatus
1119 3537 1235 3600 homini
1250 3543 1376 3620 quidem
1388 3551 1519 3620 cstusus,
1589 3537 1590 3624 f

458 3643 489 3698 at
502 3637 576 3697 alias
589 3635 669 3697 uirus
689 3649 791 3696 creare
809 3633 900 3695 bomo
914 3636 1019 3714 nequit
1033 3653 1041 3697 a
1057 3654 1091 3699 sc
1104 3639 1228 3720 proinde
1246 3643 1287 3702 nil
1303 3642 1438 3706 humana
1454 3661 1521 3722 qne·
1589 3679 1590 3709 r

456 3752 588 3813 cumque
598 3733 749 3797 industria
764 3739 860 3815 potest
877 3734 1020 3798 adversus
1041 3753 1146 3800 causas
1162 3741 1345 3806 infirmitatis
1359 3754 1390 3810 et
1403 3745 1522 3808 destruc

457 3835 548 3898 tionis
568 3851 637 3912 qum
656 3850 674 3894 a
693 3839 808 3896 natura
827 3837 977 3914 cujusque
996 3835 1114 3914 legibus
1137 3849 1331 3922 enascuntur.
1350 3879 1386 3892 -
1402 3843 1521 3907 sodon-

456 3934 721 4017 quambomiunm
728 3935 884 3999 conatibus
895 3935 933 3996 rut
944 3936 1086 3998 socialem
1095 3938 1305 4018 perlectionem
1313 3945 1521 4024 procurandam

455 4037 513 4098 erit
530 4035 617 4115 plena
630 4033 776 4110 efficacia,
800 4040 830 4096 et
848 4034 993 4098 diuturna
1017 4037 1170 4100 stabilitas.
1194 4043 1259 4104 Nou
1281 4043 1372 4122 plorra
1392 4047 1519 4120 efficacia,

453 4138 529 4216 quia
540 4136 623 4198 deest
633 4135 760 4214 perfecta
773 4137 911 4198 omnium
926 4136 1114 4199 in-eumdem
1129 4139 1220 4202 sunem
1234 4147 1426 4224 conspiratio,
1435 4161 1521 4226 quum

454 4235 530 4307 desit
552 4236 654 4296 unitas
678 4234 872 4301 cornuorum
896 4240 925 4298 et
947 4236 1136 4300 voluntatum
1159 4241 1247 4318 plena
1272 4246 1439 4308 concordia.
1465 4249 1520 4308 lton

453 4333 548 4396 aderit
569 4331 712 4396 diuturna
731 4332 888 4408 stabilitas,
909 4333 982 4412 quia
1003 4335 1035 4395 iu
1051 4337 1201 4416 plerisque
1217 4342 1306 4402 sociis
1323 4343 1476 4406 bonafide
1494 4357 1522 4403 ac

452 4430 584 4508 solertia,
599 4437 629 4492 et
641 4430 675 4491 iu
688 4429 732 4492 rei
745 4431 872 4510 publice
885 4432 1176 4497 administratoribus
1184 4439 1303 4515 justitia
1316 4446 1345 4502 et
1359 4441 1520 4502 communis

451 4529 524 4593 boui
533 4529 632 4592 studio
643 4529 861 4606 deficientibus,
871 4537 907 4591 nt
917 4548 995 4612 saepe
1004 4531 1157 4612 tiedciunt,
1169 4537 1315 4616 paulatim
1328 4547 1425 4602 totum
1438 4542 1519 4602 edam

451 4629 588 4710 ordinem
601 4629 833 4699 intellectualem
847 4637 878 4693 et
889 4633 1076 4697 materialem
1089 4635 1260 4700 labefactari
1273 4657 1395 4706 necesse
1411 4649 1464 4704 est.

488 4731 621 4800 ὕοιιοιι,
637 4731 670 4796 2.
684 4763 726 4780 ·-
741 4733 851 4798 Coutm
871 4732 1038 4798 doctrinam
1059 4735 1096 4800 de
1121 4739 1268 4804 coelentis
1287 4743 1518 4826 perfectibilitate
