3559 5675
556 732 666 777 susus.
688 750 728 763 --
749 732 833 777 eruce
854 732 986 780 osetuus
1251 718 1312 781 313

270 837 372 897 dividuo
379 852 440 899 'non
454 836 552 906 solum
574 836 652 897 illud
669 837 735 897 sine
752 852 814 914 quo
833 836 886 898 ille
905 838 1030 897 existere
1049 852 1110 897 uon
1134 842 1242 915 posset,
1257 837 1309 899 sed

265 937 338 995 etism
350 932 420 993 illud
433 933 497 993 sine
511 949 572 1009 qno
585 950 663 1010 ogre
682 950 738 995 nee
749 935 820 995 satis
837 941 1035 1011 congruenter
1050 934 1087 996 ad
1107 951 1195 997 stram
1212 935 1309 1013 digni·

267 1040 340 1093 tatem
352 1033 402 1091 illa
413 1033 557 1093 existeret.
1193 1054 1197 1063 ·

295 1130 512 1193 3·llultaomnis
520 1133 638 1208 generis
646 1132 758 1193 damae
766 1134 898 1195 societati
915 1151 950 1193 er
967 1134 1197 1196 immodicarum
1217 1135 1308 1195 tribu-

263 1242 345 1293 torum
354 1233 535 1310 impositione
542 1232 923 1310 proveniunt.1.uamnum
933 1234 1056 1305 morale,
1065 1236 1137 1312 quia
1145 1236 1248 1296 multis
1257 1236 1313 1296 eri·

261 1330 414 1391 miniltusad
423 1332 534 1391 mbnta
540 1330 790 1409 uitandopatrotin
799 1332 984 1393 occasionem
994 1332 1112 1412 praebet.
1125 1337 1150 1393 t.
1159 1336 1310 1395 ltsmnum

260 1429 357 1501 sociate,
369 1431 440 1507 quia
451 1430 601 1509 populum
613 1436 717 1491 eontra
728 1430 834 1492 liscum
847 1432 974 1509 ejusque
988 1434 1141 1493 ministros
1152 1433 1270 1507 excitat,
1282 1438 1312 1493 et

260 1528 393 1589 hommem
406 1529 608 1606 quorumdam
621 1530 807 1607 delictorum,
821 1536 910 1609 atque
923 1534 1046 1593 honoris
1058 1532 1173 1593 societis
1188 1548 1312 1592 sensum

260 1626 285 1685 io
302 1628 452 1704 permultis
472 1630 590 1690 civibus
613 1630 778 1705 indigentia
799 1632 909 1709 pressis
928 1632 1085 1708 extinguit.
1108 1633 1138 1692 3.
1160 1633 1312 1691 Damnum

260 1725 403 1800 mustiole,
413 1728 487 1803 quin
501 1726 554 1787 utu
568 1727 681 1789 tribute
694 1729 786 1788 nimis
798 1731 902 1805 grevia
915 1730 988 1804 siut,
1003 1730 1150 1789 minuitur
1164 1728 1311 1790 mercium

258 1827 423 1905 consumptio
431 1842 442 1904 3
453 1827 512 1888 hee
527 1835 630 1889 auum
643 1828 870 1908 consumptione
879 1828 1078 1907 decrescente,
1090 1829 1239 1889 minuitur
1248 1826 1313 1889 red·

257 1921 323 1982 ditus
335 1924 513 1986 tribuwrum
529 1944 539 1989 z
554 1942 622 2003 qun
642 1928 767 2004 quidem
788 1944 836 1989 res
856 1935 886 1988 et
904 1929 1038 2007 privatis,
1058 1929 1112 2005 qni
1135 1928 1313 1989 utilitatibus

257 2021 416 2097 quibusdem
436 2024 525 2085 inviti
549 2025 699 2087 obstinere
715 2034 876 2103 eoguntur,
897 2031 927 2087 st
947 2028 1005 2106 ipsi
1025 2018 1226 2105 reipublicae,
1246 2042 1314 2103 quae

257 2120 408 2181 reddituum
432 2123 494 2183 sibi
518 2125 753 2186 necessariorum
776 2132 860 2203 parte
881 2126 1025 2203 puirstur,
1044 2124 1313 2187 detrimentumaf·

257 2216 310 2278 lert
326 2220 409 2297 drgo,
424 2227 484 2282 ete.
557 2275 561 2281 .

288 2320 368 2379 totid.
388 2323 458 2382 l‘os.
473 2320 560 2381 536¹.
575 2323 638 2383 Lex
648 2322 692 2379 2⁸.
702 2352 744 2367 -
757 2321 880 2388 tribute
897 2320 1007 2383 donent
1024 2324 1241 2401 proportionale
1257 2322 1313 2381 iru-

257 2418 314 2494 poni
330 2423 391 2479 tnm
411 2419 448 2479 ad
469 2423 620 2497 cujusque
641 2420 754 2480 subditi
772 2419 939 2493 facultates,
951 2424 1018 2479 tum
1040 2419 1078 2479 ad
1100 2419 1314 2481 detrimentum

257 2531 285 2574 es
294 2517 328 2576 iis
338 2519 444 2599 urique
459 2518 584 2579 subdito
595 2520 785 2598 proveniens.
1195 2512 1197 2517 ’

288 2617 368 2678 Peos.
392 2620 422 2677 p
441 2631 534 2680 enus.
551 2650 584 2661 -
600 2618 725 2679 tributa
742 2634 762 2677 a
778 2616 909 2679 „subditis
936 2617 1079 2679 solvende
1100 2622 1173 2677 sunt
1194 2616 1314 2679 societis

258 2713 373 2785 qoutam
390 2714 560 2794 cooperatio
575 2714 612 2776 nd
628 2731 789 2778 commune
806 2715 934 2789 honum,
949 2722 984 2777 ut
996 2720 1110 2779 constet
1123 2730 1159 2775 ex
1175 2730 1206 2775 u.
1223 2712 1311 2777 1094.

257 2805 319 2887 Ergo
337 2829 396 2875 non
414 2814 586 2877 secuudum
603 2816 832 2888 commutatico,
857 2815 908 2878 sed
930 2813 1096 2878 secundum
1121 2813 1316 2876 distributive

251 2911 356 2982 justitia
373 2917 585 2993 proportiones
611 2915 664 2976 illa
690 2915 873 2992 imponenda
898 2920 978 2976 suut.
1006 2914 1125 2975 Etenim
1148 2914 1315 2991 cooperatio

254 3008 298 3070 ista
317 3014 431 3074 socialis
455 3015 622 3075 neccssauo
647 3015 788 3094 supponit
808 3028 914 3074 omnes
927 3019 961 3072 et
984 3010 1120 3098 singulos
1142 3012 1236 3072 socios
1259 3025 1315 3072 sua

254 3107 318 3170 tone
338 3113 551 3176 incommune
569 3115 743 3188 contulisse,
766 3120 800 3172 ut
820 3129 874 3191 per
891 3111 994 3173 illaad
1011 3127 1202 3173 communem
1223 3109 1314 3172 letici·

254 3216 327 3286 tatem
348 3212 526 3294 conspirent
548 3213 646 3293 (427).
671 3216 749 3292 Ergo
769 3214 872 3274 omnio
898 3216 1046 3291 cujusque
1072 3213 1143 3272 socii
1163 3211 1241 3272 bona
1262 3210 1313 3271 de-

254 3306 313 3368 hent
322 3312 358 3372 ad
368 3313 466 3374 duem
474 3312 616 3374 soeislem
629 3313 850 3391 procurandum
865 3311 1027 3390 cooperari.
1039 3311 1142 3388 Atque
1157 3311 1215 3372 nisi
1228 3309 1316 3386 quis-

254 3415 408 3483 qoesocius
429 3413 544 3474 tributa
563 3414 660 3474 solvat
680 3413 897 3492 proportionale
917 3411 951 3472 ad
969 3411 1176 3489 quantitatem.
1189 3425 1315 3470 suorum

253 3505 442 3589 sermnem,
460 3513 525 3588 jam
546 3527 609 3574 oon
626 3513 729 3572 omnis
746 3515 814 3589 ejus
831 3510 962 3572 bonoad
984 3510 1077 3570 finem
1095 3509 1234 3572 socialem
1251 3525 1318 3588 pro-

254 3609 405 3671 eunndum
433 3616 621 3680 consuerent,
645 3610 697 3670 sed
717 3611 816 3671 solum
837 3616 916 3684 cesta
935 3608 1073 3687 quedem
1093 3609 1215 3669 illorum
1234 3625 1315 3686 pars.

255 3705 326 3778 dam,
340 3710 366 3768 si
381 3709 439 3770 ille
450 3710 505 3786 qui
519 3709 648 3788 possidet
660 3713 793 3786 eentum,
812 3716 926 3770 tuntum
940 3709 1032 3770 solvet
1044 3715 1193 3786 quantum
1208 3709 1261 3784 qui
1272 3723 1318 3767 so-

253 3802 308 3866 lum
327 3808 598 3887 decempossitlet,
620 3812 683 3887 jam
707 3808 760 3869 illo
781 3808 870 3870 ditior
885 3825 948 3868 uon
970 3813 1144 3886 cooperatur
1164 3807 1202 3868 sd
1225 3806 1316 3866 tinem

253 3907 379 3968 socialem
401 3925 457 3988 per
477 3909 580 3968 omnia
598 3907 758 3977 suenone,
777 3907 828 3969 sed
842 3907 943 3968 sotum
962 3923 1015 3986 per
1034 3905 1196 3982 quomdam
1212 3921 1318 3965 eorum

252 4011 352 4079 porum
364 4007 598 4085 aeqtrivalentem
619 4007 706 4068 lionis
723 4007 847 4068 alterius
864 4007 918 4082 qui
938 4005 1036 4065 solum
1051 4003 1154 4064 decem
1168 4003 1317 4080 possidet:

252 4102 387 4168 ninimm
408 4123 472 4168 uon
496 4113 672 4186 cooperatur
694 4108 842 4168 socialiter
864 4121 962 4180 neque
983 4107 1069 4183 juxto
1089 4102 1171 4179 leges
1192 4101 1318 4184 justitiae

252 4203 370 4264 scians,
384 4207 423 4264 tlt
435 4204 516 4265 enim
532 4205 604 4282 quis
617 4205 765 4268 socialiter
778 4214 964 4282 cooperetur,
979 4202 1066 4266 debet
1079 4198 1231 4280 cooperari
1254 4205 1319 4259 teu·

251 4315 334 4376 quam
350 4305 377 4366 is
394 4306 449 4382 qui
465 4307 569 4366 omnia
586 4323 643 4367 sun
657 4307 735 4367 bons
754 4307 787 4366 in
804 4321 964 4366 commuue
983 4303 1155 4376 contulerit,
1167 4305 1205 4360 ‘ut
1225 4315 1320 4377 nuper

252 4397 391 4480 disitnus3
406 4411 437 4466 et
445 4405 564 4483 justitia
577 4406 697 4466 societis
714 4405 846 4484 postulet
865 4411 898 4465 nt
913 4405 965 4482 qui
981 4403 1080 4464 sociali
1101 4401 1193 4462 tutele
1210 4399 1322 4460 fruitur

252 4514 299 4575 [uo
312 4502 398 4564 bouis
410 4505 641 4583 solemnibus,
655 4506 691 4565 ad
707 4507 856 4568 societatis
870 4521 1047 4583 prosporum
1060 4507 1170 4568 stolum
1186 4517 1236 4578 per
1252 4515 1322 4562 suas

251 4597 378 4664 fortunas
390 4621 495 4666 omnes
514 4615 703 4685 cooperetur;
719 4606 798 4683 qnod
820 4621 880 4666 uon
896 4605 979 4666 lieret
996 4604 1122 4683 proiecto
1136 4601 1174 4662 ab
1191 4598 1321 4675 dloqui,

253 4703 407 4780 ampliores
419 4708 554 4770 torturus
563 4708 864 4786 possidenssqoatta
876 4707 1003 4770 solveret
1015 4706 1125 4776 tribute
1141 4717 1210 4767 eum
1223 4699 1323 4764 suiuus
