3559 5675
460 653 520 717 ibt
869 665 949 714 nnis
969 665 1127 715 samaeus

460 779 502 852 2¹,
513 773 660 839 rectitudo
677 773 840 836 voluntatis
856 773 978 852 privetis
991 774 1055 834 suis
1074 772 1239 836 commodis
1250 773 1364 838 bonurn
1378 775 1512 855 publicum

459 875 653 956 preterent'n.
705 955 710 963 ι
1578 933 1579 948 ,

406 1028 409 1030 ,
499 977 687 1054 Quapropter
702 971 859 1034 individua
871 988 891 1032 a
901 971 1014 1050 quibus
1027 970 1220 1036 deliberativa
1232 980 1360 1052 potestas
1372 976 1515 1038 exercenda

460 1084 515 1153 est,
532 1075 563 1136 l·
576 1079 714 1134 tenentur
734 1072 942 1150 intelligentie
956 1071 1019 1142 rim
1036 1071 1122 1134 iilam
1140 1065 1296 1136 diuturnis
1313 1077 1516 1154 aptissimisque
1578 1135 1579 1154 ,

460 1173 568 1236 studiis
581 1173 638 1234 sibi
654 1187 838 1252 comparare.
857 1171 941 1238 liade
952 1173 1082 1250 quisque
1096 1173 1249 1250 intelligit,
1260 1191 1353 1252 quem
1367 1175 1461 1255 inepta
1470 1178 1518 1236 sint
1578 1165 1579 1250 i

461 1277 499 1341 ad
521 1294 613 1339 suum
635 1292 749 1338 munus
769 1274 953 1354 explendum
972 1289 1095 1353 corpora
1118 1273 1258 1354 qumana
1276 1275 1474 1352 deliberantis,
1492 1277 1517 1336 iu

460 1377 575 1458 quibm
586 1376 742 1455 religionis
755 1379 943 1455 contemptus
955 1381 1044 1454 etque
1061 1371 1204 1436 eiirenste
1217 1391 1339 1438 morum
1357 1375 1518 1438 licentisde

462 1477 628 1540 minentur.

501 1575 536 1638 2⁰
547 1575 657 1644 iisdem
670 1575 725 1637 iila
736 1573 894 1636 individue
914 1576 1054 1638 teneratur
1067 1572 1231 1652 perlectum
1244 1573 1406 1636 voluntatis
1421 1573 1519 1652 squill-
1578 1591 1579 1642 l

461 1677 565 1739 brium
577 1678 612 1738 in
624 1674 916 1756 ipsedelibcratioue
934 1672 1240 1751 commiserando
1260 1687 1323 1736 non
1340 1673 1440 1736 solum
1454 1674 1519 1752 quod

462 1775 608 1851 ordered
619 1775 750 1836 maxime
763 1772 846 1852 quod
856 1771 1018 1834 honestum
1030 1771 1079 1832 sit.
1087 1773 1217 1850 Etenim,
1232 1773 1374 1851 quemvis
1383 1771 1460 1851 quod
1472 1789 1519 1834 rec

461 1883 528 1936 tum
540 1880 598 1949 est,
612 1873 688 1938 utile
699 1889 899 1952 quoqueesse
909 1875 1077 1954 pleramque
1085 1873 1195 1952 soleat,
1208 1879 1342 1936 adaman
1354 1874 1418 1937 bec
1428 1873 1520 1935 ulllltrs

464 1980 561 2056 potest
580 1973 795 2050 deliberantem
816 1973 918 2036 latere.
940 1976 978 2036 At
997 1972 1115 2036 consilii
1136 1974 1272 2052 capiendi
1295 1973 1520 2037 tesnardo-om·

466 2091 560 2156 quum
570 2072 797 2149 censcientiam,
808 2070 916 2137 saltem
930 2073 1103 2154 practicam,
1117 2073 1267 2152 preterire
1277 2080 1384 2153 potest.

505 2174 639 2249 ὒοιοιι.
657 2173 689 2236 3.
710 2205 748 2220 -
767 2174 917 2247 Quoniam
938 2189 1046 2252 eorpus
1066 2171 1222 2251 quodlibet
1245 2173 1520 2248 deliberationum,

464 2273 818 2354 menoperinnuimus,
832 2271 939 2335 oiilciis
957 2271 1170 2350 nianingitur,
1179 2273 1374 2352 perspicuum
1382 2279 1437 2348 est,
1446 2279 1522 2354 potes
1578 2285 1579 2344 l

466 2379 556 2441 utem
566 2373 797 2436 constituentem
814 2373 908 2434 teneri
923 2369 1014 2434 talem
1028 2373 1061 2436 ln
1072 2372 1208 2434 societete
1227 2371 1395 2435 ordinanda
1410 2373 1523 2452 orgmis·

465 2493 551 2538 mum
571 2476 740 2550 instituere,
758 2480 795 2536 ut
813 2473 968 2544 individua
988 2473 1183 2534 delibereutie
1204 2473 1287 2535 illins
1305 2476 1338 2536 vi
1355 2473 1522 2537 ferentarii

466 2576 577 2638 mentis
601 2573 818 2636 steatomatis
844 2573 1054 2635 rectitudinem
1082 2577 1251 2634 constanter
1277 2573 1522 2636 retinendamlu

467 2690 559 2754 quem
575 2673 678 2750 duem,
692 2677 798 2752 mester
811 2671 950 2733 idoneam
964 2685 1070 2734 eorum
1084 2671 1214 2749 quirem
1228 2671 1383 2752 publicem
1396 2673 1524 2751 gabenu-

467 2775 529 2836 turi
541 2777 623 2853 sunt
635 2771 840 2834 edrtcetionem
851 2769 1016 2854 politicam,
1028 2772 1137 2853 deque
1148 2772 1288 2834 nonnihil
1300 2775 1380 2836 inire
1391 2775 1523 2850 induetur,

467 2874 556 2956 plura
571 2880 602 2935 et
613 2872 733 2935 diversa
749 2872 849 2935 media
864 2873 948 2952 apud
966 2873 1144 2934 recentiores
1163 2874 1329 2953 presertim
1348 2875 1524 2950 ouldoresque

469 2974 595 3055 populos
615 2972 749 3035 adbibita
778 2972 922 3048 inerunt,
948 2973 1027 3033 inter
1044 2987 1113 3049 qum
1134 2973 1320 3052 precipuum
1342 2974 1441 3036 lecum
1462 2974 1525 3031 teon

469 3091 616 3138 numerus
644 3072 879 3134 deliberantium
902 3072 947 3133 sic
971 3076 1077 3134 auctus
1097 3078 1133 3133 ut
1152 3072 1345 3151 peritissimis
1375 3073 1524 3152 quibusque
1578 3104 1579 3151 p

468 3174 585 3236 civibus
600 3188 709 3250 eorpus
726 3170 897 3234 deliberans
914 3176 1037 3233 ornetur
1051 3177 1081 3230 et
1093 3170 1326 3245 deliberantium
1346 3173 1461 3235 diversa
1477 3176 1526 3231 stu-

469 3272 520 3337 dia
532 3280 564 3334 et
574 3271 719 3332 utilitates
731 3270 803 3332 bine
816 3270 888 3332 inde
903 3276 1100 3351 compensate
1116 3271 1155 3331 ad
1168 3272 1376 3350 nqudibrlum
1394 3272 1524 3335 adducar·

471 3380 530 3435 tur.
547 3370 742 3449 Perspicuum
758 3384 890 3447 numque
902 3375 957 3442 est,
974 3384 1101 3431 nunrero
1119 3368 1351 3432 deliberantium
1363 3374 1440 3433 intra
1451 3376 1526 3431 certes

470 3471 617 3552 quosdam
631 3468 744 3532 limites
754 3476 852 3545 auem,
867 3470 1073 3547 intelligentis
1085 3470 1189 3531 simin
1203 3476 1343 3549 potestate
1355 3470 1525 3533 deliberativa

471 3571 589 3649 sugeri,
603 3573 669 3630 tum
679 3568 752 3646 quia
765 3575 891 3648 madunt
903 3568 1006 3647 plures
1017 3567 1050 3629 bi
1059 3567 1261 3631 deliberantes
1275 3570 1422 3651 ampliora
1431 3569 1525 3645 obieda

470 3669 639 3748 complecti,
653 3674 719 3731 tum
732 3669 805 3746 quie
818 3670 932 3746 majore
944 3669 1138 3745 negotiorum
1150 3667 1348 3749 explicatione
1361 3686 1396 3733 ec
1406 3668 1525 3745 disceptt-

470 3771 552 3833 ticne
562 3785 640 3846 opus
652 3774 698 3830 est
716 3773 752 3829 ut
765 3767 998 3830 deliberantium
1012 3768 1146 3847 plerique
1162 3772 1194 3829 in
1209 3768 1347 3831 eamdem
1368 3766 1522 3831 metendam

472 3870 658 3932 tonmniant.
673 3870 709 3931 Et
721 3869 913 3947 perspicuum
928 3868 1039 3947 pariter
1052 3874 1098 3929 est
1111 3868 1144 3928 in
1155 3870 1302 3948 ampliore
1315 3854 1523 3931 deliberantium

474 3980 602 4031 numero
617 3969 767 4031 multaris
778 3967 878 4028 studia
888 3966 1004 4047 privata
1017 3970 1252 4030 mussitantium
1264 3976 1294 4030 et
1305 3958 1463 4031 contrarias
1474 3962 1524 4045 pri·
1578 3966 1579 4021 l

473 4076 553 4133 rates
559 4070 708 4131 utilitates
718 4068 836 4142 adesse,
845 4079 924 4145 quae,
936 4066 989 4127 ubi
1003 4073 1069 4147 apte
1081 4068 1208 4129 invicem
1217 4074 1415 4147 opponentur,
1428 4068 1467 4127 its
1478 4062 1523 4143 ple

474 4185 603 4247 rumque
614 4166 871 4247 temperabuntur,
884 4170 918 4226 ut
927 4166 983 4228 soli
994 4166 1107 4244 publici
1121 4167 1191 4230 boni
1202 4168 1301 4231 studio
1312 4169 1405 4231 libere
1417 4164 1524 4228 efficacia

476 4271 672 4349 relinquetur.
688 4269 767 4330 ilino
779 4266 893 4329 ndum
907 4272 952 4328 est
965 4273 998 4327 ut
1010 4269 1041 4328 in
1056 4268 1240 4331 monarchiis
1254 4271 1336 4331 saria
1347 4284 1462 4349 corpore
1471 4280 1524 4326 cou-

474 4371 585 4432 anltire
602 4369 707 4431 adesse
728 4366 861 4442 misant3
875 4367 908 4429 in
922 4365 1103 4445 polyarebiis
1120 4384 1190 4429 rere
1202 4386 1326 4449 corpora
1336 4353 1522 4437 deliberantis,

475 4472 508 4533 in
520 4470 632 4550 quibos
644 4465 849 4549 potestesipea
860 4465 1179 4543 legislatiraresideet.

513 4573 581 4633 iarn
601 4584 663 4649 que
683 4566 798 4627 ratione
816 4565 972 4629 individua
993 4568 1168 4645 congregari
1189 4573 1220 4631 et
1240 4570 1356 4631 musali
1370 4571 1401 4631 in
1419 4563 1522 4630 codrus

474 4667 624 4748 ejusmodi
637 4663 839 4727 deliberativis
850 4662 990 4740 debeam,
1005 4670 1040 4726 nt
1048 4664 1233 4743 judiciorum
1250 4668 1405 4747 prudentia
1418 4672 1443 4727 et
1454 4660 1522 4725 redi·
