3559 5675
465 718 524 783 tet
875 736 955 785 tonis
974 735 1135 783 resumtis

506 846 708 919 Quamobrem
729 845 942 907 inexcusabilis
962 852 1010 907 est
1023 857 1129 906 eorum
1144 842 1356 906 eetbolleorurn
1372 839 1504 913 emeritas,

465 946 518 1023 (μή
533 963 602 1007 oum
618 950 770 1023 Bossmto,
787 964 839 1025 per
851 946 1007 1009 audaciam
1023 946 1112 1025 marte
1126 945 1375 1025 protestantium,
1388 959 1442 1003 uon
1453 948 1507 1001 nunt

467 1046 553 1107 veriti
568 1047 710 1109 Summos
725 1044 881 1108 Pontifices·
894 1045 1106 1123 eomlemnara,
1121 1044 1251 1123 eoquod
1265 1041 1461 1123 supremalne
1471 1059 1509 1120 po

466 1150 570 1206 testate
590 1146 620 1205 ln
635 1143 786 1225 principes
809 1144 959 1207 seculares
980 1144 1145 1223 aliquando
1163 1147 1212 1207 usi
1226 1144 1347 1207 inerint.
1362 1145 1435 1205 barm
1446 1142 1510 1203 eoin

467 1245 616 1305 Romanos
630 1243 787 1306 Pontifices
802 1258 879 1305 nuos
892 1260 1016 1322 arguere
1030 1260 1063 1305 se
1079 1245 1264 1319 existimant,
1282 1240 1364 1321 quod
1378 1242 1509 1303 intolerm·

464 1342 509 1405 ds
526 1345 593 1423 jam
616 1344 790 1421 arrogantia
810 1350 839 1404 et
862 1343 1083 1405 inverecundiae
1100 1350 1165 1419 est,
1191 1342 1353 1405 Eeeleslam
1369 1341 1511 1402 minnan

465 1452 621 1521 tamquam
639 1444 749 1504 erroris
775 1445 968 1521 magistram,
996 1450 1027 1505 et
1052 1444 1175 1505 metaris
1201 1444 1352 1505 oousoiam
1376 1448 1406 1502 et
1426 1441 1511 1501 sedan

464 1544 590 1605 omuino
616 1540 781 1619 damnant;
797 1541 897 1620 qnod,
912 1543 1056 1605 omnibns
1069 1543 1253 1618 iabnbbus,
1268 1548 1316 1605 est
1328 1542 1460 1603 haretiee
1470 1540 1512 1599 in·

466 1642 631 1723 probitatis.

506 1742 581 1817 Quis
594 1748 695 1805 autom
713 1744 830 1822 primus
850 1742 1117 1807 matbiarellieum
1129 1749 1160 1805 et
1179 1758 1336 1821 paganum
1351 1743 1438 1803 istum
1450 1755 1513 1799 erto·

468 1860 531 1905 rem
545 1842 582 1905 de
596 1842 733 1905 absoluta
747 1842 890 1913 sotularis
904 1843 1059 1922 potestatis
1072 1844 1131 1905 snb
1145 1843 1230 1905 omni
1251 1847 1387 1922 respectu
1399 1840 1514 1917 indepr-

466 1940 567 2007 deulia
580 1941 755 2004 solemniter
774 1944 813 2003 sit
831 1943 995 2023 protessus,
1010 1942 1096 2005 dooet
1115 1943 1196 2005 idem
1209 1938 1378 2004 Cardlmlis
1392 1942 1514 2017 liuperto

468 2042 549 2116 uius,
570 2058 666 2119 quum
677 2042 709 2103 in
732 2042 837 2103 eadem
856 2042 893 2103 ad
908 2044 1010 2103 Status
1025 2042 1187 2105 Generales
1206 2043 1343 2103 oratioue
1360 2033 1513 2101 affimant

467 2139 579 2220 Anpltn
599 2139 689 2201 illata
714 2141 745 2203 t'tt
768 2139 901 2204 Gallione
925 2150 1058 2203 tramete
1081 2141 1148 2222 (alt
1172 2142 1211 2203 ab
1230 2141 1342 2219 Augila
1357 2139 1458 2203 seilieet
1477 2135 1513 2195 nli

468 2242 613 2304 llenrinus
628 2242 703 2319 vill,
726 2242 909 2322 turpissimas
922 2244 1085 2320 memorias,
1103 2260 1202 2321 quom
1216 2259 1234 2303 a
1248 2244 1387 2304 Romano
1403 2236 1513 2301 Ponite

467 2341 620 2419 nequisset
632 2340 766 2404 obtineto
778 2347 813 2403 nt
825 2342 906 2405 taeda
916 2349 947 2405 et
957 2341 1080 2421 publiea
1092 2342 1178 2403 illine
1189 2336 1513 2403 adniteriasoienmide·

467 2444 546 2501 oreto
567 2438 754 2521 approbaret,
778 2440 817 2503 ob
836 2440 915 2503 bauo
933 2458 1030 2505 unam
1051 2458 1178 2505 musam
1192 2458 1225 2503 se
1245 2458 1401 2519 suumque
1412 2451 1512 2515 regum

468 2538 618 2617 spirituali
631 2542 698 2617 ejus
719 2540 886 2603 auotoritas
904 2540 1065 2613 subduxit,
1079 2557 1173 2620 seque
1188 2541 1358 2620 prinoipem
1378 2536 1513 2601 seottltrettt

467 2636 626 2699 declaravit
641 2638 679 2699 ab
692 2641 776 2701 ornni
798 2639 860 2701 alia
877 2646 1021 2719 potestate
1040 2656 1223 2718 quwnuqne
1246 2640 1280 2700 io
1304 2640 1389 2700 terris
1402 2635 1515 2713 indepto

467 2743 541 2808 tem,
552 2738 665 2799 adactis
679 2738 769 2800 etiarn
780 2738 997 2803 omnibussuie
1007 2739 1146 2811 subditis,
1159 2744 1194 2801 ut
1207 2739 1288 2801 bano
1298 2741 1367 2817 ejne
1377 2735 1513 2799 absolutam

468 2836 731 2918 independeutiam
748 2841 924 2917 iuramento
942 2839 1164 2920 profiterentur.
1188 2839 1262 2902 lude
1285 2833 1513 2901 numenium

468 2943 498 3000 et
511 2955 662 3018 paganum
682 2955 814 3002 errorem
830 2939 868 3001 ad
881 2940 1013 3002 aliorum
1025 2940 1198 3020 prinoipem
1212 2939 1300 3002 aulas
1313 2936 1427 3001 servilis
1436 2931 1514 2996 edula

469 3038 509 3099 tio
522 3037 615 3098 simul
623 3043 653 3098 et
664 3039 873 3117 protestantiea
882 3039 1071 3101 turbulentia
1080 3041 1297 3119 importarunt3
1311 3053 1402 3117 quem
1410 3045 1512 3096 enonu

466 3137 591 3200 demum
610 3135 812 3220 imprudentia
825 3137 1030 3216 quorumdam
1048 3138 1205 3218 animique
1228 3136 1415 3200 imbeelltitas
1429 3129 1513 3193 iude

467 3253 537 3298 rum
549 3237 650 3316 ipsum
665 3237 853 3298 Gallicanum
863 3253 917 3316 per
934 3237 1082 3300 famosam
1097 3236 1182 3298 illam
1197 3237 1322 3314 triginta
1336 3235 1513 3316 episeoptrtll

467 3335 700 3400 declarationem
718 3337 842 3398 iuverit.

507 3435 638 3498 (onom.
654 3435 684 3496 ³.
699 3465 740 3484 -·
752 3437 821 3499 lieo
834 3436 891 3498 tria
911 3441 1099 3518 postremum
1120 3436 1152 3498 in
1176 3441 1237 3499 tota
1252 3435 1310 3497 bae
1331 3451 1364 3497 re
1383 3432 1514 3508 diligenter

467 3539 623 3595 notentur:

508 3635 531 3694 l.
545 3634 719 3700 manualis
732 3635 784 3698 illa
798 3637 1004 3700 subordinatio
1011 3637 1163 3718 potestatis
1173 3636 1383 3700 semdminub
1390 3628 1513 3696 seddi*

473 3735 530 3797 tioa
544 3735 577 3796 in
591 3735 628 3795 iis
645 3751 713 3814 qum
730 3735 768 3798 nd
783 3737 982 3800 moralitatem
1001 3738 1160 3819 pertinent,
1182 3742 1213 3800 et
1227 3736 1387 3800 monle
1401 3729 1466 3794 illud
1474 3730 1511 3804 1¹¹⁵
1571 3804 1572 3813 ξ

467 3875 506 3938 gie
523 3875 596 3938 yoot
607 3869 659 3923 ms
671 3871 802 3924 institutes
819 3872 919 3936 Jusqu’l
936 3872 961 3923 la
969 3883 1052 3923 tenue
1061 3872 1092 3923 de
1107 3871 1208 3937 Calata,
1219 3874 1337 3923 uenoent
1345 3854 1510 3939 turinorum?

467 3949 565 4010 amrotr
574 3945 726 4009 que,ete.ltt
738 3944 1077 3996 oenseutementuuteete·
1087 3948 1172 3995 annes
1181 3948 1275 4009 parties
1285 3946 1317 3997 de
1327 3943 1422 4005 l'itpitee
1430 3930 1510 3987 atlete

467 4020 717 4082 onninamente
730 4019 787 4066 tone
805 4015 840 4067 lea
859 4015 974 4067 dneteure
995 4019 1041 4080 out
1059 4021 1104 4068 ent
1114 4017 1168 4068 este
1187 4030 1219 4068 en
1231 4017 1327 4068 rreuee
1344 4013 1474 4078 muleeat
1485 4001 1509 4048 ¹“

466 4090 545 4142 dolen
554 4089 586 4142 de
598 4087 720 4152 theologie
731 4101 747 4152 y
757 4095 802 4140 ont
818 4087 870 4142 ote
882 4089 1022 4152 institutes,
1031 4094 1077 4141 ont
1088 4095 1150 4142 tenu
1165 4089 1344 4149 l'atdrmatise,
1355 4081 1508 4147 tsoerdtltt·

357 4219 360 4226 ,
465 4167 514 4214 nte.
528 4183 539 4209 ι
552 4160 767 4228 (londoniarum
782 4162 836 4224 lant
845 4165 899 4224 eit,
909 4167 928 4212 t.
941 4175 968 4220 n,
979 4175 1004 4225 p.
1020 4164 1067 4213 ato
1076 4167 1101 4212 et
1112 4164 1202 4226 sequi.

344 4272 345 4276 ,
497 4235 535 4299 (a)
544 4235 729 4295 beiursrnento
737 4247 787 4296 quo
798 4233 897 4284 'lentina
908 4235 994 4284 Status
1002 4234 1100 4285 volebat
1108 4233 1140 4284 ab
1150 4247 1300 4297 unoquoque
1309 4231 1399 4283 tentari
1411 4222 1508 4290 pnlw

468 4321 527 4358 nem
536 4307 654 4358 doetrinae
665 4309 779 4370 negans·
792 4318 862 4370 peste
880 4308 1007 4370 principes
1024 4306 1058 4357 ab
1069 4306 1179 4357 Finelreta
1195 4307 1296 4370 deponi,
1309 4306 1362 4354 bate
1371 4296 1508 4373 impletate

465 4375 612 4436 Cardlnalls,
620 4389 634 4428 e
643 4382 769 4441 superlore
781 4377 832 4428 loto
840 4377 953 4428 Tertium
963 4378 1082 4430 eumdem
1094 4379 1194 4428 Statum
1203 4369 1476 4445 antequemntnertttp
1484 4363 1508 4406 α

467 4454 579 4500 arment
589 4455 626 4498 est
637 4461 735 4500 mutate
746 4450 889 4500 teutonis
899 4448 1030 4512 d'lloraee,
1044 4451 1088 4512 qni
1099 4462 1115 4498 a
1128 4450 1153 4499 le
1166 4455 1228 4500 teate
1241 4449 1272 4500 de
1288 4447 1352 4498 brlte
1361 4445 1448 4499 temne,
1457 4434 1507 4518 ⁶2³¹

466 4523 554 4572 boire
567 4519 589 4569 le
600 4519 711 4582 ornante
721 4521 755 4570 du
765 4523 859 4572 terriee
868 4525 896 4572 et
911 4521 944 4571 de
956 4520 981 4571 la
991 4519 1075 4571 rurett
1088 4519 1132 4570 des
1145 4533 1216 4581 rom
1226 4522 1291 4570 neate
1303 4519 1319 4568 tt
1330 4532 1345 4569 a
1357 4517 1379 4566 la
1388 4504 1505 4590 queuntes

468 4595 577 4656 potsson,
588 4589 742 4642 ent-auno
755 4591 779 4642 Ιι
798 4605 880 4656 quern
890 4589 953 4642 d'ou
971 4591 1082 4645 aetum
1094 4596 1118 4642 et
1136 4589 1214 4642 ‹t'eae
1226 4591 1334 4642 division
1345 4587 1375 4636 de
1384 4571 1505 4640 feliane-2¹
1543 4632 1549 4650 ,

466 4669 480 4716 t
493 4667 515 4717 le
525 4661 603 4715 re‘rite'
614 4662 631 4714 ll
644 4667 705 4726 pent
717 4662 775 4714 blan
786 4665 840 4716 dtre
848 4664 887 4716 dit
896 4666 967 4716 avete
982 4665 1167 4727 umquamne
1180 4665 1289 4726 peissun,
1300 4652 1503 4723 pessundatum

467 4752 510 4801 par
521 4749 574 4790 mer
585 4741 609 4788 et
620 4735 633 4788 l
646 4734 671 4788 la
683 4747 746 4800 napa
763 4735 933 4800 d'lnplelerte
944 4756 956 4782 ι
967 4737 1051 4802 (Apud
1063 4733 1151 4789 bulec.
1169 4734 1248 4798 teu,
1257 4747 1283 4798 p.
1296 4732 1362 4794 tat).
