3559 5675
863 792 944 838 suuis
964 792 1124 840 retunsus

865 1005 1069 1069 annicetus
1093 1011 1132 1070 ΙΙ.

554 1195 597 1260 De
608 1198 730 1280 proprio
743 1197 836 1262 medio
848 1197 888 1276 ud
894 1198 981 1280 juria
993 1199 1122 1280 manlia
1134 1201 1228 1280 finem
1245 1197 1445 1262 obtinendum.

500 1389 570 1452 958.
591 1391 658 1451 Pus.
682 1390 765 1452 too.
781 1423 823 1441 -··
843 1393 1001 1472 Proprium
1023 1391 1170 1468 medinm,
1191 1407 1253 1468 quo
1277 1391 1355 1452 lines
1376 1391 1527 1470 punitionis

460 1487 644 1565 obtinentur,
658 1497 703 1551 est
721 1491 792 1552 boni
815 1491 969 1554 senubilis
984 1491 1156 1554 subtractio.

500 1589 591 1652 Peos.
611 1595 653 1652 1⁰.
667 1624 708 1638 -·-
718 1593 783 1654 Non
796 1597 891 1670 potest
905 1590 997 1653 borno
1010 1592 1124 1670 puniri,
1135 1592 1195 1651 nisi
1209 1598 1363 1670 quatenus
1375 1598 1420 1652 est
1431 1588 1528 1652 morale

459 1702 549 1764 agens
565 1689 660 1766 (ilii
678 1691 775 1752 Homo
793 1697 908 1766 auum,
922 1697 959 1750 ut
972 1689 1105 1774 moralis,
1120 1696 1165 1750 est
1182 1691 1324 1753 voluntas
1343 1677 1439 1750 libera
1450 1705 1529 1769 quam

460 1787 533 1848 ratio
548 1785 650 1866 dirigit
667 1796 698 1850 st
710 1805 818 1852 seusus
832 1789 972 1869 impellit.
987 1791 1052 1852 lam
1066 1805 1103 1850 ex
1116 1788 1211 1848 tribus
1225 1788 1307 1850 hisce
1322 1786 1477 1850 elementis
1488 1803 1529 1846 εε-

460 1887 697 1962 tentamentis,
712 1905 832 1964 sensus,
846 1907 901 1950 seu
915 1889 1029 1951 bouum
1041 1888 1183 1950 sensibile
1197 1905 1258 1966 quo
1272 1904 1382 1950 sensus
1398 1893 1529 1960 movetur,

458 1985 593 2046 eaiillud
614 1987 727 2062 solum,
746 1989 826 2066 qnod
847 1991 973 2070 positive
985 1991 1168 2050 voluntatem
1190 1981 1233 2048 ad
1246 1971 1393 2050 delictum
1405 1987 1532 2048 commit-

461 2083 586 2150 tendum
599 2085 699 2148 trabit.
714 2091 788 2150 liam
802 2089 875 2150 ratio
889 2091 1011 2150 veritate
1026 2089 1126 2150 solum
1137 2094 1275 2149 movetur
1288 2101 1296 2147 :
1308 2087 1451 2153 voluutas
1463 2103 1531 2158 vero,

462 2187 520 2246 nisi
539 2205 556 2246 a
578 2188 767 2268 passionibus
788 2187 982 2264 distrahatur,
1001 2187 1037 2250 ad
1061 2173 1174 2250 bonum
1186 2173 1342 2250 ⁴rationale
1362 2205 1417 2266 per
1430 2204 1460 2248 se
1480 2189 1532 2264 ipsa

464 2283 555 2346 tendit
574 2287 638 2362 (lib.
659 2303 682 2363 1,
708 2303 762 2349 nn.
786 2288 838 2362 47,
864 2287 932 2360 tsi,
958 2285 1038 2363 tio).
1064 2289 1141 2365 Ergo
1158 2286 1199 2370 ,ad
1224 2285 1384 2348 bominem
1403 2304 1421 2347 a
1440 2285 1532 2346 delicto

462 2385 666 2456 avertendum,
683 2386 922 2450 subtrahendum
937 2387 984 2449 illi
998 2392 1043 2448 est
1056 2387 1167 2447 bonum
1183 2385 1338 2463 sensibile,
1351 2386 1442 2462 euius
1455 2385 1533 2445 unius

461 2485 558 2560 gratia
575 2485 613 2546 ad
627 2485 770 2548 delicium
786 2487 966 2566 patrandum
980 2486 1121 2548 excarrrit.

505 2587 536 2644 2·
555 2586 597 2646 lix
617 2585 683 2662 lege
696 2585 810 2648 ordinis
829 2593 859 2646 et
874 2587 1002 2664 justitia
1019 2585 1115 2662 (itti,
1133 2584 1187 2646 illo
1207 2583 1287 2645 bono
1301 2579 1486 2645 minuendus
1498 2587 1534 2642 est
1599 2632 1600 2651 ,

462 2683 653 2764 delinquens,
679 2685 758 2764 quud
781 2687 837 2746 sibi
863 2686 978 2747 nelarie
995 2704 1048 2765 per
1070 2685 1213 2745 delictum
1235 2683 1411 2754 vindicavit,
1434 2689 1466 2743 ut
1480 2685 1534 2759 jam

464 2800 570 2847 sumus
582 2785 685 2849 librol
703 2785 786 2867 (223)
807 2787 1020 2865 argumentati.
1041 2785 1131 2864 Atqui
1145 2783 1182 2846 ad
1199 2783 1312 2847 scelera
1327 2791 1433 2847 contre
1451 2783 1535 2844 socia·

457 2882 524 2947 ism
543 2884 678 2947 ordinem
696 2886 893 2967 perpetranda
914 2886 1013 2947 solum
1037 2886 1150 2948 bonum
1176 2882 1299 2961 aliquod
1315 2883 1461 2945 sensibile
1483 2884 1535 2941 irn-

465 2984 557 3063 peliit.
576 2986 653 3062 ingo
670 3002 724 3065 per
743 2986 815 3048 boui
835 2986 988 3049 sensibilis
1011 2984 1246 3047 subtractionem
1262 2982 1374 3045 delicta
1396 2978 1536 3065 punienda

464 3090 546 3145 suut.
781 3070 792 3091 ⁰

504 3184 574 3249 titio.
596 3188 725 3252 Coabis.
743 3188 869 3249 -Tota
889 3187 1007 3249 socialis
1028 3184 1210 3246 auctoritatis
1231 3196 1279 3243 ars
1300 3183 1333 3243 in
1354 3182 1473 3245 delictis
1490 3197 1536 3261 pu·

465 3282 584 3345 niendis
603 3286 689 3347 debet
703 3288 864 3351 consistere
882 3288 913 3349 iu
932 3285 1108 3367 opponendo
1121 3282 1201 3347 malo
1221 3282 1360 3344 sensibili
1383 3281 1536 3363 punitionis

464 3389 565 3443 contra
578 3384 692 3447 bonum
705 3388 848 3448 sensibile
861 3387 960 3451 delicti
972 3404 1040 3447 cum
1054 3386 1105 3445 tali
1117 3383 1320 3465 proportione,
1331 3388 1368 3441 ut
1377 3398 1467 3461 poena
1479 3394 1536 3441 cou-

465 3496 541 3558 gme
555 3494 726 3565 compenset
738 3494 766 3549 ει
780 3487 878 3549 delicti
892 3488 1155 3555 inordinationem.
1171 3489 1201 3545 at
1212 3482 1360 3543 damnum
1377 3488 1445 3542 actu
1460 3480 1537 3540 noxio

468 3580 599 3659 illatum,
611 3591 640 3645 et
652 3584 727 3647 laisa
744 3588 890 3647 mentium
908 3586 1032 3664 judicia.
1048 3585 1161 3646 italum
1179 3588 1280 3643 autem
1302 3579 1449 3641 sensibile
1470 3576 1536 3640 nibil

466 3678 547 3743 aliud
568 3690 614 3743 est
633 3700 725 3763 quam
747 3687 818 3748 boni
841 3686 992 3747 sensibilis
1010 3684 1155 3765 privatio,
1179 3682 1251 3761 quia
1268 3680 1387 3743 malum
1411 3682 1537 3741 universe

468 3794 528 3841 uon
542 3788 587 3843 esi
602 3784 684 3845 aliud
701 3802 793 3863 quam
806 3788 931 3867 privatio
946 3786 1027 3861 boni,
1043 3791 1077 3844 ut
1091 3801 1127 3844 ex
1147 3780 1361 3861 metaphysicis
1378 3784 1501 3843 conant.

505 3880 641 3945 lamvero
662 3894 791 3963 quatuor
812 3886 965 3969 precipuas
984 3882 1133 3945 bonorum
1155 3882 1267 3961 species
1284 3878 1406 3941 bomini
1424 3884 1493 3940 sunt
1512 3878 1536 3933 in

468 3978 571 4043 ordine
585 3984 731 4063 sensibili,
754 3986 900 4047 nimirum
914 3984 988 4055 vita,
1007 4000 1141 4062 pesona,
1157 3978 1292 4050 libertus,
1307 3978 1455 4059 fortene.
1472 3978 1538 4049 Ergo

467 4082 582 4155 quavis
595 4084 714 4163 punitio
731 4084 819 4147 debet
833 4084 1059 4163 delinquentem
1073 4082 1175 4161 aliquo
1188 4096 1225 4141 ex
1241 4079 1289 4139 his
1309 4077 1400 4139 bonis
1419 4077 1465 4136 rel
1483 4088 1539 4134 om

469 4179 543 4245 nino
555 4182 603 4247 vel
617 4186 724 4265 partim
751 4187 877 4265 privare.
900 4188 937 4246 st
960 4180 1036 4245 illud
1058 4183 1248 4263 potissimum
1268 4176 1414 4241 sensibile
1433 4178 1537 4238 bouum

467 4278 655 4364 delinquenti
677 4284 917 4347 subtrahendum
931 4290 986 4354 eat,
1007 4286 1096 4361 cujus
1110 4282 1235 4361 privatio
1253 4278 1349 4355 magis
1371 4274 1482 4339 directe
1494 4290 1539 4353 op

469 4384 589 4462 ponitur
603 4386 799 4448 exnumenu
812 4385 883 4447 boui
898 4381 1052 4446 sensibilis
1066 4382 1102 4442 ad
1116 4388 1229 4442 certum
1247 4378 1324 4439 illud
1339 4376 1484 4438 delictum
1496 4375 1537 4433 iu-

469 4484 599 4545 vitantis.

508 4584 676 4645 Notandum
696 4582 744 4645 hic
766 4586 855 4645 etiam
870 4590 915 4645 est
928 4582 1040 4642 malurn
1057 4599 1117 4643 non
1132 4598 1196 4643 usse
1211 4595 1282 4642 cum
1295 4578 1462 4641 moratione
1474 4570 1536 4634 maii

468 4682 725 4759 confundendum,
744 4684 821 4747 sicut
836 4687 901 4763 jam
916 4682 969 4743 lib.
991 4686 1001 4743 t
1022 4683 1131 4762 sapius
1150 4682 1376 4743 observavimus
1395 4678 1538 4738 bonum

468 4781 626 4861 voluptate.
642 4804 709 4865 quae
727 4786 764 4849 ab
782 4788 849 4865 ejus
868 4787 1053 4865 possessione
1071 4784 1177 4856 oritur,
1198 4801 1264 4845 esse
1282 4777 1536 4857 distinguendum.
