3559 5675
603 671 712 717 sons.
737 690 775 701 -—
796 672 880 719 alosa
902 672 1051 721 smvmos.
1346 668 1365 728 *i

286 778 393 852 napta
412 781 523 837 natura
538 785 585 839 ost
597 774 723 839 acediam
738 793 799 856 qno
813 778 970 841 individua
983 780 1174 859 adjuventur,
1189 790 1249 843 non
1264 787 1365 845 autom

285 872 356 932 linis
374 872 523 936 ultimoa
544 876 682 938 creatore
696 877 841 940 intentus.
857 877 995 940 Vidimus
1009 881 1092 941 enim
1113 882 1300 944 essentialem
1316 900 1365 945 so·

286 973 559 1037 cnutishumana
568 976 731 1057 cujuslibet
743 980 940 1055 quantumvis
959 980 1114 1060 completa
1128 980 1220 1043 finem
1231 1000 1296 1044 esse
1307 982 1364 1044 tu-

287 1092 374 1135 ma
399 1074 556 1137 iodioiduo
573 1076 716 1157 adjuvare
732 1086 961 1160 paractericum
981 1078 1113 1142 ordinem
1127 1078 1167 1142 od
1178 1080 1249 1161 finis
1267 1082 1368 1144 ultimi

287 1174 624 1253 mentionemfflii.

326 1275 461 1348 Quando
473 1292 545 1353 ergo
555 1275 665 1338 dicitur
677 1278 792 1341 bonnm
804 1278 952 1341 individui
965 1282 1043 1343 bono
1057 1282 1203 1345 societatis
1215 1300 1281 1345 esse
1293 1283 1367 1344 sub-

289 1374 519 1453 ordinandum,
541 1394 640 1440 sermo
662 1385 707 1441 est
728 1379 865 1442 debono
889 1383 985 1443 unius
1004 1384 1051 1444 val
1071 1383 1195 1445 alterius
1219 1384 1368 1447 individui

288 1484 467 1556 mmparato
482 1494 556 1538 cnm
577 1479 657 1541 bono
666 1481 848 1556 multorum,
863 1487 954 1561 atque
973 1482 1036 1543 hano
1049 1484 1197 1563 appendix
1212 1484 1257 1544 illi
1272 1484 1364 1547 aliato

290 1575 507 1654 subjungenda
538 1584 638 1653 esset,
660 1576 771 1640 tonum
794 1580 908 1643 seilicet
930 1580 1076 1643 societatis
1100 1581 1241 1663 cujusque
1276 1582 1367 1645 dime-

292 1674 424 1739 tiendum
448 1697 508 1739 esse
523 1696 580 1759 per
602 1680 707 1742 bonvm
727 1682 806 1763 qnod
835 1682 867 1743 iu
889 1681 1114 1745 individuorum
1142 1682 1367 1765 complecionem
1421 1740 1424 1745 i

294 1774 486 1839 ndnndoto·

333 1878 419 1951 Quod
432 1894 506 1940 sane
518 1879 736 1941 obliviscuntur
750 1882 796 1942 illi
811 1880 923 1960 politici
937 1884 989 1961 qui
1004 1886 1172 1947 societatem
1185 1901 1238 1944 seu
1249 1882 1367 1944 Statum

298 1976 353 2037 silvi
369 1976 552 2055 confingunt
564 1979 697 2040 similem
711 1982 829 2061 antiqui
848 1981 932 2043 illius
950 1981 1023 2044 id'oli
1047 1981 1175 2059 Molood,
1194 1980 1273 2060 quod
1295 1982 1368 2043 ado·

297 2082 403 2138 ratores
421 2094 493 2138 suos
515 2078 685 2159 devorabat,
702 2096 735 2142 ac
757 2082 862 2161 populi
883 2080 1085 2145 infelicitatem
1106 2090 1135 2145 et
1148 2086 1245 2161 justas
1264 2084 1368 2161 queri·

299 2177 410 2238 munias
433 2180 656 2259 parvipendunt
677 2180 766 2242 modo
777 2180 882 2242 bouum
897 2180 1015 2258 Statua,
1030 2188 1064 2245 ut
1078 2184 1123 2245 illi
1138 2182 1290 2260 ellutiunt,
1306 2188 1370 2243 tan·

304 2274 366 2336 dem
387 2276 553 2338 obtineant
570 2278 629 2352 Qui
651 2295 733 2339 error
754 2297 846 2356 quam
860 2280 1010 2343 adsuvdus
1031 2282 1080 2359 sit,
1104 2286 1277 2359 quantoque
1302 2281 1370 2343 odio

312 2373 421 2453 dignus,
435 2378 566 2455 quisque
579 2378 664 2439 tacite
677 2378 826 2457 iutelligit.

343 2476 405 2538 736.
418 2479 487 2539 Poe.
500 2474 586 2539 ato.
598 2510 639 2524 -
652 2479 774 2541 Nullius
792 2480 942 2543 societatis
958 2480 1092 2543 osticium
1106 2486 1151 2543 est
1170 2480 1310 2541 omnibus
1323 2481 1370 2539 in·

302 2573 409 2637 dividui
431 2579 585 2655 ouJusque
607 2580 835 2641 necessitatibus
857 2580 1036 2660 consulere,
1058 2581 1110 2643 sod
1129 2580 1228 2643 omnis
1246 2580 1368 2641 societas

299 2674 382 2737 dehet
395 2693 434 2738 ea
453 2678 555 2740 solum
577 2678 741 2741 individuis
762 2680 1003 2753 subministrare,
1022 2681 1136 2759 quibus
1159 2678 1368 2759 comparandis

298 2776 416 2840 nullum
430 2778 624 2842 individuum
638 2779 757 2846 suflicit.

335 2879 431 2940 Paos.
465 2878 497 2939 l·
517 2892 605 2941 vana.
626 2913 667 2927 -
687 2881 860 2944 Societatem
883 2883 1026 2945 omnibus
1049 2881 1197 2944 individui
1222 2884 1371 2960 cujusque

297 2980 530 3042 necessitatibus
543 2983 699 3044 consulere
708 2988 738 3043 et
756 2984 905 3059 iniustum
920 2990 950 3044 et
962 2983 1127 3044 absurdum
1142 2987 1228 3042 essct
1243 2983 1273 3040 l⁰
1288 2985 1373 3040 Esset

296 3078 460 3156 injustum.
479 3081 598 3142 Eunim
614 3083 737 3143 societas
751 3097 812 3143 non
824 3082 899 3142 alias
917 3081 1008 3142 hahet
1024 3082 1115 3158 vires,
1128 3095 1189 3140 non
1202 3079 1292 3140 aliam
1302 3095 1371 3156 ope-

296 3194 373 3251 ram,
387 3196 479 3257 quam
492 3181 572 3242 vires
589 3188 619 3242 ot
630 3198 752 3261 operam
764 3181 1001 3242 individuorum.
1017 3179 1117 3258 vitum,
1135 3179 1160 3239 si
1172 3183 1276 3239 caetera
1290 3175 1369 3236 indi·

294 3277 384 3339 vidua
397 3279 543 3342 deberent
554 3297 586 3342 se
604 3298 718 3360 suaque
729 3281 871 3343 adhibere
881 3281 919 3344 ad
934 3298 1031 3342 unum
1045 3279 1167 3358 aliquod
1179 3276 1370 3338 individuum

297 3376 380 3438 iners
393 3377 551 3450 alendum,
565 3377 766 3456 vestiendum,
788 3378 1018 3460 protegendum,
1037 3377 1199 3439 violaretur
1221 3374 1373 3436 evidenter

299 3475 347 3537 lex
368 3479 517 3557 aequitatis
530 3481 688 3541 naturalis.
714 3479 804 3565 Nulla
817 3481 900 3541 onim
919 3482 1033 3558 majora
1047 3478 1093 3538 illi
1107 3476 1195 3539 inerti
1218 3474 1373 3535 individuo

300 3587 504 3659 competerent
509 3585 591 3659 jura,
605 3597 699 3660 quam
713 3581 829 3642 caeteris
843 3580 1017 3641 individuis.

339 3681 373 3739 20
394 3681 481 3742 noso
494 3679 669 3742 absurdum.
687 3683 763 3742 Nam
775 3681 813 3753 si,
833 3681 975 3741 omnibus
989 3677 1154 3738 individuis
1168 3675 1201 3736 in
1216 3672 1370 3736 communi

299 3779 431 3857 quadam
449 3780 555 3842 inertia
577 3780 781 3858 manentibus,
797 3779 919 3842 deberet
941 3780 977 3840 iis
999 3779 1139 3840 omnihus
1156 3777 1279 3836 societas
1304 3790 1372 3852 pro·

300 3881 422 3960 spicere,
432 3881 588 3942 delirantis
597 3881 628 3942 id
638 3887 715 3942 essct
726 3879 933 3942 abstractionis
943 3879 1267 3950 commentum.Quum
1278 3875 1372 3948 enim,

303 3993 335 4043 ot
347 3999 445 4062 nuper
457 3982 667 4058 meminimus,
682 3983 805 4042 societas
825 3981 905 4042 nihil
923 3995 1009 4058 agere
1021 3978 1115 4060 possit
1129 3977 1187 4038 nisi
1201 3993 1253 4055 per
1265 3973 1374 4035 indivi-

304 4079 373 4160 dua,
387 4079 413 4141 si
424 4080 490 4142 hac
506 4079 662 4142 individua
673 4082 782 4142 inertia
792 4086 988 4160 permaneant
1009 4081 1121 4150 omnia,
1138 4075 1260 4137 nullum
1272 4091 1375 4155 super·

303 4179 367 4256 erit,
381 4197 437 4260 per
446 4177 528 4259 quod
549 4181 672 4241 societas
684 4179 826 4240 omnibus
837 4177 899 4239 illis
913 4177 1067 4240 consulere
1081 4175 1184 4257 possit.

342 4281 432 4342 Paos.
448 4283 480 4340 2·
491 4293 580 4341 vias.
596 4313 635 4324 -
649 4280 779 4340 inomni
793 4278 1126 4362 amplasooietatesunt
1145 4274 1247 4354 aliqua
1265 4274 1374 4336 indivi-

303 4379 361 4440 dua
378 4397 512 4458 quorum
525 4380 751 4441 necessitatibus
765 4395 855 4441 nemo
876 4380 1016 4460 privatim
1035 4375 1166 4440 consulit
1184 4381 1213 4436 et
1232 4390 1301 4452 quae
1318 4371 1374 4432 sibi

306 4480 367 4559 ipsa
378 4478 517 4542 suillcere
530 4486 697 4556 nequeunt.
712 4483 799 4554 item,
811 4485 889 4540 certa
902 4477 1039 4556 quaedam
1050 4461 1151 4555 opera,
1165 4480 1238 4536 sunt
1247 4471 1376 4534 societati

307 4581 453 4642 universa
475 4581 652 4655 necessaria,
675 4580 788 4657 quihus
809 4586 911 4642 nmen
932 4578 1053 4639 nullum
1073 4574 1264 4637 individuum
1278 4590 1331 4651 pei·
1349 4587 1380 4629 se

311 4681 450 4762 prospicit
459 4685 490 4738 et
497 4679 619 4741 utillum
635 4697 689 4760 per
701 4695 733 4740 se
750 4677 872 4757 sivtfictt,
888 4676 1058 4758 cujusmodi
1069 4683 1139 4735 sunt
1153 4689 1285 4752 annona,
1300 4687 1381 4749 cxcv.-

314 4779 320 4819 Ι
384 4809 387 4814 ¹
503 4776 506 4781 ⁴
928 4771 932 4782 .
