3559 5675
576 707 685 754 sousa.
706 724 748 740 -
767 707 851 754 utras
872 705 1060 754 ouonrctuus.
1303 689 1363 753 ote

284 811 333 873 vel
349 810 510 872 alienandi.
532 812 667 876 Alterum
682 812 850 876 dominium
865 820 910 875 est
921 817 973 893 jus
987 811 1144 874 ordinandi
1165 819 1365 889 congruenter

284 911 324 972 ad
345 910 500 989 publicam
520 914 679 978 utilitatem
692 915 862 976 dominium
875 914 963 975 rivlle
977 931 995 974 a
1010 911 1138 974 subditis
1157 913 1190 973 in
1210 930 1258 974 res
1275 929 1365 990 quas·

283 1027 409 1088 cunque
423 1027 606 1089 possessum.
622 1017 796 1076 dominium
815 1015 904 1077 civile
920 1014 956 1074 ed
981 1015 1109 1092 privatos
1130 1013 1321 1091 potissimum
1336 1017 1366 1074 et

283 1111 324 1171 ad
342 1111 535 1189 particularia
548 1115 697 1174 consortia
713 1112 858 1192 pcrtinet;
884 1111 1041 1193 politicum
1064 1129 1136 1173 voro
1153 1111 1307 1190 proprium
1321 1119 1367 1172 est

283 1227 438 1289 supremae
449 1212 568 1272 socialis
581 1213 773 1274 auctoritatis.
827 1205 830 1209 ’

331 1313 501 1372 sorssors
514 1313 545 1371 9.
554 1343 593 1356 -
602 1312 838 1374 discernendum
851 1319 896 1372 est
906 1313 998 1373 eliam
1008 1311 1167 1390 diligenter
1179 1313 1226 1387 jus
1240 1310 1366 1371 dominii

283 1418 320 1471 et
334 1411 433 1472 civilis
444 1419 474 1470 et
484 1411 597 1490 politici
613 1413 750 1475 Ecclesiae
770 1419 942 1490 competens
959 1414 995 1474 alr
1008 1413 1102 1489 hujus
1116 1411 1243 1471 dominii
1256 1411 1367 1485 abusu,

281 1529 382 1588 quem
395 1528 502 1571 omnes
516 1513 627 1590 pariter
639 1515 669 1573 in
689 1513 805 1574 clericis
827 1528 886 1572 non
914 1527 1001 1574 secus
1014 1517 1102 1589 atque
1116 1511 1147 1570 in
1162 1511 1245 1570 laicis
1267 1510 1369 1570 homi-

176 1676 177 1679 *
282 1612 394 1683 uibus,
409 1612 649 1691 quotiescunque
662 1614 819 1683 exstiterit,
843 1617 904 1674 loto
925 1613 1027 1672 animo
1041 1611 1232 1671 damnamus.
1249 1612 1286 1670 ut
1305 1627 1370 1688 pes·

176 1776 178 1783 ‚
281 1713 369 1770 sima
386 1712 523 1786 tyrannis
537 1718 584 1773 ost
604 1714 637 1773 in
660 1713 764 1774 ordina
781 1714 921 1792 practico,
938 1713 1015 1772 sicut
1033 1712 1063 1770 in
1082 1711 1185 1772 ordine
1209 1709 1305 1786 logico
1328 1717 1372 1770 est

282 1811 457 1889 pessimum
469 1811 635 1890 sophisma,
650 1828 714 1884 rem
727 1813 825 1891 ipsam
846 1811 991 1872 damnare
1004 1827 1038 1871 ao
1051 1809 1149 1870 delere
1163 1809 1201 1870 ob
1222 1809 1371 1886 ejusmodi

282 1911 435 1982 abusum,
448 1927 540 1987 quem
553 1910 646 1988 aliqui
658 1912 733 1973 iorte
748 1912 832 1972 illius
852 1911 987 1972 fecerint.
1002 1912 1102 1984 Quum
1123 1910 1206 1969 enim
1224 1908 1311 1968 nulla
1323 1925 1371 1968 res

176 2082 177 2089 ἵ
282 2010 343 2082 sit,
355 2026 414 2086 qua
424 2025 484 2069 non
495 2010 659 2087 aliquando
670 2012 840 2090 complures
850 2009 1168 2084 hominesabutantur,
1182 2009 1284 2069 omnia
1297 2009 1373 2086 pari-

176 2169 177 2172 ,
283 2110 414 2186 eertum
425 2109 569 2170 lalmrum
580 2113 670 2172 etiam
683 2119 713 2172 et
723 2112 859 2171 dominia
870 2119 900 2171 et
909 2112 1101 2189 proprietates
1113 2115 1202 2169 crunt
1214 2109 1373 2182 abolenda,

176 2196 181 2283 .
285 2211 317 2268 si
334 2214 456 2287 propter
473 2210 604 2269 abusum
626 2212 669 2271 rei
684 2226 844 2271 censemus
857 2226 922 2270 rem
939 2210 1035 2286 ipsam
1050 2210 1145 2287 porire
1160 2215 1304 2285 oportere.
1320 2209 1374 2267 lus

176 2293 177 2375 J
288 2324 366 2384 ergo
380 2309 480 2386 ipsum
493 2309 593 2385 agitur
605 2309 644 2368 ab
657 2313 769 2370 aterna
782 2307 848 2385 lege
861 2308 1031 2382 dimanans,
1045 2323 1105 2366 non
1120 2307 1213 2382 liujus
1231 2305 1278 2366 vel
1290 2305 1374 2365 illins

176 2402 177 2408 ’
289 2407 392 2469 clerici
409 2408 611 2486 imprudentia
626 2409 675 2470 vol
687 2409 846 2487 cupiditas,
864 2425 961 2486 quum
979 2407 1016 2467 de
1034 2407 1231 2467 ecclesiastico
1242 2405 1376 2465 dominio

291 2507 463 2585 disputatur
483 2527 491 2566 r
508 2523 606 2585 neque
626 2509 674 2569 vol
692 2509 851 2585 inaequalis
872 2523 977 2568 earum
990 2507 1176 2567 lcnunarum
1195 2502 1375 2580 distributio,

293 2606 342 2668 rel
356 2609 528 2667 miserrima
545 2607 718 2685 aliquorum
729 2610 863 2669 luxuries
876 2605 1061 2669 obtrudenda
1072 2613 1128 2684 est,
1142 2605 1262 2683 quando
1276 2603 1375 2664 ullum

295 2723 359 2768 esse
377 2722 465 2786 posse
484 2709 719 2769 ecclesiasticum
738 2720 840 2770 remm
858 2709 1070 2787 temporalium
1096 2706 1265 2767 dominium
1288 2703 1378 2764 inde-

293 2807 429 2888 pendens
442 2815 580 2885 negatur.

177 2963 182 2973 .
337 2907 427 2970 ¹3:37.
445 2910 513 2970 uos.
529 2912 613 2972 661⁸.
627 2946 668 2957 -
680 2911 849 2973 Christiana
869 2911 1001 2973 Ecclesia
1011 2914 1082 2987 jure
1101 2908 1203 2969 divino
1226 2912 1321 2987 polest
1346 2924 1380 2967 ac

177 3041 178 3044 κ
291 3008 384 3069 debet
396 3028 501 3071 verum
515 3011 685 3073 dominium
701 3007 864 3088 habetest
876 3011 965 3072 civile
977 3016 1007 3071 et
1020 3009 1188 3088 politicum,
1204 3008 1378 3067 divitiarum

177 3157 178 3175 .
292 3109 472 3184 aliquarum
486 3110 708 3185 materialium,
723 3108 957 3189 independenter
977 3126 995 3169 a
1016 3122 1200 3186 quacunque
1223 3105 1306 3165 laica
1327 3120 1380 3184 po

177 3239 178 3245 κ
293 3208 413 3267 testatis
426 3210 629 3270 concessione.

340 3310 434 3368 Ριοπ.
445 3311 571 3370 lr-lus
584 3309 711 3371 dominii
726 3308 904 3386 generaliter
912 3310 1006 3371 oritur
1020 3326 1038 3369 a
1051 3306 1163 3387 duplici
1173 3309 1244 3384 jure
1253 3305 1380 3384 propriae

293 3409 523 3468 conamcctr'om's
542 3417 573 3469 et
587 3407 829 3487 independamus,
847 3416 882 3468 ut
895 3410 1075 3489 explicatum
1098 3413 1129 3468 et
1152 3404 1311 3485 probatum
1337 3395 1383 3463 ost

177 3573 178 3576 Ἴ
297 3504 379 3566 libro
393 3509 441 3567 tlt
458 3509 552 3583 (too).
569 3510 647 3585 Ergo
659 3523 722 3585 qno
735 3508 866 3568 validius
878 3508 969 3569 alicui
989 3512 1041 3587 jus
1054 3513 1098 3567 est
1114 3506 1162 3565 sui
1180 3505 1274 3583 ipsius
1289 3500 1382 3563 libere

177 3663 178 3668 ,
295 3607 495 3667 conservandi
516 3614 546 3667 ot
566 3606 750 3687 perficiendi,
765 3624 803 3667 co
821 3608 941 3667 firmins
957 3607 1052 3667 eidem
1075 3606 1166 3666 etiam
1186 3604 1237 3681 jus
1258 3601 1382 3661 dominii

296 3707 440 3785 competit
449 3706 622 3767 diviliamm
637 3707 852 3780 materialium,
866 3708 891 3765 si
907 3707 954 3767 has
974 3705 1092 3766 sintilli
1106 3704 1140 3764 ad
1156 3719 1187 3764 se
1199 3716 1383 3762 conservan-

296 3806 374 3867 durn
388 3811 418 3866 et
428 3806 644 3885 perficiendum
656 3806 844 3869 necessariae.
1114 3802 1116 3807 ’

341 3907 431 3983 Αιῳιί
445 3907 568 3967 societas
583 3907 723 3983 religiosa
747 3906 825 3966 inter
847 3904 999 3976 homines,
1014 3904 1104 3963 etiem
1127 3901 1278 3961 inordina
1301 3916 1381 3960 mere

298 4004 446 4081 naturali,
460 4004 550 4070 habet
561 4004 598 4064 ad
616 4014 681 4065 sese
703 4003 939 4065 conservandam
951 4010 980 4064 ct
993 4000 1204 4081 perficiendam
1215 4002 1268 4076 jus
1285 3998 1382 4058 mullo

296 4103 430 4165 validius
441 4120 624 4181 quocunque
634 4104 731 4164 civilis
743 4105 893 4165 societatis
911 4106 993 4181 jure,
1010 4109 1039 4161 et
1057 4104 1110 4177 jus
1124 4098 1330 4177 independens
1344 4097 1381 4157 ab

298 4206 385 4266 omni
405 4203 480 4264 laica
494 4210 655 4283 potestate;
673 4210 704 4264 et
720 4204 756 4263 ad
778 4221 844 4265 sesa
865 4200 1101 4265 conservandam
1117 4214 1150 4260 ac
1168 4196 1380 4278 perficiendam

297 4304 405 4367 catilli
419 4304 587 4365 necessaria
605 4305 771 4381 proprietas
782 4305 956 4365 divitiarum
971 4302 1187 4365 materialium.

343 4400 470 4465 Nemi.
492 4402 649 4480 religionis
661 4403 763 4465 cultus
781 4406 864 4464 omni
885 4403 1003 4465 homini
1023 4408 1069 4464 est
1089 4399 1186 4461 multo
1206 4398 1301 4473 magis
1328 4412 1384 4457 na-

298 4504 448 4566 cessarius
459 4519 641 4582 quacunque
655 4503 736 4564 read
752 4511 929 4582 presentem
943 4504 1036 4564 sitam
1050 4508 1211 4581 spectante.
1228 4502 1265 4559 ut
1284 4498 1384 4560 omnis

303 4608 396 4667 etiam
412 4603 516 4676 horno,
543 4620 639 4681 quum
654 4604 757 4665 sociali
770 4604 839 4663 vita
851 4604 891 4663 sit
914 4621 965 4683 per
979 4605 1126 4683 triplicem
1153 4602 1238 4663 illam
1253 4596 1386 4660 necmsi-

301 4713 404 4780 tatem,
423 4704 681 4783 metaphysica„
705 4703 859 4782 physicam
883 4711 914 4765 et
937 4704 1102 4781 moralem,
1125 4718 1219 4781 quam
1245 4698 1323 4760 libro
1347 4696 1383 4757 tv
