3559 5675
323 676 333 691 a
434 636 496 701 380
844 656 925 703 susis
945 658 1104 707 usamenta

434 778 614 842 repugnare.
629 766 672 825 tis
685 763 790 825 emam
803 766 949 845 positione
962 765 1083 829 ducitur
1092 764 1184 827 etiam
1199 761 1308 825 solutio
1318 762 1487 845 problematis

436 864 517 942 qnod
533 881 563 925 n.
580 862 697 944 eodem,
711 865 815 929 eoroll.
831 870 876 942 2⁰,
890 868 1142 949 propositumest.

480 964 567 1026 1167.
583 968 654 1028 Pes.
677 966 760 1029 576¹.
777 1002 817 1014 -
833 967 944 1047 siquod
963 984 1045 1029 mare
1064 966 1151 1029 alieni
1172 966 1297 1044 nationi,
1317 967 1491 1043 onjmterras

436 1064 537 1141 alluit,
552 1068 650 1145 magis
668 1083 762 1145 quam
776 1068 844 1129 aliis
857 1066 1041 1148 quibusdam
1057 1068 1095 1127 sit
1107 1068 1323 1141 neeessariam,
1334 1068 1429 1143 etjam
1440 1066 1491 1127 iee

436 1168 476 1228 rit
488 1167 527 1227 ab
543 1166 598 1228 ilia
608 1175 799 1247 occupatum,
814 1167 877 1229 hmo
896 1168 961 1230 sola
975 1168 1056 1229 natio
1068 1167 1159 1229 habet
1175 1165 1332 1246 politicum
1345 1164 1493 1228 dominium

438 1268 471 1327 in
494 1265 734 1343 illud31ibernm
751 1274 852 1328 tamen
870 1284 907 1329 ea
929 1268 1042 1329 esteris
1066 1267 1241 1329 nationibus
1258 1256 1425 1345 transitum,
1446 1282 1494 1344 quo

437 1374 536 1444 egent,
551 1370 722 1448 permittere
737 1366 836 1431 debet.

479 1470 572 1530 Peos.
591 1472 717 1530 l·e.tss.
737 1467 891 1547 -Siquis
911 1473 1021 1531 traotrrs
1042 1468 1134 1531 maris
1149 1466 1245 1529 libero
1263 1462 1397 1547 plurium
1415 1466 1496 1527 natio·

439 1584 516 1629 num
531 1568 710 1630 eommeroio
721 1568 908 1630 necessarius
920 1568 971 1643 sit,
986 1569 1066 1629 nulii
1081 1567 1211 1649 proiecte
1224 1582 1330 1627 earum
1344 1564 1410 1627 lieet
1421 1564 1496 1642 huius

440 1668 533 1728 maris
543 1664 713 1730 dominium
728 1668 786 1729 sibi
802 1669 858 1729 uni
868 1668 1000 1729 tribuere
1013 1668 1045 1729 in
1060 1684 1131 1729 eum
1145 1664 1355 1729 tantummodo
1368 1662 1462 1738 tinem,
1471 1668 1498 1723 ut

440 1768 554 1827 steteris
576 1768 733 1828 transitum
749 1766 902 1847 impediat.
920 1768 969 1843 nt,
984 1766 1074 1845 siqua
1091 1766 1215 1827 iliarum
1231 1766 1391 1827 nationum
1407 1768 1497 1837 ursas,
1567 1748 1568 1755 ἵ

440 1885 517 1947 quas
536 1866 587 1929 hie
606 1872 719 1928 traetns
739 1868 831 1929 maris
852 1867 951 1947 alluit,
966 1866 1127 1948 possideat,
1143 1882 1178 1929 ae
1196 1864 1325 1942 proinde
1344 1870 1498 1927 cantarum

442 1967 581 2029 omnium
602 1966 732 2028 maxime
744 1966 799 2028 illo
812 1968 887 2028 mari
910 1966 1055 2045 indigeat,
1070 1972 1100 2029 et
1116 1964 1258 2028 eumdem
1277 1964 1371 2027 maris
1391 1969 1498 2025 nmen

442 2067 542 2146 prima
562 2068 700 2128 omnium
719 2068 917 2147 occupaverit,
941 2065 1020 2128 nihil
1038 2072 1128 2143 vetat,
1148 2068 1225 2144 quin
1244 2063 1416 2127 dominium
1433 2063 1500 2123 illius

445 2181 509 2226 nna
528 2166 664 2227 retineat.
685 2167 772 2241 Quod
785 2184 856 2230 sane
869 2185 907 2228 ex
925 2164 1059 2229 doctrina
1081 2164 1119 2228 de
1133 2166 1253 2244 jnrinns
1272 2164 1425 2227 coilisione
1436 2158 1499 2242 (at-tt

444 2265 477 2326 fit
491 2266 698 2329 manifestum.
714 2268 802 2342 Nam,
813 2271 847 2327 ut
862 2265 1060 2346 serajurinm
1070 2264 1186 2329 eollisio
1198 2264 1287 2339 adsit,
1304 2264 1392 2326 debet
1402 2262 1501 2343 jurium

441 2380 509 2443 quae
521 2366 668 2427 eontraria
682 2364 834 2445 videntur,
856 2366 961 2443 eedem
975 2384 1041 2429 esse
1062 2364 1200 2427 materia.
1216 2366 1309 2444 Atqui
1327 2365 1360 2426 in
1374 2364 1428 2425 isto
1444 2378 1500 2423 mse

442 2466 565 2525 materia
573 2466 656 2541 juris
670 2464 709 2527 ad
720 2482 814 2527 uuam
833 2466 920 2528 iliam
939 2466 1092 2529 nationem
1105 2466 1285 2546 pertinentis
1305 2465 1421 2527 diversa
1432 2460 1501 2542 piam

442 2564 1050 2643 estamaterisjurisqnodinilludmare
1058 2562 1500 2627 oaetmuiliaenationeshabent
1567 2598 1568 2615 2

444 2662 520 2723 Nam
530 2667 642 2723 enters
657 2664 795 2727 nationes
809 2663 923 2727 habent
935 2668 988 2745 jus
999 2664 1160 2745 transitus3
1176 2663 1226 2726 illa
1241 2680 1305 2727 una
1319 2663 1500 2743 pratereajm

444 2760 556 2841 politici
576 2761 714 2843 dominii,
735 2780 791 2825 seu
809 2766 862 2844 jus
878 2765 975 2829 eisilis
995 2764 1112 2829 ordinis
1136 2765 1214 2827 inter
1227 2780 1299 2827 suos
1319 2764 1394 2827 inibi
1410 2760 1503 2825 comti-
1567 2794 1568 2811 η

442 2863 547 2925 mendi
567 2869 598 2927 et
619 2865 748 2928 tutandi.
763 2866 835 2930 Tale
855 2874 958 2931 autem
981 2865 1153 2930 dominium
1175 2866 1249 2929 huie
1271 2867 1329 2928 uni
1353 2870 1503 2946 competens

442 2961 1326 3047 haudquaquamimpedit,semiermillehabeentjusillae
1335 2959 1502 3028 trasmundi.

482 3061 578 3145 Siqua
590 3083 660 3129 sero
674 3071 833 3155 nationum
848 3075 1026 3132 emterarnm
1036 3069 1201 3152 politicum
1214 3084 1337 3147 quoque
1357 3063 1503 3130 dominium

444 3165 476 3228 in
489 3163 565 3229 illud
580 3185 663 3230 mare
676 3170 735 3232 sibi
748 3171 900 3233 vindieare
915 3171 1000 3244 velit,
1018 3175 1088 3232 tune
1100 3170 1206 3247 utique
1223 3169 1320 3230 ederit
1329 3168 1443 3247 jurium
1454 3161 1504 3226 eot-

443 3265 523 3328 iisio.
548 3267 606 3330 Sed
629 3285 685 3348 pro
706 3267 758 3331 illa
779 3287 842 3333 una
862 3269 954 3333 stabit
974 3277 1040 3332 nim
1061 3269 1259 3350 possessionis
1281 3269 1430 3348 prioritas,
1453 3269 1503 3324 tun

443 3368 608 3444 presertim
628 3371 789 3431 nwessites
808 3370 904 3432 eisilis
925 3369 1051 3449 ordinis,
1073 3371 1127 3449 qui
1145 3375 1191 3432 est
1211 3383 1389 3449 supremum
1410 3366 1503 3428 bonum

443 3465 562 3544 sociale,
577 3468 734 3531 intersnos
745 3470 821 3532 inibi
831 3477 983 3534 versamus
993 3469 1188 3534 conservandi
1199 3475 1229 3531 et
1243 3459 1504 3550 praesentasset

445 3565 575 3642 sinetati
587 3570 773 3646 possessione
784 3587 819 3632 ae
832 3570 967 3634 domimo
979 3569 1097 3633 efficere
1110 3569 1166 3631 iiis
1175 3585 1238 3631 non
1249 3575 1351 3648 posset
1358 3582 1370 3646 ;
1382 3567 1450 3628 dum
1461 3579 1504 3625 ra·

446 3665 517 3726 teris
536 3666 601 3728 istis
613 3671 789 3733 seontrario
803 3672 903 3733 minor
916 3677 962 3734 est
973 3673 1041 3748 eJus
1056 3670 1148 3732 maris
1161 3670 1336 3746 necessitas,
1350 3674 1380 3730 et
1391 3667 1449 3729 hae
1460 3679 1504 3726 ne·

445 3765 568 3828 eessites
590 3767 625 3828 ad
651 3785 748 3846 genus
770 3771 923 3850 quoddam
945 3769 1017 3832 honi
1037 3787 1113 3850 pure
1135 3768 1298 3832 materialis
1323 3757 1503 3850 pertinet,ad

446 3866 606 3930 mettum
618 3869 768 3948 videlieet,
782 3872 836 3950 qui
849 3874 956 3950 utique
968 3871 1033 3932 sine
1048 3869 1112 3932 ullo
1124 3869 1245 3952 petitine
1261 3868 1395 3931 dominio
1407 3875 1503 3942 semper

446 3965 556 4030 iisdem
575 3976 675 4050 patere
695 3978 802 4052 potest.
818 3975 918 4048 Quare
939 3971 1035 4035 multo
1054 3971 1194 4052 superius
1212 3977 1242 4032 et
1261 3969 1390 4032 validius
1405 3964 1503 4040 eritju

446 4067 492 4129 illi
506 4069 560 4129 nni
569 4078 758 4150 pompeiana,
771 4089 827 4138 nee
839 4072 968 4134 istarum
981 4070 1108 4134 aliarum
1118 4071 1241 4148 juribus
1252 4068 1392 4132 elidetur.

487 4169 586 4248 Altera
600 4186 670 4252 pars
683 4169 806 4232 evidens
817 4177 864 4234 est
874 4188 912 4234 ex
925 4171 1072 4254 positione
1086 4171 1170 4234 575¹.

490 4271 579 4331 1168.
595 4273 730 4335 cosona.
745 4274 858 4335 t.-1n
866 4273 922 4335 iiio
930 4271 1108 4352 igitnrmari
1115 4271 1180 4334 sola
1188 4271 1251 4334 hee
1261 4271 1342 4334 natio
1355 4266 1501 4342 hamtjen

446 4369 645 4452 prineipatns,
657 4373 797 4449 quamvis
816 4372 883 4436 alia
901 4389 1023 4456 quoque
1042 4373 1180 4436 nationes
1197 4389 1235 4436 eo
1252 4373 1330 4434 mari
1348 4366 1499 4446 indigesta

447 4468 595 4532 trasenna
614 4471 729 4536 seilieet
742 4475 797 4552 jus
815 4473 907 4556 habet
925 4473 1041 4556 ordinis
1061 4473 1148 4552 inibi,
1171 4479 1262 4554 prout
1281 4472 1372 4536 sadus
1392 4461 1498 4530 enred.

447 4570 660 4651 eonstitneudi,
672 4573 718 4648 sis
729 4581 833 4640 eontm
842 4574 1063 4656 perturbatores
1074 4573 1225 4654 quoslibet
1237 4570 1418 4642 remmota,
1429 4559 1499 4628 setti-

448 4671 565 4749 estium
578 4688 595 4735 s
609 4674 835 4740 tremensem
847 4673 1073 4758 exigendorimt.
