3559 5675
562 758 669 801 sunus.
702 778 722 786 -
754 758 836 801 ntnen
860 757 980 803 uestitus
1251 748 1308 809 ttt

270 864 305 919 tas
316 864 489 920 ermrnnurm
501 860 635 938 ejusdem
648 862 766 937 generis
780 862 924 921 mercium
942 862 1196 940 importationem,
1223 866 1311 927 neoti-

268 956 366 1031 rationo
379 960 532 1038 impositis,
543 959 751 1032 diitioiliorem,
765 960 898 1039 adeoque
913 962 1061 1022 internam
1075 980 1178 1023 earum
1188 964 1311 1043 produc-

268 1055 359 1116 tionem
380 1057 567 1119 lnerosiorem
594 1056 720 1118 efficere.
744 1058 839 1133 igitur
860 1059 897 1117 in·
919 1058 1038 1119 tributis
1058 1060 1248 1139 imponendis
1272 1064 1312 1124 ita

266 1157 351 1216 omnia
362 1159 500 1220 societatis
522 1158 676 1219 commoda
696 1176 757 1237 prae
769 1159 864 1220 oeulis
877 1160 1015 1220 habenda
1031 1166 1119 1240 sunt,
1134 1168 1243 1227 utnon
1266 1180 1312 1225 su·

266 1254 318 1314 ium
333 1256 498 1333 honestatis,
512 1258 564 1319 sed
579 1258 705 1319 aliorum
721 1276 842 1337 quoque
857 1260 1006 1320 bonorum
1020 1262 1170 1339 omnium,
1184 1280 1251 1341 qum
1266 1281 1313 1326 so·

265 1352 343 1413 rietati
357 1356 552 1436 comparanda
565 1356 612 1417 rei
626 1356 766 1433 augenda
775 1362 858 1429 suut,
874 1359 950 1419 ratio
961 1358 1090 1435 diligens
1103 1358 1260 1423 habeatur,

648 1564 856 1628 nnttcttLtts
878 1568 927 1626 tv.

499 1736 545 1799 De
561 1736 735 1799 trt'butornm
753 1738 904 1819 peneribun
921 1744 1052 1801 summis.

292 1942 368 2001 1102.
381 1940 448 2001 Pus.
462 1937 589 1999 541·.-
600 1938 793 1999 Tributorum
802 1936 1018 2015 exigendoru'm
1032 1938 1142 2019 duplex
1158 1940 1233 2001 ratio
1245 1944 1289 2001 est
1303 1954 1311 2001 τ

260 2038 362 2115 directa,
380 2056 447 2117 qum
470 2040 504 2098 in
526 2038 647 2098 divitias
659 2038 696 2098 ab
714 2054 896 2116 unoquoque
918 2056 1084 2117 possessas,
1108 2046 1138 2101 et
1156 2040 1313 2115 indirecte,

260 2153 314 2213 qne
326 2140 355 2198 in
368 2156 482 2199 meroes
493 2138 532 2197 ab
542 2152 725 2215 unoquoque
738 2142 940 2215 oomsumptas
954 2136 1043 2199 cadit.

291 2240 373 2300 Erre.
382 2236 716 2313 —Tributaasiuguiis
729 2237 829 2313 soniis,
841 2236 918 2297 vela
931 2238 1059 2313 singulis
1073 2238 1221 2297 soeiomm
1236 2240 1316 2299 eneti-

259 2334 304 2396 hns
313 2339 424 2398 unimm
437 2337 589 2417 politicam
602 2351 762 2415 pomonam
774 2334 1002 2396 edormantibus
1014 2341 1156 2413 petuntur
1160 2350 1170 2411 ;
1185 2341 1255 2395 sunt
1266 2338 1316 2395 ni·

259 2438 352 2496 mirum
363 2438 415 2497 ilia
427 2436 641 2516 parsquaedam
649 2436 839 2496 fortunarum
850 2450 926 2511 quas
936 2435 1064 2511 quisque
1074 2434 1315 2513 possidetudjrom

258 2535 391 2612 publicam
409 2533 643 2596 sustentandam
662 2534 839 2595 contributa.
861 2534 928 2594 tam
945 2548 1016 2595 vero
1029 2550 1097 2612 pare
1115 2533 1171 2593 ista
1183 2532 1318 2595 fortuna·

257 2650 312 2694 mm
329 2634 562 2697 individuaiium
583 2634 632 2694 nei
651 2633 819 2694 desumitur
833 2649 851 2692 tt
863 2634 1051 2698 fortunarum
1072 2650 1203 2712 summa,
1226 2650 1317 2712 quam

257 2734 367 2813 qunque
379 2735 536 2815 possidere
549 2734 748 2809 cognoscitur,
765 2732 901 2793 absolute
916 2738 945 2793 et
959 2734 991 2792 iu
1005 2750 1036 2794 se
1052 2738 1190 2811 spectata,
1206 2734 1255 2795 rei
1268 2734 1318 2795 de·

256 2835 369 2894 sumitur
380 2834 485 2895 sotum
502 2850 519 2892 a
532 2849 652 2893 summa
664 2832 854 2893 fortunarum
867 2847 960 2909 quem
972 2831 1103 2909 quisque
1117 2832 1147 2891 iu
1160 2849 1230 2892 suos
1244 2849 1318 2894 usus

256 2931 393 3012 impendit.
419 2936 507 2995 Prior
523 2933 574 2993 ille
590 2932 698 2993 modus
716 2938 839 2994 noratur
853 2929 997 3004 dirruens,
1012 2933 1084 3007 quia
1099 2931 1156 2991 tale
1171 2933 1318 2992 tributum

256 3031 368 3094 iortunis
381 3038 537 3112 mujusque
551 3032 622 3092 socii
634 3032 743 3092 directe
755 3032 920 3110 imponitur
925 3045 936 3106 ;
946 3031 1090 3108 posterior
1103 3027 1260 3090 indirectas
1270 3047 1320 3110 ap·

252 3131 374 3209 patiatur,
387 3134 468 3212 quia
478 3132 536 3194 tale
549 3131 696 3192 tributum
705 3130 815 3193 directe
831 3129 995 3207 imponitur
1009 3125 1157 3188 mercibus
1171 3130 1255 3207 ipsis,
1266 3145 1319 3190 seu

252 3235 336 3308 petitis
343 3235 494 3296 mercium
504 3221 901 3311 prodnotoritnns.0uoninm
909 3235 1007 3288 autem
1017 3227 1319 3308 producturos,qutnm

251 3345 311 3391 enas
330 3351 451 3395 merres
469 3332 614 3406 rendunt,
629 3330 820 3408 vectigalium
835 3345 903 3407 quae
912 3333 975 3407 jam
990 3330 1046 3408 ipsi
1061 3329 1214 3406 solverint,
1231 3332 1320 3392 ratio·

251 3445 311 3490 nem
324 3434 355 3494 in
369 3433 471 3514 pretio
490 3431 664 3503 statuendo,
678 3431 787 3491 hebere
810 3429 929 3505 debent,
952 3427 1059 3490 ideirco
1073 3429 1135 3490 hmo
1150 3429 1259 3492 tributa
1273 3430 1317 3492 di-

249 3537 316 3592 rerte
333 3533 492 3592 mercibus
504 3530 653 3608 imposita,
669 3529 702 3588 in
714 3533 847 3588 ementes
860 3527 1001 3588 indirecte
1015 3527 1163 3603 recidunt,
1178 3534 1207 3590 et
1220 3529 1318 3605 aequi·

250 3629 337 3690 ratem
367 3632 485 3692 tributo
512 3627 622 3690 directe
656 3629 795 3707 imponito
822 3643 876 3706 pro
902 3627 1016 3687 ratione
1041 3633 1216 3706 sumptuum
1240 3645 1317 3705 qttos

248 3734 366 3811 quisque
384 3736 419 3794 in
443 3732 589 3793 meroium
613 3731 765 3791 variantem
789 3747 847 3789 usu
870 3729 966 3789 iaciat.

285 3835 368 3894 1103.
385 3837 458 3894 Post.
475 3827 973 3907 ttet-Trinuudireetatriptioi
984 3828 1159 3904 modoexigi
1173 3833 1314 3906 possunt:
1402 3894 1407 3903 ,

248 3932 417 3992 miratione
433 3931 527 3990 annui
540 3928 674 3989 redditus
688 3943 778 4005 qinom
792 3928 920 4005 quisque
934 3941 968 3984 et
981 3925 1044 3984 suis
1056 3925 1155 3985 fundis
1164 3927 1317 4004 pereipiat,

249 4031 288 4088 ret
302 4033 421 4093 ratione
430 4031 524 4091 anniti
532 4035 672 4108 sumptus
683 4045 774 4106 quem
784 4029 914 4105 quisque
925 4025 1021 4094 ianiat.
1037 4025 1085 4085 nel
1097 4025 1210 4086 ratione
1223 4028 1316 4086 annui

248 4128 327 4206 interi,
337 4131 422 4210 quod
438 4130 547 4206 ruique
558 4128 641 4188 iliius
656 4128 806 4188 industria·
813 4126 919 4206 pariat.

283 4233 374 4292 Erre.
390 4263 433 4276 -··
446 4230 568 4290 tributa
582 4227 692 4289 directa
715 4227 901 4288 fortunarum
921 4241 1069 4286 summam
1085 4239 1175 4302 quam
1190 4225 1319 4304 qinieque

246 4331 384 4407 possidet,
397 4329 533 4391 absolute
553 4333 582 4390 et
595 4330 626 4387 iu
646 4343 677 4388 se
690 4333 863 4406 spectatam,
877 4325 1023 4386 attioiunt.
1039 4327 1114 4401 Ergo
1131 4341 1207 4402 opus
1224 4331 1268 4385 est
1286 4332 1319 4385 ut

246 4431 360 4491 sociatis
373 4431 547 4503 auotoritas,
562 4444 630 4507 quan
642 4429 850 4488 tributoruma
866 4426 993 4502 singuiis
1005 4427 1092 4486 soriis
1106 4425 1317 4487 solvendorum

246 4533 444 4604 quantitatem
466 4527 655 4606 determinat,
678 4527 817 4606 prudenti
835 4532 865 4586 et
881 4541 953 4585 vera
975 4527 1169 4586 estimatione
1192 4525 1317 4604 judioet,

245 4637 394 4705 quantum
409 4628 595 4690 fortunarum
611 4629 739 4705 quisque
753 4626 909 4706 possideat.
931 4626 997 4685 iam
1019 4626 1149 4705 prudens
1164 4625 1227 4686 hmo
1239 4627 1320 4686 msti-

245 4731 333 4790 matio
347 4727 459 4807 tripiici
473 4728 523 4790 ria
538 4727 653 4788 diversa
665 4725 824 4805 proaedere
836 4731 940 4806 potest.
957 4725 988 4784 1⁰
1008 4725 1066 4798 Qui
1080 4724 1132 4784 tali
1152 4725 1214 4785 tono
1227 4723 1319 4788 talem
