3559 5675
456 769 515 836 ito
862 785 942 831 runis
963 785 1125 831 narrisius

455 915 487 957 se
506 911 621 976 possea
634 894 805 972 principum
825 891 981 968 tyrannide
1002 893 1079 950 tueri
1095 891 1282 969 judicarunt.
1299 892 1385 969 Atqui
1397 891 1508 952 bocan-

458 1003 576 1058 tnentes
599 1001 698 1072 aparte
726 991 904 1053 confitetitur
923 991 1068 1052 adversus
1093 991 1256 1070 principem
1283 991 1507 1070 independentem

457 1097 573 1160 nullam
584 1093 767 1156 detensionis
782 1093 927 1152 rationem
941 1091 1055 1168 adesse,
1067 1091 1187 1150 nrrllum
1201 1091 1238 1152 de
1255 1088 1307 1150 illc
1317 1091 1460 1167 judicandi
1470 1091 1509 1168 jus

455 1197 539 1260 alteri
559 1194 616 1256 ulli
640 1193 804 1254 auctoritati
825 1197 992 1271 competere
1008 1207 1110 1269 posse,-
1121 1196 1151 1251 et
1169 1190 1293 1269 popule,
1308 1191 1365 1250 nisi
1379 1191 1508 1270 potinem

454 1295 651 1377 principatum
669 1292 733 1370 ipse
745 1289 904 1370 possideat,
915 1289 1037 1350 nullum
1046 1292 1098 1365 jus
1110 1289 1148 1348 ad
1159 1289 1326 1366 principem
1341 1288 1511 1350 absolutate

452 1393 667 1474 dependentem
683 1391 935 1472 oppugnandum,
953 1405 1069 1467 suaque
1081 1392 1151 1466 jura
1168 1387 1348 1450 vindicanda
1366 1405 1510 1466 superesse.

492 1499 525 1555 2⁰
537 1493 643 1572 Populi
661 1492 863 1570 principatum
880 1491 1012 1567 gerentis
1028 1487 1153 1550 decretis
1165 1491 1227 1548 rim
1241 1503 1366 1568 prorsus
1386 1489 1512 1548 incincta»

451 1596 543 1656 bilem
562 1596 660 1654 inesse
679 1591 771 1652 iidem
794 1591 911 1668 decant,
931 1591 972 1650 ita
992 1597 1027 1648 ut
1042 1590 1163 1666 quoties
1182 1589 1246 1664 ille,
1264 1591 1434 1650 auctoritate
1452 1588 1511 1646 abu·

451 1701 527 1770 tens,
543 1694 623 1754 cives
636 1692 790 1768 tyrannim
805 1689 880 1750 torte
900 1696 987 1750 vexat
999 1695 1090 1768 atque
1105 1691 1268 1769 opprimat,
1283 1690 1405 1751 nullum
1417 1688 1513 1750 dunis

450 1801 556 1872 prater
568 1791 742 1872 patientiam
762 1790 931 1851 remedium
945 1797 1057 1850 restare
1077 1791 1266 1850 conltrnreut.
1287 1793 1375 1865 urge,
1387 1789 1511 1866 quoniam

451 1906 555 1954 omnes
569 1890 753 1970 principatus
768 1891 799 1949 tn
814 1891 877 1968 pari
893 1890 1065 1950 conditione
1077 1896 1160 1964 sunt,
1175 1891 1200 1949 si
1216 1889 1340 1967 quando
1357 1889 1408 1948 liet
1421 1895 1452 1947 ut
1465 1885 1512 1946 ali-

449 1995 518 2070 quis
532 1991 691 2052 monarcha
706 2005 828 2070 prorsus
839 1991 1042 2069 independens
1056 1989 1244 2067 tyrannidem
1255 1991 1286 2049 in
1296 1988 1514 2069 populumerar·

449 2095 527 2156 cest.
552 2091 675 2152 nullum
698 2088 809 2169 populo
832 2091 1002 2151 remedium
1022 2089 1103 2150 alitrd
1127 2105 1220 2166 quam
1245 2089 1390 2168 patientia
1408 2087 1469 2162 erit,
1486 2101 1513 2142 er

449 2193 514 2270 ipen
527 2188 708 2252 tiberalium
722 2203 776 2250 eeu
787 2189 1006 2248 libertinorum
1020 2188 1174 2248 doctrina:
1186 2189 1389 2267 principatum
1402 2197 1514 2260 namque

447 2304 571 2370 prorsus
584 2287 833 2368 independentam
850 2307 867 2350 a
882 2290 969 2350 nullo
983 2290 1112 2366 Jrrrticari
1130 2305 1214 2366 posse
1232 2289 1416 2360 existimant,
1428 2284 1513 2360 depe
1582 2322 1583 2325 κ

450 2392 513 2471 puli
530 2390 698 2470 principatu
714 2388 882 2466 loquentes,
906 2389 1040 2466 adeoque
1055 2389 1197 2450 eumdem
1216 2389 1280 2466 pari
1303 2389 1396 2448 modo
1411 2385 1515 2446 tuente

449 2491 541 2552 littam
557 2487 802 2550 laterideltentin
815 2503 996 2566 (pascuaque
1007 2503 1216 2567 personaque
1227 2487 1316 2548 talam
1332 2489 1513 2567 principatum

506 2591 614 2650 sideat.
1582 2634 1583 2643 ,

450 2607 621 2751 pos(lenone.
645 2687 676 2748 2.
695 2719 733 2732 -
748 2687 936 2766 Principams
956 2687 1172 2768 independens,
1188 2689 1278 2764 cujus
1297 2694 1399 2750 errata
1419 2685 1516 2765 posstot

447 2789 575 2870 juridice
591 2791 760 2851 soccietate
777 2788 821 2849 illi
835 2787 953 2849 subdita
965 2789 1115 2865 castigari,
1131 2788 1291 2849 maniiesta
1305 2785 1470 2850 absurditas
1480 2789 1516 2845 est
1582 2794 1583 2799 ’

449 2897 478 2953 ct
496 2890 689 2952 contradictio
707 2890 740 2950 in
761 2890 910 2951 terminis.
933 2890 1064 2960 Etenim,
1084 2890 1111 2948 si
1130 2889 1252 2948 termini
1272 2886 1516 2966 aequivalentesin

448 2990 598 3069 ejusmodi
613 2991 762 3051 locutione
785 2989 1020 3063 substituantur,
1038 2989 1103 3049 hae
1124 2990 1249 3051 assertio
1268 2996 1403 3065 emerget
1420 2990 1515 3050 abeur-
1583 3051 1584 3066 ,

448 3092 572 3153 dissime
589 3111 595 3150 :
612 3091 749 3171 princeps
768 3087 966 3168 independens
986 3086 1045 3148 siti
1064 3086 1192 3149 subdita
1213 3089 1406 3149 multitudini
1425 3086 1515 3160 moed,

448 3191 485 3253 nd
499 3208 587 3271 eoque
601 3188 719 3271 pendet.

490 3292 621 3352 (ἶοιοιι.
646 3290 675 3349 3.
693 3320 734 3333 -
757 3289 904 3349 Nonnulli
927 3288 994 3348 tuse
1014 3288 1072 3349 lroc
1091 3288 1156 3349 loco
1172 3286 1322 3367 explicant
1338 3304 1401 3367 qna
1419 3288 1517 3349 ratione

437 3388 579 3470 ¹populus
599 3402 687 3463 agere
705 3392 807 3447 contra
827 3388 992 3467 principem
1010 3388 1127 3464 debeat,
1143 3392 1178 3446 ut
1190 3387 1335 3449 adsersus
1348 3392 1417 3467 ejus
1434 3394 1518 3463 tyrso

450 3486 550 3549 nidem
565 3502 602 3546 ex
614 3484 736 3545 rationis
751 3488 928 3565 prescriptis
943 3489 1089 3563 insurgat.
1109 3489 1145 3547 at
1158 3486 1258 3561 nobis,
1271 3487 1326 3564 qui
1346 3486 1518 3548 ostendmus

449 3584 593 3647 adeamus
605 3584 768 3663 principem
778 3586 920 3645 omnious
929 3587 1052 3661 jnrtttus
1063 3586 1191 3665 politicis
1202 3586 1339 3647 absolute
1353 3590 1517 3649 ineundam

449 3684 565 3749 nullam
579 3684 681 3764 populi
695 3684 881 3756 aedidonenr,
902 3686 1025 3749 nullum
1043 3695 1159 3748 motum
1180 3689 1347 3749 violentum
1367 3690 1464 3764 licere,
1476 3702 1518 3747 nc·

449 3800 602 3863 nunqnam
617 3790 689 3845 eunt
703 3782 876 3847 rebellionis
891 3786 973 3863 leges
987 3788 1234 3848 determinandae.

490 3886 683 3963 Quapmptm,
704 3900 896 3963 quaecunque
918 3887 1105 3965 reipublicae
1130 3892 1264 3965 tempora
1285 3888 1454 3961 inciderint,
1466 3886 1517 3945 sio·

448 4000 548 4055 coram
569 3992 600 4045 et
619 3990 808 4047 constantem
833 3984 952 4061 legibus
970 4004 1004 4047 ac
1021 3986 1167 4067 principis
1188 3987 1315 4049 decretis
1331 3976 1515 4049 obedientium

449 4100 568 4163 semper
578 4082 680 4145 deberi
697 4100 917 4145 asseveramus.

488 4182 573 4257 Quod
589 4183 614 4243 ai
634 4182 789 4259 legitimus
802 4183 903 4242 oannis
921 4198 1077 4245 successor
1098 4182 1279 4262 principatui
1293 4184 1383 4261 dmit,
1404 4184 1517 4264 partica·

449 4279 559 4341 larium
587 4282 805 4341 comortiorum
838 4280 1018 4358 presidibus
1046 4282 1218 4343 curandum
1246 4285 1303 4343 erit
1332 4290 1368 4345 ut
1400 4282 1516 4364 populu,

449 4384 584 4457 prompte
600 4392 635 4438 ac
652 4378 814 4457 prudenter
834 4378 869 4439 ad
888 4396 1002 4441 novum
1026 4380 1201 4458 eligendum
1215 4384 1382 4463 principem
1398 4382 1515 4444 accedat

490 4478 612 4539 Politice
624 4494 694 4537 vero
705 4478 830 4539 ceaulin
843 4478 889 4539 rel
905 4488 1041 4554 acosma,
1052 4498 1121 4557 que
1135 4482 1167 4541 in
1178 4482 1360 4559 quibusdam
1375 4480 1517 4559 gnoemiir

450 4584 523 4640 sunt
534 4592 603 4655 para
615 4576 698 4637 illius
712 4576 836 4639 moralis
849 4594 984 4657 personae
996 4580 1029 4640 iu
1038 4596 1101 4658 qna
1114 4583 1299 4663 principatus
1309 4584 1427 4661 residet,
1438 4580 1517 4661 apri·

450 4676 554 4739 ruitiva
565 4675 634 4737 tatia
647 4672 788 4755 peremit
800 4678 1013 4741 mostimtiooa
1023 4686 1121 4745 cerua
1131 4681 1244 4745 lencm
1254 4683 1346 4760 leges,
1354 4685 1440 4761 juata
1449 4692 1515 4760 quar

449 4794 503 4841 sua
513 4778 584 4857 lura
597 4776 724 4839 debeant
737 4792 884 4841 carcere.
