<?xml version="1.0" encoding="UTF-8"?>
<!DOCTYPE html PUBLIC "-//W3C//DTD XHTML 1.0 Transitional//EN"
    "http://www.w3.org/TR/xhtml1/DTD/xhtml1-transitional.dtd">
<html xmlns="http://www.w3.org/1999/xhtml" xml:lang="en" lang="en">
 <head>
  <title>
</title>
<meta http-equiv="Content-Type" content="text/html;charset=utf-8" />
  <meta name='ocr-system' content='tesseract 3.04.00' />
  <meta name='ocr-capabilities' content='ocr_page ocr_carea ocr_par ocr_line ocrx_word'/>
</head>
<body>
  <div class='ocr_page' id='page_1' title='image "./jurisnaturalisu00bensgoog_0328.png"; bbox 0 0 3559 5675; ppageno 0'>
   <div class='ocr_carea' id='block_1_1' title="bbox 471 756 1137 817">
    <p class='ocr_par' dir='ltr' id='par_1_1' title="bbox 471 756 1137 817">
     <span class='ocr_line' id='line_1_1' title="bbox 471 756 1137 817; baseline -0.006 0"><span class='ocrx_word' id='word_1_1' title='bbox 471 756 532 817; x_wconf 76' lang='lat' dir='ltr'><strong>{tao</strong></span> <span class='ocrx_word' id='word_1_2' title='bbox 876 768 959 815; x_wconf 75' lang='lat' dir='ltr'><strong>unis</strong></span> <span class='ocrx_word' id='word_1_3' title='bbox 980 768 1137 813; x_wconf 76' lang='lat' dir='ltr'><strong>usmarus</strong></span> 
     </span>
    </p>
   </div>
   <div class='ocr_carea' id='block_1_2' title="bbox 470 870 1509 1251">
    <p class='ocr_par' dir='ltr' id='par_1_2' title="bbox 470 870 1509 1251">
     <span class='ocr_line' id='line_1_2' title="bbox 470 870 1507 950; baseline -0.006 -16"><span class='ocrx_word' id='word_1_4' title='bbox 470 880 591 949; x_wconf 78' lang='lat' dir='ltr'><strong>gantur,</strong></span> <span class='ocrx_word' id='word_1_5' title='bbox 605 874 829 949; x_wconf 87' lang='lat' dir='ltr'><strong>hocnunquam</strong></span> <span class='ocrx_word' id='word_1_6' title='bbox 843 871 962 950; x_wconf 87' lang='lat' dir='ltr'><strong>publica</strong></span> <span class='ocrx_word' id='word_1_7' title='bbox 977 872 1134 932; x_wconf 68' lang='lat' dir='ltr'><strong>auctoritas</strong></span> <span class='ocrx_word' id='word_1_8' title='bbox 1147 870 1338 931; x_wconf 83' lang='lat' dir='ltr'><strong>obliviscatur</strong></span> <span class='ocrx_word' id='word_1_9' title='bbox 1351 886 1455 930; x_wconf 67' lang='lat' dir='ltr'><strong>necess</strong></span> <span class='ocrx_word' id='word_1_10' title='bbox 1466 876 1507 944; x_wconf 85' lang='lat' dir='ltr'><strong>cst,</strong></span> 
     </span>
     <span class='ocr_line' id='line_1_3' title="bbox 470 969 1509 1053; baseline -0.008 -18"><span class='ocrx_word' id='word_1_11' title='bbox 470 974 684 1035; x_wconf 88' lang='lat' dir='ltr'><strong>nullossbills</strong></span> <span class='ocrx_word' id='word_1_12' title='bbox 695 973 831 1053; x_wconf 87' lang='lat' dir='ltr'><strong>publicos</strong></span> <span class='ocrx_word' id='word_1_13' title='bbox 849 980 989 1051; x_wconf 87' lang='lat' dir='ltr'><strong>sumptus</strong></span> <span class='ocrx_word' id='word_1_14' title='bbox 1006 972 1068 1032; x_wconf 84' lang='lat' dir='ltr'><strong>lieri</strong></span> <span class='ocrx_word' id='word_1_15' title='bbox 1088 986 1186 1051; x_wconf 85' lang='lat' dir='ltr'><strong>posse,</strong></span> <span class='ocrx_word' id='word_1_16' title='bbox 1207 973 1260 1049; x_wconf 86' lang='lat' dir='ltr'><strong>qui</strong></span> <span class='ocrx_word' id='word_1_17' title='bbox 1274 969 1448 1031; x_wconf 86' lang='lat' dir='ltr'><strong>subditorum</strong></span> <span class='ocrx_word' id='word_1_18' title='bbox 1463 969 1509 1027; x_wconf 90' lang='lat' dir='ltr'><strong>ior-</strong></span> 
     </span>
     <span class='ocr_line' id='line_1_4' title="bbox 471 1066 1509 1150; baseline -0.005 -19"><span class='ocrx_word' id='word_1_19' title='bbox 471 1079 561 1132; x_wconf 87' lang='lat' dir='ltr'><strong>tunas</strong></span> <span class='ocrx_word' id='word_1_20' title='bbox 572 1088 634 1133; x_wconf 93' lang='lat' dir='ltr'><strong>non</strong></span> <span class='ocrx_word' id='word_1_21' title='bbox 654 1078 827 1148; x_wconf 75' lang='lat' dir='ltr'><strong>emungant.</strong></span> <span class='ocrx_word' id='word_1_22' title='bbox 845 1070 996 1149; x_wconf 83' lang='lat' dir='ltr'><strong>Quidquid</strong></span> <span class='ocrx_word' id='word_1_23' title='bbox 1018 1070 1100 1131; x_wconf 91' lang='lat' dir='ltr'><strong>enim</strong></span> <span class='ocrx_word' id='word_1_24' title='bbox 1113 1070 1146 1131; x_wconf 92' lang='lat' dir='ltr'><strong>in</strong></span> <span class='ocrx_word' id='word_1_25' title='bbox 1159 1070 1294 1150; x_wconf 90' lang='lat' dir='ltr'><strong>publicos</strong></span> <span class='ocrx_word' id='word_1_26' title='bbox 1312 1072 1440 1148; x_wconf 87' lang='lat' dir='ltr'><strong>sumptus</strong></span> <span class='ocrx_word' id='word_1_27' title='bbox 1455 1066 1509 1143; x_wconf 86' lang='lat' dir='ltr'><strong>abit,</strong></span> 
     </span>
     <span class='ocr_line' id='line_1_5' title="bbox 472 1171 751 1251; baseline -0.014 -16"><span class='ocrx_word' id='word_1_28' title='bbox 472 1171 593 1251; x_wconf 82' lang='lat' dir='ltr'><strong>privatis</strong></span> <span class='ocrx_word' id='word_1_29' title='bbox 606 1171 751 1232; x_wconf 76' lang='lat' dir='ltr'><strong>aufertur.</strong></span> 
     </span>
    </p>
   </div>
   <div class='ocr_carea' id='block_1_3' title="bbox 879 1369 1139 1432">
    <p class='ocr_par' dir='ltr' id='par_1_3' title="bbox 879 1369 1139 1432">
     <span class='ocr_line' id='line_1_6' title="bbox 879 1369 1139 1432; baseline -0.008 -1"><span class='ocrx_word' id='word_1_30' title='bbox 879 1369 1085 1432; x_wconf 75' lang='lat' dir='ltr'><strong>tartessus</strong></span> <span class='ocrx_word' id='word_1_31' title='bbox 1106 1370 1139 1430; x_wconf 92' lang='lat' dir='ltr'><strong>V.</strong></span> 
     </span>
    </p>
   </div>
   <div class='ocr_carea' id='block_1_4' title="bbox 832 1543 1180 1607">
    <p class='ocr_par' dir='ltr' id='par_1_4' title="bbox 832 1543 1180 1607">
     <span class='ocr_line' id='line_1_7' title="bbox 832 1543 1180 1607; baseline 0 -2"><span class='ocrx_word' id='word_1_32' title='bbox 832 1544 875 1605; x_wconf 82' lang='lat' dir='ltr'><strong>De</strong></span> <span class='ocrx_word' id='word_1_33' title='bbox 888 1544 1061 1607; x_wconf 80' lang='lat' dir='ltr'><strong>sociatc&#39;oere</strong></span> <span class='ocrx_word' id='word_1_34' title='bbox 1073 1543 1180 1606; x_wconf 84' lang='lat' dir='ltr'><strong>oiicuo.</strong></span> 
     </span>
    </p>
   </div>
   <div class='ocr_carea' id='block_1_5' title="bbox 515 1692 1577 1807">
    <p class='ocr_par' dir='ltr' id='par_1_5' title="bbox 515 1692 1577 1807">
     <span class='ocr_line' id='line_1_8' title="bbox 515 1692 1577 1807; baseline -0.004 -16"><span class='ocrx_word' id='word_1_35' title='bbox 515 1730 605 1792; x_wconf 80' lang='lat' dir='ltr'><strong>troo.</strong></span> <span class='ocrx_word' id='word_1_36' title='bbox 621 1733 689 1793; x_wconf 75' lang='lat' dir='ltr'><strong>nos.</strong></span> <span class='ocrx_word' id='word_1_37' title='bbox 705 1728 965 1789; x_wconf 67' lang='lat' dir='ltr'><strong>scas-cunco</strong></span> <span class='ocrx_word' id='word_1_38' title='bbox 978 1729 1046 1789; x_wconf 69' lang='lat' dir='ltr'><strong>cru</strong></span> <span class='ocrx_word' id='word_1_39' title='bbox 1061 1729 1152 1789; x_wconf 73' lang='lat' dir='ltr'><strong>arreni</strong></span> <span class='ocrx_word' id='word_1_40' title='bbox 1166 1728 1517 1807; x_wconf 69' lang='lat' dir='ltr'><strong>occasusquauuprs</strong></span> <span class='ocrx_word' id='word_1_41' title='bbox 1576 1692 1577 1703; x_wconf 59' lang='lat'><em>&#39;</em></span> 
     </span>
    </p>
   </div>
   <div class='ocr_carea' id='block_1_6' title="bbox 474 1826 1517 2087">
    <p class='ocr_par' dir='ltr' id='par_1_6' title="bbox 474 1826 1517 2087">
     <span class='ocr_line' id='line_1_9' title="bbox 474 1826 1517 1905; baseline -0.006 -14"><span class='ocrx_word' id='word_1_42' title='bbox 474 1830 578 1891; x_wconf 76' lang='lat' dir='ltr'><strong>sertim</strong></span> <span class='ocrx_word' id='word_1_43' title='bbox 597 1828 716 1903; x_wconf 80' lang='lat' dir='ltr'><strong>legibus</strong></span> <span class='ocrx_word' id='word_1_44' title='bbox 735 1826 859 1888; x_wconf 75' lang='lat' dir='ltr'><strong>subesse</strong></span> <span class='ocrx_word' id='word_1_45' title='bbox 880 1826 983 1903; x_wconf 89' lang='lat' dir='ltr'><strong>debet,</strong></span> <span class='ocrx_word' id='word_1_46' title='bbox 1006 1832 1041 1886; x_wconf 93' lang='lat' dir='ltr'><strong>ut</strong></span> <span class='ocrx_word' id='word_1_47' title='bbox 1063 1842 1171 1905; x_wconf 81' lang='lat' dir='ltr'><strong>nempe</strong></span> <span class='ocrx_word' id='word_1_48' title='bbox 1190 1844 1229 1895; x_wconf 76' lang='lat' dir='ltr'><strong>,ca</strong></span> <span class='ocrx_word' id='word_1_49' title='bbox 1251 1826 1290 1887; x_wconf 89' lang='lat' dir='ltr'><strong>sit</strong></span> <span class='ocrx_word' id='word_1_50' title='bbox 1312 1826 1517 1900; x_wconf 63' lang='lat' dir='ltr'><strong>necessanaut</strong></span> 
     </span>
     <span class='ocr_line' id='line_1_10' title="bbox 475 1920 1516 2001; baseline -0.008 -12"><span class='ocrx_word' id='word_1_51' title='bbox 475 1928 601 1989; x_wconf 87' lang='lat' dir='ltr'><strong>honesta</strong></span> <span class='ocrx_word' id='word_1_52' title='bbox 623 1928 662 1987; x_wconf 87' lang='lat' dir='ltr'><strong>sit</strong></span> <span class='ocrx_word' id='word_1_53' title='bbox 682 1932 711 1986; x_wconf 88' lang='lat' dir='ltr'><strong>et</strong></span> <span class='ocrx_word' id='word_1_54' title='bbox 729 1926 852 1987; x_wconf 86' lang='lat' dir='ltr'><strong>honeste</strong></span> <span class='ocrx_word' id='word_1_55' title='bbox 872 1925 1109 2001; x_wconf 81' lang='lat' dir='ltr'><strong>administretur,</strong></span> <span class='ocrx_word' id='word_1_56' title='bbox 1131 1930 1165 1985; x_wconf 89' lang='lat' dir='ltr'><strong>ut</strong></span> <span class='ocrx_word' id='word_1_57' title='bbox 1185 1925 1225 1985; x_wconf 89' lang='lat' dir='ltr'><strong>sil</strong></span> <span class='ocrx_word' id='word_1_58' title='bbox 1243 1923 1352 2001; x_wconf 86' lang='lat' dir='ltr'><strong>fidelis,</strong></span> <span class='ocrx_word' id='word_1_59' title='bbox 1366 1929 1399 1993; x_wconf 88' lang='lat' dir='ltr'><strong>ut</strong></span> <span class='ocrx_word' id='word_1_60' title='bbox 1414 1922 1447 1985; x_wconf 86' lang='lat' dir='ltr'><strong>sd</strong></span> <span class='ocrx_word' id='word_1_61' title='bbox 1461 1920 1516 1983; x_wconf 88' lang='lat' dir='ltr'><strong>illud</strong></span> 
     </span>
     <span class='ocr_line' id='line_1_11' title="bbox 476 2025 865 2087; baseline -0.003 0"><span class='ocrx_word' id='word_1_62' title='bbox 476 2025 700 2087; x_wconf 78' lang='lat' dir='ltr'><strong>dissoluendum</strong></span> <span class='ocrx_word' id='word_1_63' title='bbox 714 2025 865 2087; x_wconf 86' lang='lat' dir='ltr'><strong>tendatur.</strong></span> 
     </span>
    </p>
   </div>
   <div class='ocr_carea' id='block_1_7' title="bbox 519 2123 1577 2204">
    <p class='ocr_par' dir='ltr' id='par_1_7' title="bbox 519 2123 1577 2204">
     <span class='ocr_line' id='line_1_12' title="bbox 519 2123 1577 2204; baseline -0.004 -17"><span class='ocrx_word' id='word_1_64' title='bbox 519 2128 748 2189; x_wconf 72' lang='lat' dir='ltr'><strong>docemus.-</strong></span> <span class='ocrx_word' id='word_1_65' title='bbox 761 2127 841 2185; x_wconf 84' lang='lat' dir='ltr'><strong>luter</strong></span> <span class='ocrx_word' id='word_1_66' title='bbox 861 2124 1044 2204; x_wconf 86' lang='lat' dir='ltr'><strong>multiplices</strong></span> <span class='ocrx_word' id='word_1_67' title='bbox 1063 2129 1141 2186; x_wconf 86' lang='lat' dir='ltr'><strong>artes</strong></span> <span class='ocrx_word' id='word_1_68' title='bbox 1161 2124 1273 2203; x_wconf 79' lang='lat' dir='ltr'><strong>publici</strong></span> <span class='ocrx_word' id='word_1_69' title='bbox 1297 2125 1393 2187; x_wconf 79' lang='lat' dir='ltr'><strong>emnil</strong></span> <span class='ocrx_word' id='word_1_70' title='bbox 1413 2123 1519 2200; x_wconf 77' lang='lat' dir='ltr'><strong>locuple·</strong></span> <span class='ocrx_word' id='word_1_71' title='bbox 1576 2158 1577 2193; x_wconf 51' lang='lat' dir='ltr'><strong>t</strong></span> 
     </span>
    </p>
   </div>
   <div class='ocr_carea' id='block_1_8' title="bbox 475 2224 1522 2601">
    <p class='ocr_par' dir='ltr' id='par_1_8' title="bbox 475 2224 1522 2601">
     <span class='ocr_line' id='line_1_13' title="bbox 477 2224 1519 2303; baseline 0.003 -14"><span class='ocrx_word' id='word_1_72' title='bbox 477 2227 559 2289; x_wconf 70' lang='lat' dir='ltr'><strong>modi</strong></span> <span class='ocrx_word' id='word_1_73' title='bbox 581 2228 646 2289; x_wconf 88' lang='lat' dir='ltr'><strong>sine</strong></span> <span class='ocrx_word' id='word_1_74' title='bbox 669 2228 849 2303; x_wconf 84' lang='lat' dir='ltr'><strong>cujusquam</strong></span> <span class='ocrx_word' id='word_1_75' title='bbox 869 2225 1058 2296; x_wconf 87' lang='lat' dir='ltr'><strong>detrimento,</strong></span> <span class='ocrx_word' id='word_1_76' title='bbox 1074 2231 1108 2286; x_wconf 92' lang='lat' dir='ltr'><strong>ut</strong></span> <span class='ocrx_word' id='word_1_77' title='bbox 1127 2224 1198 2286; x_wconf 90' lang='lat' dir='ltr'><strong>boni</strong></span> <span class='ocrx_word' id='word_1_78' title='bbox 1216 2224 1343 2301; x_wconf 87' lang='lat' dir='ltr'><strong>quidam</strong></span> <span class='ocrx_word' id='word_1_79' title='bbox 1364 2226 1519 2291; x_wconf 76' lang='lat' dir='ltr'><strong>existimant.</strong></span> 
     </span>
     <span class='ocr_line' id='line_1_14' title="bbox 475 2323 1520 2408; baseline -0.008 -19"><span class='ocrx_word' id='word_1_80' title='bbox 475 2329 658 2408; x_wconf 73' lang='lat' dir='ltr'><strong>precipuum</strong></span> <span class='ocrx_word' id='word_1_81' title='bbox 678 2327 791 2401; x_wconf 89' lang='lat' dir='ltr'><strong>locum,</strong></span> <span class='ocrx_word' id='word_1_82' title='bbox 804 2325 906 2387; x_wconf 87' lang='lat' dir='ltr'><strong>seculo</strong></span> <span class='ocrx_word' id='word_1_83' title='bbox 925 2325 1088 2403; x_wconf 87' lang='lat' dir='ltr'><strong>superiore,</strong></span> <span class='ocrx_word' id='word_1_84' title='bbox 1109 2324 1196 2385; x_wconf 82' lang='lat' dir='ltr'><strong>varias</strong></span> <span class='ocrx_word' id='word_1_85' title='bbox 1210 2326 1339 2390; x_wconf 87' lang='lat' dir='ltr'><strong>rationes</strong></span> <span class='ocrx_word' id='word_1_86' title='bbox 1358 2324 1459 2403; x_wconf 83' lang='lat' dir='ltr'><strong>publici</strong></span> <span class='ocrx_word' id='word_1_87' title='bbox 1471 2323 1520 2385; x_wconf 82' lang='lat' dir='ltr'><strong>eris</strong></span> 
     </span>
     <span class='ocr_line' id='line_1_15' title="bbox 476 2422 1520 2505; baseline -0.006 -18"><span class='ocrx_word' id='word_1_88' title='bbox 476 2428 568 2488; x_wconf 90' lang='lat' dir='ltr'><strong>alieni</strong></span> <span class='ocrx_word' id='word_1_89' title='bbox 601 2426 778 2505; x_wconf 89' lang='lat' dir='ltr'><strong>disponendi</strong></span> <span class='ocrx_word' id='word_1_90' title='bbox 810 2427 982 2486; x_wconf 87' lang='lat' dir='ltr'><strong>tenuerunt.</strong></span> <span class='ocrx_word' id='word_1_91' title='bbox 1010 2425 1069 2484; x_wconf 87' lang='lat' dir='ltr'><strong>llas</strong></span> <span class='ocrx_word' id='word_1_92' title='bbox 1100 2424 1195 2485; x_wconf 83' lang='lat' dir='ltr'><strong>varies</strong></span> <span class='ocrx_word' id='word_1_93' title='bbox 1226 2426 1372 2502; x_wconf 82' lang='lat' dir='ltr'><strong>rationes,</strong></span> <span class='ocrx_word' id='word_1_94' title='bbox 1400 2422 1520 2485; x_wconf 87' lang='lat' dir='ltr'><strong>inierduu</strong></span> 
     </span>
     <span class='ocr_line' id='line_1_16' title="bbox 477 2522 1522 2601; baseline -0.008 -14"><span class='ocrx_word' id='word_1_95' title='bbox 477 2528 608 2587; x_wconf 78' lang='lat' dir='ltr'><strong>murinae</strong></span> <span class='ocrx_word' id='word_1_96' title='bbox 625 2526 807 2601; x_wconf 81' lang='lat' dir='ltr'><strong>ingeniosas,</strong></span> <span class='ocrx_word' id='word_1_97' title='bbox 829 2523 989 2601; x_wconf 84' lang='lat' dir='ltr'><strong>explicare,</strong></span> <span class='ocrx_word' id='word_1_98' title='bbox 1006 2539 1171 2600; x_wconf 86' lang='lat' dir='ltr'><strong>earumque</strong></span> <span class='ocrx_word' id='word_1_99' title='bbox 1190 2524 1327 2584; x_wconf 76' lang='lat' dir='ltr'><strong>fallacias</strong></span> <span class='ocrx_word' id='word_1_100' title='bbox 1352 2522 1522 2585; x_wconf 85' lang='lat' dir='ltr'><strong>demonsture</strong></span> 
     </span>
    </p>
   </div>
   <div class='ocr_carea' id='block_1_9' title="bbox 476 2619 1577 2699">
    <p class='ocr_par' dir='ltr' id='par_1_9' title="bbox 476 2619 1577 2699">
     <span class='ocr_line' id='line_1_17' title="bbox 476 2619 1577 2699; baseline -0.004 -14"><span class='ocrx_word' id='word_1_101' title='bbox 476 2623 515 2685; x_wconf 86' lang='lat' dir='ltr'><strong>ad</strong></span> <span class='ocrx_word' id='word_1_102' title='bbox 527 2622 741 2684; x_wconf 84' lang='lat' dir='ltr'><strong>OEconomiam</strong></span> <span class='ocrx_word' id='word_1_103' title='bbox 756 2620 910 2681; x_wconf 82' lang='lat' dir='ltr'><strong>Politicam</strong></span> <span class='ocrx_word' id='word_1_104' title='bbox 926 2620 1063 2699; x_wconf 83' lang='lat' dir='ltr'><strong>pertinet.</strong></span> <span class='ocrx_word' id='word_1_105' title='bbox 1076 2624 1218 2681; x_wconf 82' lang='lat' dir='ltr'><strong>Nostrum</strong></span> <span class='ocrx_word' id='word_1_106' title='bbox 1228 2620 1278 2683; x_wconf 88' lang='lat' dir='ltr'><strong>bic</strong></span> <span class='ocrx_word' id='word_1_107' title='bbox 1289 2627 1346 2693; x_wconf 84' lang='lat' dir='ltr'><strong>est,</strong></span> <span class='ocrx_word' id='word_1_108' title='bbox 1362 2619 1436 2698; x_wconf 78' lang='lat' dir='ltr'><strong>leges</strong></span> <span class='ocrx_word' id='word_1_109' title='bbox 1445 2636 1522 2681; x_wconf 84' lang='lat' dir='ltr'><strong>mora-</strong></span> <span class='ocrx_word' id='word_1_110' title='bbox 1576 2624 1577 2629; x_wconf 77' lang='grc'>’</span> 
     </span>
    </p>
   </div>
   <div class='ocr_carea' id='block_1_10' title="bbox 476 2717 1521 2798">
    <p class='ocr_par' dir='ltr' id='par_1_10' title="bbox 476 2717 1521 2798">
     <span class='ocr_line' id='line_1_18' title="bbox 476 2717 1521 2798; baseline -0.005 -17"><span class='ocrx_word' id='word_1_111' title='bbox 476 2720 521 2782; x_wconf 89' lang='lat' dir='ltr'><strong>les</strong></span> <span class='ocrx_word' id='word_1_112' title='bbox 535 2719 647 2798; x_wconf 79' lang='lat' dir='ltr'><strong>publici</strong></span> <span class='ocrx_word' id='word_1_113' title='bbox 659 2719 727 2779; x_wconf 75' lang='lat' dir='ltr'><strong>eris</strong></span> <span class='ocrx_word' id='word_1_114' title='bbox 750 2718 841 2778; x_wconf 84' lang='lat' dir='ltr'><strong>alieni</strong></span> <span class='ocrx_word' id='word_1_115' title='bbox 860 2723 889 2777; x_wconf 92' lang='lat' dir='ltr'><strong>et</strong></span> <span class='ocrx_word' id='word_1_116' title='bbox 903 2717 1096 2780; x_wconf 85' lang='lat' dir='ltr'><strong>contrahendi</strong></span> <span class='ocrx_word' id='word_1_117' title='bbox 1117 2725 1146 2781; x_wconf 89' lang='lat' dir='ltr'><strong>et</strong></span> <span class='ocrx_word' id='word_1_118' title='bbox 1163 2720 1392 2781; x_wconf 86' lang='lat' dir='ltr'><strong>administrandi</strong></span> <span class='ocrx_word' id='word_1_119' title='bbox 1413 2720 1521 2779; x_wconf 84' lang='lat' dir='ltr'><strong>innuere.</strong></span> 
     </span>
    </p>
   </div>
   <div class='ocr_carea' id='block_1_11' title="bbox 478 2820 1524 3004">
    <p class='ocr_par' dir='ltr' id='par_1_11' title="bbox 478 2820 1524 3004">
     <span class='ocr_line' id='line_1_19' title="bbox 519 2820 1523 2901; baseline -0.009 -12"><span class='ocrx_word' id='word_1_120' title='bbox 519 2828 642 2889; x_wconf 78' lang='lat' dir='ltr'><strong>Exsusc-</strong></span> <span class='ocrx_word' id='word_1_121' title='bbox 666 2839 731 2886; x_wconf 86' lang='lat' dir='ltr'><strong>ros.</strong></span> <span class='ocrx_word' id='word_1_122' title='bbox 757 2826 787 2884; x_wconf 90' lang='lat' dir='ltr'><strong>l·</strong></span> <span class='ocrx_word' id='word_1_123' title='bbox 808 2839 945 2885; x_wconf 77' lang='lat' dir='ltr'><strong>raus-</strong></span> <span class='ocrx_word' id='word_1_124' title='bbox 958 2822 1116 2886; x_wconf 90' lang='lat' dir='ltr'><strong>Publicum</strong></span> <span class='ocrx_word' id='word_1_125' title='bbox 1137 2843 1178 2886; x_wconf 75' lang='lat' dir='ltr'><strong>es</strong></span> <span class='ocrx_word' id='word_1_126' title='bbox 1199 2824 1334 2886; x_wconf 84' lang='lat' dir='ltr'><strong>alienum</strong></span> <span class='ocrx_word' id='word_1_127' title='bbox 1351 2828 1396 2886; x_wconf 91' lang='lat' dir='ltr'><strong>est</strong></span> <span class='ocrx_word' id='word_1_128' title='bbox 1413 2820 1523 2901; x_wconf 84' lang='lat' dir='ltr'><strong>quedam</strong></span> 
     </span>
     <span class='ocr_line' id='line_1_20' title="bbox 478 2917 1524 3004; baseline -0.009 -18"><span class='ocrx_word' id='word_1_129' title='bbox 478 2925 583 2987; x_wconf 89' lang='lat' dir='ltr'><strong>tributi</strong></span> <span class='ocrx_word' id='word_1_130' title='bbox 596 2924 718 3004; x_wconf 85' lang='lat' dir='ltr'><strong>species.</strong></span> <span class='ocrx_word' id='word_1_131' title='bbox 734 2925 809 2986; x_wconf 85' lang='lat' dir='ltr'><strong>Nam</strong></span> <span class='ocrx_word' id='word_1_132' title='bbox 821 2928 852 2985; x_wconf 91' lang='lat' dir='ltr'><strong>et</strong></span> <span class='ocrx_word' id='word_1_133' title='bbox 863 2939 929 2984; x_wconf 90' lang='lat' dir='ltr'><strong>sors</strong></span> <span class='ocrx_word' id='word_1_134' title='bbox 941 2924 1016 3002; x_wconf 89' lang='lat' dir='ltr'><strong>ipsa,</strong></span> <span class='ocrx_word' id='word_1_135' title='bbox 1030 2929 1138 2986; x_wconf 90' lang='lat' dir='ltr'><strong>mutuo</strong></span> <span class='ocrx_word' id='word_1_136' title='bbox 1150 2929 1278 3003; x_wconf 88' lang='lat' dir='ltr'><strong>accepts,</strong></span> <span class='ocrx_word' id='word_1_137' title='bbox 1293 2923 1347 2984; x_wconf 92' lang='lat' dir='ltr'><strong>ubi</strong></span> <span class='ocrx_word' id='word_1_138' title='bbox 1361 2917 1524 2984; x_wconf 79' lang='lat' dir='ltr'><strong>cmditoribte</strong></span> 
     </span>
    </p>
   </div>
   <div class='ocr_carea' id='block_1_12' title="bbox 478 3017 1577 3106">
    <p class='ocr_par' dir='ltr' id='par_1_12' title="bbox 478 3017 1577 3106">
     <span class='ocr_line' id='line_1_21' title="bbox 478 3017 1577 3106; baseline -0.009 -22"><span class='ocrx_word' id='word_1_139' title='bbox 478 3023 630 3086; x_wconf 85' lang='lat' dir='ltr'><strong>reddenda</strong></span> <span class='ocrx_word' id='word_1_140' title='bbox 639 3024 706 3100; x_wconf 88' lang='lat' dir='ltr'><strong>erit,</strong></span> <span class='ocrx_word' id='word_1_141' title='bbox 719 3023 862 3085; x_wconf 79' lang='lat' dir='ltr'><strong>ettenora</strong></span> <span class='ocrx_word' id='word_1_142' title='bbox 871 3022 1034 3099; x_wconf 87' lang='lat' dir='ltr'><strong>quotannis</strong></span> <span class='ocrx_word' id='word_1_143' title='bbox 1045 3023 1199 3099; x_wconf 79' lang='lat' dir='ltr'><strong>solvende,</strong></span> <span class='ocrx_word' id='word_1_144' title='bbox 1210 3023 1395 3101; x_wconf 80' lang='lat' dir='ltr'><strong>privstomm</strong></span> <span class='ocrx_word' id='word_1_145' title='bbox 1405 3017 1522 3088; x_wconf 76' lang='lat' dir='ltr'><strong>lunonis,</strong></span> <span class='ocrx_word' id='word_1_146' title='bbox 1576 3061 1577 3106; x_wconf 64' lang='lat'>3</span> 
     </span>
    </p>
   </div>
   <div class='ocr_carea' id='block_1_13' title="bbox 479 3113 1577 3202">
    <p class='ocr_par' dir='ltr' id='par_1_13' title="bbox 479 3113 1577 3202">
     <span class='ocr_line' id='line_1_22' title="bbox 479 3113 1577 3202; baseline -0.004 -18"><span class='ocrx_word' id='word_1_147' title='bbox 479 3121 562 3184; x_wconf 91' lang='lat' dir='ltr'><strong>unde</strong></span> <span class='ocrx_word' id='word_1_148' title='bbox 573 3121 688 3202; x_wconf 86' lang='lat' dir='ltr'><strong>publici</strong></span> <span class='ocrx_word' id='word_1_149' title='bbox 701 3121 798 3183; x_wconf 75' lang='lat' dir='ltr'><strong>erarii</strong></span> <span class='ocrx_word' id='word_1_150' title='bbox 815 3136 886 3198; x_wconf 89' lang='lat' dir='ltr'><strong>opes</strong></span> <span class='ocrx_word' id='word_1_151' title='bbox 900 3135 1005 3182; x_wconf 87' lang='lat' dir='ltr'><strong>omncs</strong></span> <span class='ocrx_word' id='word_1_152' title='bbox 1016 3119 1207 3199; x_wconf 87' lang='lat' dir='ltr'><strong>pmreuiunt,</strong></span> <span class='ocrx_word' id='word_1_153' title='bbox 1219 3119 1421 3184; x_wconf 79' lang='lat' dir='ltr'><strong>subtrahenda</strong></span> <span class='ocrx_word' id='word_1_154' title='bbox 1432 3113 1523 3178; x_wconf 78' lang='lat' dir='ltr'><strong>tuton</strong></span> <span class='ocrx_word' id='word_1_155' title='bbox 1576 3171 1577 3180; x_wconf 73' lang='grc'>,</span> 
     </span>
    </p>
   </div>
   <div class='ocr_carea' id='block_1_14' title="bbox 479 3217 1528 4794">
    <p class='ocr_par' dir='ltr' id='par_1_14' title="bbox 479 3217 1528 4191">
     <span class='ocr_line' id='line_1_23' title="bbox 479 3217 1524 3300; baseline -0.004 -16"><span class='ocrx_word' id='word_1_156' title='bbox 479 3230 560 3284; x_wconf 88' lang='lat' dir='ltr'><strong>sunl.</strong></span> <span class='ocrx_word' id='word_1_157' title='bbox 576 3224 653 3298; x_wconf 79' lang='lat' dir='ltr'><strong>Ergo</strong></span> <span class='ocrx_word' id='word_1_158' title='bbox 665 3219 822 3300; x_wconf 90' lang='lat' dir='ltr'><strong>publicum</strong></span> <span class='ocrx_word' id='word_1_159' title='bbox 833 3237 874 3280; x_wconf 82' lang='lat' dir='ltr'><strong>ars</strong></span> <span class='ocrx_word' id='word_1_160' title='bbox 886 3221 1099 3286; x_wconf 85' lang='lat' dir='ltr'><strong>alienumsiue</strong></span> <span class='ocrx_word' id='word_1_161' title='bbox 1111 3237 1179 3282; x_wconf 83' lang='lat' dir='ltr'><strong>rora</strong></span> <span class='ocrx_word' id='word_1_162' title='bbox 1192 3221 1373 3300; x_wconf 72' lang='lat' dir='ltr'><strong>reipublice</strong></span> <span class='ocrx_word' id='word_1_163' title='bbox 1385 3217 1524 3292; x_wconf 70' lang='lat' dir='ltr'><strong>necessitate</strong></span> 
     </span>
     <span class='ocr_line' id='line_1_24' title="bbox 479 3319 1525 3393; baseline -0.003 -12"><span class='ocrx_word' id='word_1_164' title='bbox 479 3321 600 3381; x_wconf 92' lang='lat' dir='ltr'><strong>nullum</strong></span> <span class='ocrx_word' id='word_1_165' title='bbox 621 3319 859 3380; x_wconf 86' lang='lat' dir='ltr'><strong>contrabendum</strong></span> <span class='ocrx_word' id='word_1_166' title='bbox 873 3327 930 3393; x_wconf 87' lang='lat' dir='ltr'><strong>est,</strong></span> <span class='ocrx_word' id='word_1_167' title='bbox 943 3319 1030 3379; x_wconf 90' lang='lat' dir='ltr'><strong>sicuti</strong></span> <span class='ocrx_word' id='word_1_168' title='bbox 1044 3320 1165 3380; x_wconf 89' lang='lat' dir='ltr'><strong>uultum</strong></span> <span class='ocrx_word' id='word_1_169' title='bbox 1182 3321 1329 3381; x_wconf 90' lang='lat' dir='ltr'><strong>tributum</strong></span> <span class='ocrx_word' id='word_1_170' title='bbox 1344 3336 1402 3380; x_wconf 91' lang='lat' dir='ltr'><strong>non</strong></span> <span class='ocrx_word' id='word_1_171' title='bbox 1416 3328 1525 3378; x_wconf 63' lang='lat' dir='ltr'><strong>necut-</strong></span> 
     </span>
     <span class='ocr_line' id='line_1_25' title="bbox 480 3417 1526 3497; baseline -0.003 -19"><span class='ocrx_word' id='word_1_172' title='bbox 480 3420 563 3478; x_wconf 90' lang='lat' dir='ltr'><strong>rium</strong></span> <span class='ocrx_word' id='word_1_173' title='bbox 575 3418 645 3478; x_wconf 91' lang='lat' dir='ltr'><strong>licet</strong></span> <span class='ocrx_word' id='word_1_174' title='bbox 657 3418 823 3496; x_wconf 86' lang='lat' dir='ltr'><strong>imponere.</strong></span> <span class='ocrx_word' id='word_1_175' title='bbox 839 3419 1003 3480; x_wconf 79' lang='lat' dir='ltr'><strong>Necessitas</strong></span> <span class='ocrx_word' id='word_1_176' title='bbox 1013 3425 1114 3480; x_wconf 89' lang='lat' dir='ltr'><strong>autem</strong></span> <span class='ocrx_word' id='word_1_177' title='bbox 1128 3417 1237 3497; x_wconf 92' lang='lat' dir='ltr'><strong>publici</strong></span> <span class='ocrx_word' id='word_1_178' title='bbox 1252 3419 1321 3480; x_wconf 76' lang='lat' dir='ltr'><strong>acris</strong></span> <span class='ocrx_word' id='word_1_179' title='bbox 1334 3417 1423 3480; x_wconf 90' lang='lat' dir='ltr'><strong>alieni</strong></span> <span class='ocrx_word' id='word_1_180' title='bbox 1434 3419 1526 3478; x_wconf 72' lang='lat' dir='ltr'><strong>contra</strong></span> 
     </span>
     <span class='ocr_line' id='line_1_26' title="bbox 480 3512 1525 3596; baseline 0.004 -20"><span class='ocrx_word' id='word_1_181' title='bbox 480 3515 574 3592; x_wconf 79' lang='lat' dir='ltr'><strong>bentii</strong></span> <span class='ocrx_word' id='word_1_182' title='bbox 593 3512 703 3594; x_wconf 83' lang='lat' dir='ltr'><strong>duplex</strong></span> <span class='ocrx_word' id='word_1_183' title='bbox 724 3533 787 3578; x_wconf 88' lang='lat' dir='ltr'><strong>esse</strong></span> <span class='ocrx_word' id='word_1_184' title='bbox 808 3521 913 3596; x_wconf 89' lang='lat' dir='ltr'><strong>potest,</strong></span> <span class='ocrx_word' id='word_1_185' title='bbox 929 3519 1042 3580; x_wconf 84' lang='lat' dir='ltr'><strong>scilicet</strong></span> <span class='ocrx_word' id='word_1_186' title='bbox 1054 3517 1102 3578; x_wconf 86' lang='lat' dir='ltr'><strong>vel</strong></span> <span class='ocrx_word' id='word_1_187' title='bbox 1116 3516 1277 3578; x_wconf 83' lang='lat' dir='ltr'><strong>materiatis</strong></span> <span class='ocrx_word' id='word_1_188' title='bbox 1297 3534 1353 3580; x_wconf 82' lang='lat' dir='ltr'><strong>seu</strong></span> <span class='ocrx_word' id='word_1_189' title='bbox 1373 3512 1525 3596; x_wconf 72' lang='lat' dir='ltr'><strong>pmumsdt.</strong></span> 
     </span>
     <span class='ocr_line' id='line_1_27' title="bbox 481 3611 1527 3696; baseline -0.004 -21"><span class='ocrx_word' id='word_1_190' title='bbox 481 3611 668 3675; x_wconf 79' lang='lat' dir='ltr'><strong>telmorciis.</strong></span> <span class='ocrx_word' id='word_1_191' title='bbox 680 3614 738 3689; x_wconf 89' lang='lat' dir='ltr'><strong>Sic,</strong></span> <span class='ocrx_word' id='word_1_192' title='bbox 752 3633 780 3674; x_wconf 87' lang='lat' dir='ltr'><strong>c.</strong></span> <span class='ocrx_word' id='word_1_193' title='bbox 792 3632 838 3693; x_wconf 69' lang='lat' dir='ltr'><strong>p„</strong></span> <span class='ocrx_word' id='word_1_194' title='bbox 847 3613 963 3676; x_wconf 92' lang='lat' dir='ltr'><strong>bellum</strong></span> <span class='ocrx_word' id='word_1_195' title='bbox 973 3619 1105 3694; x_wconf 84' lang='lat' dir='ltr'><strong>justum,</strong></span> <span class='ocrx_word' id='word_1_196' title='bbox 1114 3617 1220 3693; x_wconf 77' lang='lat' dir='ltr'><strong>ingens</strong></span> <span class='ocrx_word' id='word_1_197' title='bbox 1231 3616 1355 3694; x_wconf 83' lang='lat' dir='ltr'><strong>aliquod</strong></span> <span class='ocrx_word' id='word_1_198' title='bbox 1364 3615 1478 3696; x_wconf 86' lang='lat' dir='ltr'><strong>publice</strong></span> <span class='ocrx_word' id='word_1_199' title='bbox 1487 3611 1527 3670; x_wconf 91' lang='lat' dir='ltr'><strong>uti·</strong></span> 
     </span>
     <span class='ocr_line' id='line_1_28' title="bbox 482 3711 1527 3794; baseline -0.005 -20"><span class='ocrx_word' id='word_1_200' title='bbox 482 3712 574 3775; x_wconf 88' lang='lat' dir='ltr'><strong>litatis</strong></span> <span class='ocrx_word' id='word_1_201' title='bbox 592 3730 682 3792; x_wconf 86' lang='lat' dir='ltr'><strong>opus,</strong></span> <span class='ocrx_word' id='word_1_202' title='bbox 695 3720 729 3774; x_wconf 87' lang='lat' dir='ltr'><strong>ul</strong></span> <span class='ocrx_word' id='word_1_203' title='bbox 741 3722 845 3792; x_wconf 86' lang='lat' dir='ltr'><strong>portus</strong></span> <span class='ocrx_word' id='word_1_204' title='bbox 858 3716 1028 3792; x_wconf 70' lang='lat' dir='ltr'><strong>emunctio,</strong></span> <span class='ocrx_word' id='word_1_205' title='bbox 1052 3719 1107 3776; x_wconf 78' lang='lat' dir='ltr'><strong>viar</strong></span> <span class='ocrx_word' id='word_1_206' title='bbox 1119 3715 1232 3776; x_wconf 81' lang='lat' dir='ltr'><strong>icrretae</strong></span> <span class='ocrx_word' id='word_1_207' title='bbox 1246 3722 1275 3777; x_wconf 93' lang='lat' dir='ltr'><strong>et</strong></span> <span class='ocrx_word' id='word_1_208' title='bbox 1289 3711 1527 3794; x_wconf 71' lang='lat' dir='ltr'><strong>hujusmodique</strong></span> 
     </span>
     <span class='ocr_line' id='line_1_29' title="bbox 481 3815 1527 3893; baseline -0.006 -20"><span class='ocrx_word' id='word_1_209' title='bbox 481 3815 628 3873; x_wconf 79' lang='lat' dir='ltr'><strong>maximas</strong></span> <span class='ocrx_word' id='word_1_210' title='bbox 639 3816 772 3892; x_wconf 71' lang='lat' dir='ltr'><strong>pmuniae</strong></span> <span class='ocrx_word' id='word_1_211' title='bbox 782 3831 918 3874; x_wconf 79' lang='lat' dir='ltr'><strong>summes</strong></span> <span class='ocrx_word' id='word_1_212' title='bbox 930 3821 1089 3893; x_wconf 70' lang='lat' dir='ltr'><strong>presentes</strong></span> <span class='ocrx_word' id='word_1_213' title='bbox 1105 3815 1273 3892; x_wconf 87' lang='lat' dir='ltr'><strong>requirunt,</strong></span> <span class='ocrx_word' id='word_1_214' title='bbox 1291 3816 1442 3876; x_wconf 85' lang='lat' dir='ltr'><strong>sonaliter</strong></span> <span class='ocrx_word' id='word_1_215' title='bbox 1452 3817 1527 3872; x_wconf 78' lang='lat' dir='ltr'><strong>uuus</strong></span> 
     </span>
     <span class='ocr_line' id='line_1_30' title="bbox 482 3911 1527 3995; baseline 0.001 -19"><span class='ocrx_word' id='word_1_216' title='bbox 482 3920 565 3976; x_wconf 79' lang='lat' dir='ltr'><strong>aetate</strong></span> <span class='ocrx_word' id='word_1_217' title='bbox 584 3913 705 3992; x_wconf 84' lang='lat' dir='ltr'><strong>suscipi,</strong></span> <span class='ocrx_word' id='word_1_218' title='bbox 719 3931 758 3975; x_wconf 91' lang='lat' dir='ltr'><strong>ne</strong></span> <span class='ocrx_word' id='word_1_219' title='bbox 772 3913 891 3991; x_wconf 82' lang='lat' dir='ltr'><strong>publice</strong></span> <span class='ocrx_word' id='word_1_220' title='bbox 905 3913 1026 3991; x_wconf 85' lang='lat' dir='ltr'><strong>quidem</strong></span> <span class='ocrx_word' id='word_1_221' title='bbox 1042 3915 1214 3982; x_wconf 81' lang='lat' dir='ltr'><strong>auctoritate</strong></span> <span class='ocrx_word' id='word_1_222' title='bbox 1229 3915 1406 3995; x_wconf 83' lang='lat' dir='ltr'><strong>plerumque</strong></span> <span class='ocrx_word' id='word_1_223' title='bbox 1418 3911 1527 3992; x_wconf 63' lang='lat' dir='ltr'><strong>possim,</strong></span> 
     </span>
     <span class='ocr_line' id='line_1_31' title="bbox 480 4009 1528 4091; baseline -0.001 -17"><span class='ocrx_word' id='word_1_224' title='bbox 480 4030 574 4091; x_wconf 90' lang='lat' dir='ltr'><strong>quam</strong></span> <span class='ocrx_word' id='word_1_225' title='bbox 593 4030 634 4074; x_wconf 77' lang='lat' dir='ltr'><strong>aes</strong></span> <span class='ocrx_word' id='word_1_226' title='bbox 653 4013 785 4073; x_wconf 88' lang='lat' dir='ltr'><strong>alienum</strong></span> <span class='ocrx_word' id='word_1_227' title='bbox 808 4011 1020 4076; x_wconf 86' lang='lat' dir='ltr'><strong>contrahendo.</strong></span> <span class='ocrx_word' id='word_1_228' title='bbox 1036 4015 1087 4074; x_wconf 89' lang='lat' dir='ltr'><strong>Est</strong></span> <span class='ocrx_word' id='word_1_229' title='bbox 1108 4015 1199 4090; x_wconf 83' lang='lat' dir='ltr'><strong>igitur</strong></span> <span class='ocrx_word' id='word_1_230' title='bbox 1219 4015 1249 4075; x_wconf 92' lang='lat' dir='ltr'><strong>in</strong></span> <span class='ocrx_word' id='word_1_231' title='bbox 1268 4013 1415 4091; x_wconf 85' lang='lat' dir='ltr'><strong>ejusmodi</strong></span> <span class='ocrx_word' id='word_1_232' title='bbox 1436 4009 1528 4073; x_wconf 73' lang='lat' dir='ltr'><strong>ceaibil</strong></span> 
     </span>
     <span class='ocr_line' id='line_1_32' title="bbox 479 4112 1078 4191; baseline -0.003 -17"><span class='ocrx_word' id='word_1_233' title='bbox 479 4115 638 4175; x_wconf 85' lang='lat' dir='ltr'><strong>necessitas</strong></span> <span class='ocrx_word' id='word_1_234' title='bbox 649 4112 813 4174; x_wconf 78' lang='lat' dir='ltr'><strong>materialis</strong></span> <span class='ocrx_word' id='word_1_235' title='bbox 826 4129 881 4175; x_wconf 89' lang='lat' dir='ltr'><strong>seu</strong></span> <span class='ocrx_word' id='word_1_236' title='bbox 896 4114 1078 4191; x_wconf 81' lang='lat' dir='ltr'><strong>pecuniaria.</strong></span> 
     </span>
    </p>

    <p class='ocr_par' dir='ltr' id='par_1_15' title="bbox 480 4206 1528 4794">
     <span class='ocr_line' id='line_1_33' title="bbox 519 4206 1526 4294; baseline -0.015 -18"><span class='ocrx_word' id='word_1_237' title='bbox 519 4217 856 4294; x_wconf 74' lang='lat' dir='ltr'><strong>atpraetereasuiumae,</strong></span> <span class='ocrx_word' id='word_1_238' title='bbox 868 4212 1083 4290; x_wconf 81' lang='lat' dir='ltr'><strong>quaspubtice</strong></span> <span class='ocrx_word' id='word_1_239' title='bbox 1093 4215 1228 4292; x_wconf 84' lang='lat' dir='ltr'><strong>potestati</strong></span> <span class='ocrx_word' id='word_1_240' title='bbox 1240 4219 1362 4274; x_wconf 87' lang='lat' dir='ltr'><strong>mutuas</strong></span> <span class='ocrx_word' id='word_1_241' title='bbox 1372 4206 1526 4272; x_wconf 76' lang='lat' dir='ltr'><strong>trediderinl</strong></span> 
     </span>
     <span class='ocr_line' id='line_1_34' title="bbox 481 4306 1528 4391; baseline -0.003 -18"><span class='ocrx_word' id='word_1_242' title='bbox 481 4318 510 4373; x_wconf 85' lang='lat' dir='ltr'><strong>sl</strong></span> <span class='ocrx_word' id='word_1_243' title='bbox 520 4329 624 4373; x_wconf 87' lang='lat' dir='ltr'><strong>earum</strong></span> <span class='ocrx_word' id='word_1_244' title='bbox 638 4311 818 4389; x_wconf 73' lang='lat' dir='ltr'><strong>tenoreque</strong></span> <span class='ocrx_word' id='word_1_245' title='bbox 827 4311 865 4372; x_wconf 86' lang='lat' dir='ltr'><strong>ab</strong></span> <span class='ocrx_word' id='word_1_246' title='bbox 874 4311 980 4372; x_wconf 88' lang='lat' dir='ltr'><strong>eadem</strong></span> <span class='ocrx_word' id='word_1_247' title='bbox 1002 4313 1159 4391; x_wconf 85' lang='lat' dir='ltr'><strong>accipiant,</strong></span> <span class='ocrx_word' id='word_1_248' title='bbox 1175 4314 1215 4374; x_wconf 86' lang='lat' dir='ltr'><strong>ite</strong></span> <span class='ocrx_word' id='word_1_249' title='bbox 1230 4313 1386 4376; x_wconf 87' lang='lat' dir='ltr'><strong>creditores</strong></span> <span class='ocrx_word' id='word_1_250' title='bbox 1402 4311 1448 4372; x_wconf 86' lang='lat' dir='ltr'><strong>ult</strong></span> <span class='ocrx_word' id='word_1_251' title='bbox 1463 4306 1528 4387; x_wconf 84' lang='lat' dir='ltr'><strong>prin·</strong></span> 
     </span>
     <span class='ocr_line' id='line_1_35' title="bbox 480 4406 1527 4490; baseline -0.007 -18"><span class='ocrx_word' id='word_1_252' title='bbox 480 4411 591 4490; x_wconf 81' lang='lat' dir='ltr'><strong>cipetui</strong></span> <span class='ocrx_word' id='word_1_253' title='bbox 605 4409 789 4484; x_wconf 82' lang='lat' dir='ltr'><strong>devinciunt,</strong></span> <span class='ocrx_word' id='word_1_254' title='bbox 805 4416 838 4470; x_wconf 90' lang='lat' dir='ltr'><strong>ut</strong></span> <span class='ocrx_word' id='word_1_255' title='bbox 851 4410 988 4488; x_wconf 85' lang='lat' dir='ltr'><strong>ejusdem</strong></span> <span class='ocrx_word' id='word_1_256' title='bbox 1008 4414 1263 4474; x_wconf 78' lang='lat' dir='ltr'><strong>conservationem</strong></span> <span class='ocrx_word' id='word_1_257' title='bbox 1286 4413 1352 4474; x_wconf 91' lang='lat' dir='ltr'><strong>totis</strong></span> <span class='ocrx_word' id='word_1_258' title='bbox 1366 4413 1427 4472; x_wconf 91' lang='lat' dir='ltr'><strong>suis</strong></span> <span class='ocrx_word' id='word_1_259' title='bbox 1439 4406 1527 4468; x_wconf 73' lang='lat' dir='ltr'><strong>vibus</strong></span> 
     </span>
     <span class='ocr_line' id='line_1_36' title="bbox 481 4501 1527 4590; baseline -0.003 -23"><span class='ocrx_word' id='word_1_260' title='bbox 481 4509 558 4569; x_wconf 89' lang='lat' dir='ltr'><strong>tueri</strong></span> <span class='ocrx_word' id='word_1_261' title='bbox 570 4506 707 4566; x_wconf 88' lang='lat' dir='ltr'><strong>debeant.</strong></span> <span class='ocrx_word' id='word_1_262' title='bbox 720 4509 798 4584; x_wconf 76' lang='lat' dir='ltr'><strong>Ergo</strong></span> <span class='ocrx_word' id='word_1_263' title='bbox 809 4508 922 4586; x_wconf 87' lang='lat' dir='ltr'><strong>publici</strong></span> <span class='ocrx_word' id='word_1_264' title='bbox 941 4510 1009 4570; x_wconf 75' lang='lat' dir='ltr'><strong>eris</strong></span> <span class='ocrx_word' id='word_1_265' title='bbox 1027 4509 1117 4572; x_wconf 89' lang='lat' dir='ltr'><strong>alieni</strong></span> <span class='ocrx_word' id='word_1_266' title='bbox 1135 4513 1294 4572; x_wconf 88' lang='lat' dir='ltr'><strong>contractio</strong></span> <span class='ocrx_word' id='word_1_267' title='bbox 1307 4511 1355 4572; x_wconf 82' lang='lat' dir='ltr'><strong>rel</strong></span> <span class='ocrx_word' id='word_1_268' title='bbox 1366 4501 1527 4590; x_wconf 80' lang='lat' dir='ltr'><strong>amplificatio</strong></span> 
     </span>
     <span class='ocr_line' id='line_1_37' title="bbox 480 4605 1527 4692; baseline -0.005 -24"><span class='ocrx_word' id='word_1_269' title='bbox 480 4616 525 4669; x_wconf 87' lang='lat' dir='ltr'><strong>est</strong></span> <span class='ocrx_word' id='word_1_270' title='bbox 537 4605 721 4685; x_wconf 76' lang='lat' dir='ltr'><strong>quandoque</strong></span> <span class='ocrx_word' id='word_1_271' title='bbox 734 4607 868 4668; x_wconf 90' lang='lat' dir='ltr'><strong>medium</strong></span> <span class='ocrx_word' id='word_1_272' title='bbox 884 4608 921 4668; x_wconf 85' lang='lat' dir='ltr'><strong>ad</strong></span> <span class='ocrx_word' id='word_1_273' title='bbox 937 4610 1071 4688; x_wconf 83' lang='lat' dir='ltr'><strong>politicus</strong></span> <span class='ocrx_word' id='word_1_274' title='bbox 1086 4612 1324 4692; x_wconf 84' lang='lat' dir='ltr'><strong>perturbationes</strong></span> <span class='ocrx_word' id='word_1_275' title='bbox 1336 4619 1365 4688; x_wconf 85' lang='lat' dir='ltr'><strong>et</strong></span> <span class='ocrx_word' id='word_1_276' title='bbox 1377 4607 1527 4678; x_wconf 75' lang='lat' dir='ltr'><strong>minutiones</strong></span> 
     </span>
     <span class='ocr_line' id='line_1_38' title="bbox 480 4699 1527 4794; baseline -0.001 -26"><span class='ocrx_word' id='word_1_277' title='bbox 480 4705 696 4790; x_wconf 86' lang='lat' dir='ltr'><strong>propulsandus</strong></span> <span class='ocrx_word' id='word_1_278' title='bbox 717 4706 869 4772; x_wconf 82' lang='lat' dir='ltr'><strong>idoueiuu.</strong></span> <span class='ocrx_word' id='word_1_279' title='bbox 886 4709 1023 4770; x_wconf 85' lang='lat' dir='ltr'><strong>lliximus</strong></span> <span class='ocrx_word' id='word_1_280' title='bbox 1043 4717 1144 4772; x_wconf 86' lang='lat' dir='ltr'><strong>cutem</strong></span> <span class='ocrx_word' id='word_1_281' title='bbox 1165 4710 1337 4794; x_wconf 77' lang='lat' dir='ltr'><strong>qauudcque</strong></span> <span class='ocrx_word' id='word_1_282' title='bbox 1354 4699 1527 4772; x_wconf 77' lang='lat' dir='ltr'><strong>tantummodo</strong></span> 
     </span>
    </p>
   </div>
   <div class='ocr_carea' id='block_1_15' title="bbox 0 0 1801 5675">
    <p class='ocr_par' dir='ltr' id='par_1_16' title="bbox 0 0 1801 5675">
     <span class='ocr_line' id='line_1_39' title="bbox 0 0 1801 5675; baseline 0 0"><span class='ocrx_word' id='word_1_283' title='bbox 0 0 1801 5675; x_wconf 95' lang='lat' dir='ltr'><strong> </strong></span> 
     </span>
    </p>
   </div>
  </div>
 </body>
</html>
