3559 5675
598 787 706 833 scurra.
732 805 768 818 -
791 787 875 832 risen
896 787 1032 833 octavus.
1297 771 1354 834 lbi

272 906 389 963 rosum,
412 889 461 954 vel
484 890 603 952 inutile.
626 893 704 970 Ergo
726 909 781 953 nec
805 907 907 953 rerum
929 893 1061 953 valorem
1082 897 1199 954 mutare
1217 900 1355 974 possunt,

271 991 384 1052 scilicet
400 991 555 1068 judicium
578 991 657 1070 quod
680 991 716 1052 de
736 1008 855 1070 quaque
876 1009 908 1052 re
930 992 1065 1072 plerique
1086 992 1224 1053 homines
1244 993 1354 1068 lerunt.

273 1094 366 1169 Ergo,
383 1098 440 1153 etc.
923 1103 926 1108 ·

308 1194 384 1253 925.
405 1193 591 1254 Οοιοιι.-
604 1193 764 1253 Falluntur
786 1193 877 1269 igitur
898 1191 1089 1254 vehementer
1109 1195 1163 1271 qui
1184 1193 1355 1255 existimant

269 1308 376 1350 rerum
391 1291 525 1352 valorem
543 1307 607 1350 csse
621 1291 809 1350 arbitrariam
823 1289 1012 1351 voluntatum
1024 1292 1265 1353 contrahentium
1275 1309 1356 1353 crea·

270 1389 399 1449 tionem.
422 1388 553 1450 Evidens
577 1395 636 1458 cst,
658 1405 708 1449 eos
729 1387 862 1449 valorem
884 1388 1065 1464 objectivum
1086 1405 1156 1450 eum
1178 1391 1354 1469 subjective,

267 1487 402 1568 pretium
426 1486 507 1548 reule
528 1503 597 1548 cunr
618 1486 714 1567 pretio
735 1486 908 1566 effectionis,
928 1487 1120 1549 confundere.
1141 1490 1243 1566 ltaque
1262 1491 1357 1568 prima

270 1587 386 1647 valoris
402 1586 484 1646 basis
505 1592 549 1646 est
568 1586 673 1662 objecti
688 1586 814 1658 utilitas,
835 1586 876 1646 ita
891 1592 927 1645 ut
940 1603 1007 1662 quac
1027 1604 1074 1647 res
1095 1587 1220 1646 omniuo
1240 1585 1356 1649 inutilis

268 1691 358 1762 esset,
372 1684 496 1746 nullum
510 1685 600 1746 etium
610 1686 740 1746 valorem
752 1685 881 1745 liaberet.
900 1684 1012 1746 Deinde
1026 1686 1131 1746 raritas
1143 1683 1260 1765 objecti,
1274 1686 1357 1747 etla-

267 1785 324 1846 bor
346 1785 387 1846 ad
412 1783 491 1846 illud
514 1785 709 1846 obtinendum
735 1787 924 1846 necessarius
946 1792 1018 1845 sunt
1040 1787 1268 1847 circumstantia
1289 1803 1358 1863 qun

267 1885 354 1947 illius
379 1885 514 1947 valorem
540 1891 661 1960 augent.
686 1885 862 1946 Communis
885 1885 1017 1962 deniqne
1039 1886 1142 1964 opinio
1161 1884 1211 1946 bis
1232 1887 1356 1948 basibus

270 1987 381 2047 nititur
392 1993 423 2046 et
435 1985 586 2064 judicium
600 1985 637 2045 ab
649 1985 688 2071 iis
700 1987 799 2046 causis
811 1985 974 2046 deductum
988 1987 1153 2047 contirmat.

320 2088 425 2160 Quare
440 2086 616 2164 quicunque
630 2085 825 2146 neeessariam
844 2102 908 2146 reni
923 2086 1096 2162 quampiam
1111 2085 1200 2146 alicui
1212 2103 1278 2147 esse
1291 2103 1358 2148 sen·

273 2187 359 2260 tiens,
379 2186 437 2246 bac
455 2185 628 2245 necessitate
648 2183 794 2260 abutitur,
809 2190 844 2244 ut
858 2185 901 2244 rei
920 2184 1049 2262 pretium
1068 2185 1199 2245 obtineat
1217 2187 1356 2264 superius

274 2285 384 2354 valore,
400 2297 495 2362 quem
507 2299 604 2344 eausae
616 2299 711 2362 nuper
721 2283 859 2361 expositae
875 2281 1085 2356 determinant,
1095 2284 1244 2360 justitiam
1255 2303 1355 2346 revera

276 2383 361 2458 ledit,
372 2391 402 2444 et
416 2389 600 2444 (contractum
616 2384 764 2458 injustum
777 2381 858 2440 lacit.
873 2380 957 2440 Alter
970 2397 1101 2458 namque
1115 2383 1354 2443 routrabontium

277 2485 416 2562 spoliatur
431 2485 517 2560 jure,
532 2482 612 2559 quod
627 2481 731 2542 cedere
744 2480 869 2541 minime
882 2463 989 2558 vellet,
1004 2460 1075 2557 quia
1094 2481 1277 2557 aequivalens
1294 2481 1354 2541 sibi

274 2599 466 2662 nequaquam
482 2581 565 2646 reddi
580 2580 728 2658 iutelligit.

308 2681 416 2762 ltaque
429 2685 460 2744 l·
473 2699 575 2744 rarum
584 2682 790 2759 aequivalentia
800 2682 884 2743 bases
896 2681 1020 2742 omuino
1030 2681 1125 2742 reales
1138 2680 1240 2758 hebet,
1254 2684 1351 2744 varia·
1447 2674 1450 2680 ’

270 2785 346 2847 biles
357 2783 480 2861 utique,
495 2783 573 2845 sicut
584 2781 739 2844 variabiles
752 2788 822 2843 sunt
833 2795 939 2843 omues
950 2780 1109 2843 relationes
1120 2777 1196 2843 lacto
1208 2781 1350 2859 tundata,

268 2884 417 2959 equibus
432 2887 508 2961 jnra·
517 2880 714 2944 individualis
736 2888 937 2942 enascuntur:
960 2884 991 2942 2.
1012 2882 1124 2943 Rerum
1142 2871 1350 2959 equivalentia

267 2992 312 3045 est
322 2984 459 3046 conditio
473 2982 640 3045 essentialis
654 2982 791 3044 omnium
808 2988 1014 3042 contractuum
1028 2981 1242 3057 bileteralium‚
1253 2984 1350 3060 aequi-

267 3084 414 3159 valentia‚
429 3084 567 3161 inquam,
587 3098 648 3144 non
661 3082 699 3144 ab
712 3098 816 3143 eorum
829 3080 1032 3141 voluntatibus
1055 3080 1198 3159 positivis,
1212 3080 1265 3141 sed
1284 3081 1353 3141 sin-

267 3185 347 3245 ceris
372 3200 479 3245 eorum
500 3181 623 3262 judiciis
645 3183 823 3257 coustituta;
850 3196 943 3257 quani
965 3179 1088 3256 quidem
1111 3180 1350 3259 aequivalentium

269 3284 405 3364 proetidat
421 3290 451 3345 et
464 3290 630 3344 contractus
649 3288 756 3343 natura
770 3287 834 3359 ipsa
849 3286 878 3340 et
890 3280 1038 3339 naturalis
1051 3278 1210 3339 hominum
1230 3280 1353 3358 aequali·

269 3396 315 3443 tas
339 3382 436 3459 (447).
460 3381 492 3441 ³⁰
517 3382 653 3457 injustus
672 3385 718 3441 est
736 3384 905 3440 contractus
932 3379 1031 3438 omnis
1050 3378 1213 3439 bilateralis
1235 3380 1267 3440 iu
1290 3396 1351 3457 quo

268 3484 422 3561 reciproca
433 3482 634 3560 compensatio
649 3479 828 3557 aeqrrivalens
847 3479 968 3539 nonsit.

681 3704 886 3766 ARTlCULUS
907 3705 945 3764 ll.

343 3878 389 3943 be
401 3877 607 3953 murationes,
621 3875 657 3939 de
670 3874 919 3955 commodationis,
931 3874 1005 3939 etde
1013 3878 1148 3958 muita
1160 3888 1278 3943 notura

310 4072 385 4135 926.
401 4072 470 4133 Poe.
484 4068 567 4129 452¹.
580 4100 619 4113 —
632 4066 837 4130 commodatio
854 4073 900 4128 est
910 4070 1089 4146 temporaria
1101 4071 1256 4133 bausiatio
1272 4074 1351 4152 juris

271 4174 303 4233 in
317 4188 384 4233 rem
398 4186 466 4248 quae
475 4186 533 4229 usu
545 4184 605 4230 uon
619 4166 767 4229 elabitur:
781 4168 930 4229 mutuatio
941 4175 987 4229 est
1002 4169 1182 4248 temporaria
1199 4174 1352 4235 translatio

270 4273 352 4349 juris
365 4272 399 4331 iu
414 4284 559 4345 remque
574 4284 633 4328 usu
650 4269 808 4327 amittitur.

312 4374 436 4434 marc.
447 4400 488 4415 -
502 4368 747 4443 Quotiescunque
767 4382 831 4427 rem
847 4368 978 4446 aliquam
997 4370 1080 4430 alteri
1103 4372 1246 4435 utendam
1264 4374 1353 4436 tradi·

272 4492 340 4535 mus
361 4474 405 4533 ita
431 4476 466 4531 ut
486 4472 513 4530 ei
534 4468 674 4529 cedamus
695 4467 874 4547 temporarie
891 4471 946 4545 jus
969 4468 1148 4547 disponendi
1168 4473 1205 4534 de
1226 4476 1279 4535 illu
1302 4452 1354 4553 re,

271 4588 365 4651 quam
380 4566 582 4631 tamen‘nobis
591 4566 813 4645 debeatpostea
827 4568 993 4645 restituere,
1007 4586 1074 4629 earn
1089 4588 1153 4631 rem
1167 4574 1213 4632 illi
1230 4593 1353 4635 cornuu-

272 4672 345 4733 dare
358 4670 408 4733 rel
423 4674 558 4729 mutuare
573 4668 713 4727 dicimur.
731 4668 769 4726 dt
783 4680 843 4741 res,
858 4682 935 4744 quas
950 4668 1076 4729 utendas
1090 4672 1177 4732 elteri
1193 4673 1349 4746 tradimus,

274 4773 398 4837 diverse
412 4776 530 4832 natura
543 4784 608 4829 esse
623 4770 760 4845 possvm-
776 4764 851 4826 liin
873 4782 1008 4845 namque
1025 4775 1108 4846 suut,
1126 4785 1195 4846 quae
1213 4788 1272 4831 usu
1290 4779 1351 4833 ata·
