3559 5675
477 772 536 833 :tte
791 842 797 851 ,
891 788 969 833 sunu
989 786 1147 833 namucus

477 890 721 968 temperamentis
741 907 758 950 a
780 889 955 950 monarchia
980 890 1076 965 magis
1095 906 1186 967 quam
1202 904 1220 949 a
1235 887 1399 967 polyarchia
1412 886 1518 964 quultlet

476 988 618 1063 prestitis
632 986 834 1048 disseruimus
845 1003 876 1045 n.
894 984 964 1053 515.
1120 1049 1123 1055 ,
1329 1050 1335 1057 ,

515 1086 676 1146 l⁰lurium
690 1086 881 1162 politicorum
896 1085 928 1143 in
949 1076 1060 1161 plures
1076 1100 1216 1161 personas
1230 1072 1347 1159 divisio,
1363 1102 1424 1160 quar
1442 1072 1472 1142 ud
1485 1092 1519 1158 ty-

443 1252 449 1259 ,
474 1184 632 1264 ranuirlem
647 1166 869 1261 impediendam
882 1184 1062 1261 exposcitur,
1079 1183 1110 1242 iu
1126 1168 1315 1259 tyrannidem
1328 1190 1426 1262 suapte
1438 1188 1520 1241 natura

475 1292 564 1361 atum
576 1303 612 1343 ex
627 1284 731 1344 morali
747 1284 920 1343 necessitate
943 1284 1098 1359 desciscit,
1121 1283 1200 1360 quod
1213 1287 1277 1361 jam
1295 1283 1370 1343 libro
1390 1283 1430 1354 4⁰,
1443 1290 1521 1343 contra

475 1387 609 1460 regimen
642 1385 919 1461 representantem
946 1384 1128 1443 neutericum
1155 1382 1342 1461 disputantes
1365 1384 1522 1460 probatianus

475 1486 559 1560 (520,
576 1484 661 1560 537).
679 1487 754 1544 Nam
766 1484 844 1542 inter
864 1484 966 1542 uarias
978 1489 1135 1559 potestates
1150 1483 1336 1561 principatus
1347 1482 1468 1561 proprias
1481 1499 1523 1541 utu

474 1600 592 1661 semper
612 1583 708 1658 adest,
725 1589 853 1659 poteslas
876 1583 1055 1654 exsecutira,
1078 1598 1156 1657 qum,
1172 1598 1268 1657 «tuum
1284 1598 1389 1641 omues
1402 1580 1521 1641 societatis

473 1683 552 1741 vires
565 1698 697 1760 opesque
709 1683 739 1741 iu
754 1683 818 1741 suis
832 1682 972 1742 manibus
988 1681 1106 1751 lrabeat,
1123 1698 1243 1759 semper
1256 1688 1354 1759 potest
1367 1686 1476 1741 caterae
1489 1680 1522 1739 rel

474 1781 642 1858 promissis,
668 1781 766 1857 donis,
781 1781 937 1842 fraudibus
963 1781 1082 1840 allicere
1106 1781 1135 1839 in
1160 1797 1291 1857 suasque
1305 1788 1402 1867 partes
1421 1778 1521 1856 trahere,

473 1878 521 1941 vel
535 1882 639 1956 minis,
655 1881 786 1951 mulctis,
802 1880 1008 1941 vexationibus
1022 1880 1121 1941 omnis
1132 1882 1250 1956 getrcris
1263 1860 1401 1957 frangere
1414 1896 1443 1939 ac
1457 1878 1522 1956 plane

470 1980 604 2041 domare.
620 1982 777 2059 Ergosstuuc
787 1998 913 2058 persona
923 1998 990 2058 quae
1004 1986 1176 2057 potestatem
1192 1983 1396 2041 exseculivatn
1411 1978 1522 2057 possidet.

473 2093 534 2136 una
556 2079 714 2153 regnabit:
734 2078 822 2137 nulla
845 2078 977 2156 amplius
990 2077 1045 2137 erit
1060 2084 1241 2154 potestatum
1255 2078 1440 2139 diversarum
1453 2092 1523 2153 oppo-
1579 2084 1580 2135 l

473 2175 543 2235 sitio
554 2182 584 2235 et
597 2178 744 2253 reciproca
756 2177 933 2247 observatio,
954 2192 1015 2253 qua
1030 2178 1231 2255 principatum
1244 2179 1338 2237 nostri
1354 2177 1424 2237 boul
1443 2190 1524 2253 speu-

472 2272 544 2335 tant
557 2290 589 2333 se
604 2282 756 2335 coacturos
768 2282 801 2333 ut
816 2274 854 2334 ad
865 2274 1020 2353 publicum
1035 2276 1149 2335 bonum
1161 2276 1387 2355 procurandum
1400 2275 1478 2335 unice
1489 2274 1524 2329 iu·

471 2372 634 2435 cumberet.
651 2378 692 2434 Ac
706 2364 847 2451 praterea
854 2380 983 2451 potestus
996 2374 1163 2435 exsecutiva
1174 2373 1299 2433 sociales
1318 2374 1395 2433 sires
1408 2389 1439 2431 ae
1451 2366 1524 2431 lactit-

471 2479 557 2547 tates,
573 2490 662 2533 suam
673 2474 851 2534 iudustriam
867 2491 998 2551 mosque
1011 2474 1137 2549 labores,
1151 2476 1335 2553 quaomnia
1349 2474 1384 2533 ad
1399 2470 1524 2551 putttun

472 2570 584 2629 bonum
599 2571 767 2639 curandum
780 2572 922 2633 adhibere
934 2590 969 2633 ex
983 2572 1080 2635 officio
1095 2558 1196 2655 s'trlcto
1210 2564 1345 2647 deberet,
1362 2575 1393 2633 ln
1408 2573 1473 2633 alias
1485 2586 1525 2648 po-

472 2676 592 2729 testates
606 2689 762 2749 supremas
775 2679 828 2733 aut
838 2673 1071 2751 corrumpendas
1080 2680 1133 2733 aut
1144 2673 1400 2751 comprimendas,
1415 2688 1447 2732 eo
1460 2668 1526 2729 uodo

471 2782 562 2844 quem
577 2768 736 2829 innuimus
755 2776 785 2829 ct
800 2770 888 2850 paulo
910 2771 1006 2831 luslus
1025 2770 1102 2831 libro
1120 2768 1154 2846 d,
1178 2772 1382 2851 explicuimus
1400 2770 1480 2846 (520),
1494 2767 1526 2825 itt·

471 2874 581 2927 sumet.
604 2870 681 2944 Ergo
699 2886 801 2929 teram
822 2871 1011 2947 tyrannidem
1033 2877 1062 2930 et
1082 2871 1115 2929 iu
1142 2870 1218 2930 alias
1232 2886 1380 2948 personas
1403 2881 1524 2948 suprema

464 2968 650 3028 auctoritatis
663 2971 818 3048 participes
831 2972 904 3032 etin
917 2971 1061 3048 populum
1077 2971 1251 3032 universum
1267 2970 1426 3031 exercebit.
1441 2979 1444 2986 ’

510 3067 544 3126 5⁰
558 3067 827 3132 Exhacdivisione
840 3077 1023 3149 potestatum
1044 3077 1272 3155 consequuntur
1293 3071 1470 3145 gravissima
1492 3068 1524 3124 in·
1580 3063 1581 3076 ¹

470 3167 626 3228 commoda
639 3185 706 3245 quae
720 3169 796 3231 libro
813 3170 846 3230 4θ
860 3169 950 3245 (515,
965 3169 1045 3246 516)
1060 3169 1274 3245 indicavimus,
1288 3170 1446 3230 infrunitas
1457 3173 1481 3228 et
1495 3167 1527 3224 in·
1580 3157 1581 3242 J

470 3267 635 3326 constantia
655 3269 828 3343 regiminis,
856 3268 979 3328 tarditas
1008 3270 1038 3328 iu
1067 3271 1210 3347 negotiis,
1234 3269 1401 3330 lactionum
1434 3267 1525 3328 collur-

472 3365 554 3436 tatio,
569 3371 626 3424 etc.

511 3463 598 3536 Ergo,
617 3468 769 3540 utcunque
786 3471 932 3544 spectetur·
948 3466 997 3528 illu
1019 3467 1324 3545 potestatumdivisio,
1336 3475 1368 3528 et
1382 3466 1487 3528 inutilis
1498 3459 1524 3520 ad

469 3574 560 3618 suum
574 3561 664 3621 linem
678 3569 707 3622 et
719 3564 883 3641 perniciosa
896 3561 1002 3626 multis
1017 3565 1114 3628 modis
1129 3569 1255 3630 omnino
1268 3574 1325 3627 est.

879 3798 1084 3858 tortuosus
1105 3801 1141 3858 ll.

470 3946 597 4047 θέαμα
604 3967 725 4048 jurium
742 3971 928 4053 politt'corum
950 3973 1031 4054 opud
1047 3975 1195 4056 pruneipis
1216 3997 1372 4056 personum
1396 3977 1526 4036 eructuant

763 4071 956 4153 multiplicem
970 4073 1220 4139 subordinatione.

509 4263 596 4324 rtet.
613 4268 681 4324 l‘os.
692 4267 774 4326 5592.
788 4299 827 4310 —
840 4267 926 4328 l'aria
940 4285 1088 4348 supreme
1100 4275 1285 4335 auctoritatis
1301 4278 1374 4352 jura
1389 4275 1430 4336 sic
1441 4273 1524 4348 dispo-

468 4361 566 4422 nenda
586 4380 678 4440 penes
700 4367 863 4445 principem
875 4374 957 4438 sunt,
978 4379 1012 4430 ut
1023 4371 1068 4430 ris
1082 4374 1242 4434 rnaterialia
1257 4392 1378 4454 semper
1392 4377 1429 4435 sit
1440 4373 1465 4432 ri
1476 4386 1524 4428 nro

468 4457 525 4518 rati
542 4461 742 4524 subordiuala.
1377 4470 1382 4476 ’

507 4560 600 4618 Etru.
616 4561 725 4623 Omnia
735 4581 883 4644 supremae
891 4570 1074 4631 auctoritatis
1084 4574 1156 4648 jura
1168 4573 1204 4633 ad
1217 4574 1374 4654 publicum
1396 4569 1523 4636 societatis

469 4659 582 4720 mcum
597 4669 894 4740 suaptcnaturasunt
903 4670 1038 4731 ordinata
1051 4669 1142 4750 (454).
1154 4674 1233 4747 Quid
1250 4682 1355 4736 auteur
1368 4677 1399 4735 in
1413 4668 1522 4748 singulis

468 4759 588 4820 casibm
601 4761 637 4821 ad
651 4763 806 4841 publicum
819 4768 930 4829 bonum
946 4770 1102 4850 pertineat,
1120 4775 1245 4835 tutionis
1256 4783 1285 4835 ct
1299 4774 1478 4836 conscientie
1488 4771 1522 4827 est
