3559 5675
478 764 536 827 518
890 780 970 825 runis
990 781 1147 828 urrunnun

478 903 515 949 oa
528 886 595 965 iege
613 886 806 964 indicendum
820 891 876 959 est,
888 900 1076 965 quocunque
1089 886 1275 967 porticuum
1290 888 1432 951 hominnm
1442 888 1513 949 trion

479 993 509 1047 et
521 988 764 1065 nuncianum,
778 987 831 1047 iiia
841 988 968 1047 maxime
977 994 1067 1049 crunt
1078 988 1215 1049 divinum
1228 989 1362 1049 verbum.

520 1087 552 1145 3ο
578 1089 678 1159 Quam
693 1086 825 1165 plurima
846 1092 919 1147 sunt
946 1088 978 1146 in
996 1088 1156 1167 Scripturis
1175 1089 1252 1149 'loca
1273 1088 1475 1161 obscurissima,
1493 1095 1518 1147 nt

479 1188 558 1247 inira
578 1188 669 1267 paulo
682 1189 780 1249 insius
794 1189 1019 1267 explicabimus.
1041 1192 1108 1250 Jsm
1127 1190 1236 1251 hcmm
1251 1190 1379 1251 looomm
1398 1204 1455 1266 que
1466 1204 1517 1246 ner

480 1288 658 1348 doctissimis
671 1289 794 1365 quidem
807 1290 955 1366 theologis
966 1290 1187 1367 intelliguntur,
1203 1292 1310 1368 nequiit
1322 1290 1439 1371 protecto
1450 1288 1520 1349 orori·

391 1420 402 1441 .
481 1385 606 1446 lentiam
627 1392 657 1446 et
668 1389 851 1449 sanctitatem
873 1390 983 1465 vulgus
1003 1388 1166 1467 pecudeae.
1185 1394 1258 1451 Nam
1281 1406 1348 1469 quse
1363 1388 1439 1450 nullo
1458 1392 1520 1466 pato

480 1485 638 1561 intelligis,
652 1484 779 1547 definire
792 1487 896 1563 qualia
908 1488 979 1563 sint,
993 1495 1162 1566 conpotes.
1180 1491 1257 1565 Ergo
1273 1488 1400 1567 plurrims
1411 1488 1438 1547 in
1450 1486 1520 1563 Scrin

484 1587 561 1645 turis
580 1586 643 1645 loca
663 1594 752 1645 erunt
770 1586 807 1649 de
825 1604 957 1665 quorum
971 1588 1124 1649 divinitate
1139 1568 1183 1647 nil
1203 1590 1309 1667 poterit
1329 1588 1463 1648 constitui.

499 1762 504 1769 .
521 1686 556 1745 t·
570 1686 635 1745 Non
651 1686 739 1763 pauci
754 1686 834 1762 iibri,
850 1704 928 1763 quos
949 1686 1085 1749 catholici
1109 1688 1265 1766 scripturis
1287 1689 1378 1747 moris
1390 1690 1523 1747 coenent

482 1786 747 1863 sprotestantibus
758 1788 948 1863 rejiciuntur.
960 1788 1062 1864 Atqui,
1074 1790 1100 1848 si
1111 1805 1263 1849 sacromm
1273 1788 1406 1849 codicum
1417 1784 1524 1844 divinius
1578 1838 1579 1863 Τ

482 1902 639 1947 excomm
662 1887 782 1947 interna
805 1888 980 1949 eroenontia
1001 1894 1031 1949 et
1056 1888 1211 1949 sanctitate
1232 1890 1459 1964 cognosceretur,
1482 1896 1525 1941 nor

484 1992 584 2063 possm
601 1984 732 2064 proiecto
752 1988 831 2047 circa
851 1987 920 2049 ilios
947 1994 1029 2049 tantu
1050 1989 1162 2049 terrore
1176 1987 1336 2047 dissensio.
1354 1986 1459 2047 Etenim
1472 1980 1525 2041 inii·

484 2088 565 2144 ctum
582 2101 643 2161 qno
661 2088 739 2146 Deus
756 2087 840 2147 verbi
864 2089 911 2149 snt
932 2088 1118 2149 divinitatem
1138 2086 1259 2165 populis
1272 2086 1369 2147 votuit
1391 2094 1527 2145 commone

484 2188 573 2254 trare
597 2184 685 2245 debet
703 2186 808 2262 ntique
830 2204 897 2247 esso
919 2204 972 2265 per
991 2204 1023 2247 sc
1036 2186 1229 2247 manifestum
1244 2192 1274 2246 st
1288 2185 1408 2247 evidens
1425 2203 1432 2243 r
1451 2180 1527 2257 nequit

485 2286 566 2344 enirn
592 2286 672 2345 licus
696 2286 735 2346 ad
758 2304 823 2349 rom
845 2288 1003 2349 obscuram
1030 2287 1239 2349 declarandam
1259 2286 1387 2347 obscum
1403 2284 1444 2345 uti
1463 2280 1528 2341 doru

486 2392 588 2444 mento
595 2400 606 2459 3
622 2385 702 2461 quod
716 2392 793 2446 essct
804 2388 892 2464 plane
908 2388 1042 2465 ineptum
1056 2387 1218 2464 divinaque
1229 2387 1376 2465 sapientis
1391 2384 1526 2459 indigum.

486 2484 576 2559 Ergo,
589 2486 614 2544 si
627 2484 848 2563 Scripturarum
862 2486 1003 2547 diuinitus
1018 2488 1136 2547 interno
1152 2486 1303 2562 ejusmodi
1317 2488 1402 2563 signo
1417 2486 1529 2543 monstra·
1578 2530 1579 2547 ,

486 2588 581 2658 retur,
606 2600 710 2643 omnes
724 2585 810 2645 tacite
832 2586 926 2659 ittam,
949 2586 1124 2663 ubicunque
1144 2591 1231 2663 esset,
1255 2588 1453 2661 agnoscerent.
1466 2582 1529 2655 Eun

487 2696 585 2757 quum
606 2682 743 2761 pluribus
760 2684 845 2745 tibris
863 2704 929 2745 cam
950 2686 1039 2745 multi
1061 2686 1221 2762 denegent,
1244 2686 1335 2745 multi
1355 2688 1484 2753 noscunt,
1501 2679 1529 2737 ti·

489 2781 584 2844 cende
604 2790 651 2844 est
671 2784 892 2864 scripturarum
921 2785 1063 2848 diuinitas
1088 2802 1150 2848 non
1173 2787 1294 2847 interno
1320 2786 1420 2865 atiquo
1441 2780 1530 2847 iudicio,

487 2884 570 2960 quod
580 2901 666 2963 aque
677 2888 819 2948 omnibus
832 2895 952 2964 pateret,
968 2888 1019 2948 sett
1031 2892 1153 2949 externo
1167 2893 1361 2966 argumento,
1376 2900 1473 2963 nempe
1483 2895 1531 2940 auc·

449 3015 454 3024 ·
489 2985 618 3063 tentate,
631 2989 770 3064 cognosci
780 3005 790 3064 3
802 3005 894 3065 qnam
909 2989 1112 3050 auctoritatum
1128 2989 1181 3065 qui
1195 2995 1359 3066 respuunt,
1375 2995 1530 3063 nequaquan

488 3102 563 3148 sano
576 3093 715 3167 potomnt
734 3109 801 3152 eum
825 3091 1021 3170 divinitatem,
1044 3091 1219 3167 ubicunque
1235 3089 1289 3152 iiia
1306 3091 1364 3164 sit,
1385 3091 1530 3166 comptum

490 3187 611 3249 habore.
670 3188 675 3196 '

531 3289 563 3349 5·
583 3293 718 3352 Doctores
733 3293 846 3370 quique
859 3297 1052 3371 protestantes
1065 3291 1162 3371 stipsi
1178 3305 1260 3353 nuno
1274 3291 1417 3369 temporis
1435 3287 1532 3346 nunno

491 3389 578 3448 nulio
589 3391 707 3452 interno
720 3398 898 3468 argumento
908 3407 995 3469 posse
1007 3391 1226 3469 scripturarum
1237 3390 1424 3452 divinitatem
1433 3381 1530 3468 proun-

491 3491 694 3552 tdcirooenim
705 3493 763 3565 itti,
778 3494 855 3552 inter
865 3509 942 3568 quos
953 3491 1065 3552 eminet
1076 3491 1224 3568 singulari
1237 3491 1353 3568 ingenii
1364 3489 1531 3558 doctrineon

491 3592 582 3652 laude
601 3595 779 3671 conspicuus
798 3593 1101 3670 latagueriusnuper
1114 3592 1234 3664 cintus,
1249 3597 1282 3652 ut
1294 3607 1361 3654 earn
1381 3589 1531 3664 cincinno

491 3692 716 3764 constabiliam,
736 3697 948 3768 argumentum
973 3709 991 3752 a
1011 3691 1169 3752 traditione
1192 3691 1323 3758 «incunt,
1347 3705 1438 3766 quam
1455 3689 1534 3764 protos·

492 3791 589 3855 tan'tes
610 3809 717 3854 omnes
729 3799 883 3870 mntopere
901 3791 1129 3870 perhorrescunt
1141 3791 1193 3868 (o).
1207 3792 1274 3863 Quo
1286 3791 1402 3852 scilicet
1414 3793 1534 3860 nuuoutu

380 3964 384 3971 ⁴
492 3895 707 3970 confugissent,
728 3889 814 3969 siqua
833 3897 910 3950 e'sset
924 3892 984 3951 aliu
1000 3892 1076 3978 ratio
1093 3889 1259 3952 divinitatis
1274 3879 1532 3950 nibtiemmcnir·

393 3974 397 3983 ⁵
427 3995 431 4004 '
474 3979 796 4069 'mandassrgocto
832 4003 837 4011 ·
941 3991 946 4000 ’
1046 3991 1050 3998 ’
1200 3988 1202 3992 ’
1352 3985 1361 3996 ”
1415 3973 1419 3984 ’

533 4095 644 4156 Omitto
656 4093 739 4152 aliud
752 4091 903 4170 quoddam
916 4097 1139 4168 argumentum¹
1153 4093 1317 4166 internum,
1332 4087 1410 4168 qsrod
1433 4085 1533 4146 vocent

490 4194 592 4275 priori
603 4211 615 4252 .·
628 4199 673 4252 cst
683 4191 766 4254 enirn
777 4195 844 4270 ejus
856 4199 938 4254 tauta
948 4192 1085 4268 iutititas,
1097 4197 1129 4252 nt
1143 4192 1226 4254 nulia
1237 4199 1323 4268 egeat
1334 4187 1532 4270 impngmtioct.

493 4297 586 4354 Aiunt
603 4294 715 4355 scilicet
736 4293 862 4370 quihoc
875 4295 1054 4370 argumento
1073 4289 1213 4368 utuntur,
1231 4295 1339 4368 Deum,
1360 4305 1450 4369 quun
1467 4277 1534 4344 thur

422 4401 426 4408 ’
494 4395 604 4455 tianam
618 4395 713 4472 legem
726 4393 900 4455 hominibus
917 4393 1009 4464 dedit.
1023 4392 1152 4454 voluisse
1167 4399 1202 4452 ut
1213 4392 1277 4454 irasc
1295 4393 1341 4453 tes
1359 4383 1533 4467 conprenso·

468 4482 473 4490 ’
493 4497 551 4557 cris
564 4496 777 4568 contineretur,
793 4512 827 4556 ac
838 4510 914 4572 pura
925 4499 954 4554 et
967 4494 1078 4554 intacta
1088 4499 1230 4572 perpetuo
1240 4491 1279 4553 ab
1291 4491 1359 4554 aliis
1374 4491 1405 4552 in
1416 4485 1479 4548 nio
1488 4490 1533 4557 tri

523 4655 561 4746 (o)
576 4681 615 4738 (lt.
629 4647 811 4745 uutctrerrimos
822 4681 953 4744 latagnerti
965 4679 1039 4730 libros
1051 4695 1057 4730 :
1071 4681 1101 4730 ra
1112 4636 1278 4742 iemoionoge
1290 4679 1320 4730 dc
1338 4653 1411 4734 Dion.
1423 4667 1503 4729 suste
1516 4659 1533 4707 ¹⁰

490 4757 530 4818 {oi
544 4755 686 4806 coriticam
694 4770 705 4816 ‚·
721 4779 752 4789 -
769 4753 944 4810 authenticus
957 4753 992 4804 du
1005 4753 1129 4810 Manent
1141 4755 1299 4820 Tertnmt5
1310 4775 1341 4788 -
1361 4733 1532 4814 remissiori·

399 4859 404 4868 .
423 4851 427 4856 -
496 4828 617 4875 ⁴t’oncerrn
631 4827 781 4891 statement.
854 4845 857 4850 ·
969 4863 975 4874 ,
1013 4847 1016 4854 -
1198 4833 1203 4842 ·
