3559 5675
359 741 439 788 rnen
459 741 749 794 remansurum.
771 764 812 781 -
832 749 918 798 arma
938 747 1130 802 ancorarum.
1253 734 1314 800 det

239 845 321 907 nulla
336 849 428 910 edam
442 847 550 912 iisdem
563 849 625 926 lex,
644 851 767 914 nulium
781 855 918 918 odicium
939 856 1065 936 imponi,
1079 869 1109 920 et
1129 858 1313 924 nullumod-

239 959 340 1012 versus
350 946 470 1011 eosdem
478 950 531 1025 jus
540 951 686 1028 cuiquam
697 961 865 1032 competere
878 963 1024 1033 possunt3
1040 973 1075 1020 an
1088 957 1213 1036 proinde
1226 957 1313 1020 nulla

236 1045 310 1104 inter
328 1045 467 1108 homines
490 1049 576 1109 enini
595 1050 741 1138 religipne
758 1061 895 1116 careum
918 1059 1014 1134 potest
1035 1057 1159 1120 societas
1177 1063 1314 1120 constare

241 1144 296 1220 (dt.
310 1161 344 1208 n.
359 1146 459 1224 ¹317).

271 1247 324 1308 lli.
347 1250 451 1326 Neque
466 1248 573 1326 religio
584 1251 649 1314 ulla
661 1253 892 1318 iuterbomines
906 1257 1007 1334 rigere
1020 1257 1092 1322 siue·
1104 1257 1184 1322 cirili
1205 1264 1235 1319 et
1254 1275 1308 1337 pue

234 1346 309 1406 blica
329 1347 467 1410 sociante
485 1354 591 1427 potest.
612 1352 700 1428 Nam,
725 1360 760 1416 ut
777 1355 931 1420 evidenter
946 1361 1060 1422 mustei
1079 1373 1115 1436 ea
1134 1357 1174 1420 iis
1191 1373 1259 1436 qua
1275 1355 1312 1418 de

233 1446 341 1508 morali
363 1448 511 1514 societatis
535 1449 663 1527 publica
691 1455 867 1517 necessitate
891 1456 924 1516 in
950 1455 1029 1517 libre
1051 1457 1086 1519 ltl
1112 1456 1312 1524 dissentimus

233 1545 334 1624 (dli),
356 1548 416 1608 uisi
438 1547 557 1610 infinita
581 1551 679 1612 civilis
707 1554 936 1616 consuetudinis
955 1558 1134 1634 edjmnenta
1157 1555 1312 1622 bominem

232 1648 383 1723 docerent,
399 1647 575 1726 expolirem,
595 1651 821 1742 mufirmarent,
841 1656 1041 1734 continemus,
1057 1656 1094 1722 sd
1108 1663 1229 1722 omnem
1245 1657 1312 1721 lau-

233 1746 300 1808 dem
316 1749 451 1808 suaviter
468 1749 561 1810 simul
575 1755 606 1810 et
618 1751 724 1818 acriter
738 1752 944 1831 impellerent,
957 1755 1111 1824 erroribus
1126 1756 1179 1820 ille
1193 1772 1228 1816 ae
1238 1755 1310 1824 libi·

232 1846 357 1908 dinibus
375 1864 410 1908 ac
425 1849 505 1908 vitiis
523 1850 624 1913 omnis
639 1853 758 1928 generis
779 1853 933 1931 irretitus,
955 1856 1047 1920 vitem
1067 1862 1168 1934 ageret
1187 1871 1313 1934 prorsus

231 1946 489 2014 ierinmsimilem.
596 2013 602 2020 ,
799 2030 804 2042 ⁴
1020 2012 1024 2023 ,

269 2047 319 2120 lv.
341 2047 493 2114 Omnibus
511 2047 688 2112 bominibus
702 2050 884 2129 religionen
905 2053 1100 2130 individualis
1113 2054 1308 2130 natumsed

230 2144 349 2206 maiolis
368 2153 414 2206 ent
429 2146 565 2208 absolute
584 2153 815 2226 necmsariaea
829 2169 938 2231 nempe
951 2153 1056 2235 religio
1069 2156 1157 2231 ouius
1170 2154 1311 2230 dogmata

229 2254 257 2304 et
278 2254 429 2326 praecepta
449 2263 512 2308 non
529 2248 706 2318 individuali
729 2253 879 2328 sidusque
900 2251 1010 2317 radoni
1031 2254 1258 2330 pervestiganda
1275 2271 1311 2319 ec

229 2347 404 2408 delinienda
424 2350 650 2426 permittantur,
671 2349 722 2413 sed
742 2367 760 2409 a
781 2349 922 2429 publiea,
938 2349 1088 2429 legitime,
1107 2352 1310 2430 omnibusque

230 2449 334 2523 pervia
352 2448 524 2508 auctoritate
546 2446 748 2510 infallibiliter
765 2456 980 2529 preponantur.
998 2449 1030 2520 ld
1046 2451 1128 2522 enim
1143 2450 1310 2518 evidentia-

230 2549 307 2611 sime
330 2548 524 2624 consequitur
544 2563 581 2607 ex
600 2548 638 2607 iis
652 2566 721 2625 quos
736 2558 801 2612 tum
814 2549 852 2613 de
865 2550 1105 2632 supernaturalis
1117 2550 1310 2619 revelationis

232 2648 406 2712 nseeesitete
420 2649 452 2709 in
465 2647 545 2708 libro
555 2647 591 2722 V,
607 2653 673 2711 tum
683 2665 721 2710 ex
735 2650 774 2711 iia
785 2665 854 2727 qun
867 2650 1013 2718 marmus
1031 2652 1307 2740 protestantisntum

232 2749 263 2810 in
282 2749 341 2812 boc
357 2751 422 2828 ipso
441 2749 520 2808 libro
533 2748 766 2834 disputavimus.
790 2752 852 2817 Nisi
867 2753 950 2818 enim
971 2768 1043 2820 vers
1059 2768 1094 2818 ts
1110 2759 1190 2818 berta
1202 2753 1310 2828 mitam

228 2850 350 2930 publice
369 2850 545 2913 hominibus
565 2866 618 2928 per
639 2851 765 2914 modum
783 2854 853 2916 iacti
866 2853 1026 2931 anamim
1039 2854 1153 2923 externi
1164 2870 1199 2915 ac
1211 2854 1308 2917 mani·

224 2951 294 3015 testi
317 2951 464 3029 uadamr,
487 2958 532 3013 tot
552 2951 714 3029 religiones
737 2952 861 3015 diverses
879 2956 958 3019 iuter
978 2953 1116 3021 homines
1140 2958 1307 3029 emergent,

224 3060 303 3127 quot
321 3050 460 3113 homines
484 3051 623 3129 privatim
637 3047 674 3111 de
696 3050 844 3128 religione
859 3053 1032 3129 judicantes
1052 3052 1190 3123 aderunt,
1205 3068 1307 3139 eaqpe

223 3166 321 3229 prope
344 3165 450 3211 omnes
467 3157 497 3211 et
516 3150 600 3213 laba
619 3157 649 3211 et
667 3150 848 3214 adsalutem
867 3152 901 3211 iu
923 3150 1016 3221 altera
1038 3154 1098 3215 sita
1117 3149 1306 3231 prodendam

224 3265 355 3327 prorsus
366 3249 484 3327 ineptas.

266 3349 325 3411 llis
345 3348 436 3424 igitur
449 3348 592 3409 omuibus
614 3351 672 3413 rite
692 3348 904 3426 constabilitis,
928 3348 1127 3427 quarendum
1141 3357 1186 3411 est
1203 3356 1307 3429 uuum

221 3451 290 3511 haec
300 3449 423 3510 socialis
430 3448 538 3525 religio
546 3449 652 3513 debem
660 3468 731 3513 cum
742 3450 844 3516 sociali
853 3449 960 3523 ordine
970 3448 1138 3529 temporali,
1151 3464 1204 3511 seu
1217 3450 1305 3525 laico,

220 3549 398 3629 permisceri
421 3558 451 3609 et
469 3550 556 3626 quasi
568 3550 728 3625 conlundi,
743 3551 785 3609 ita
804 3557 838 3611 ut
851 3566 887 3610 ee
908 3548 975 3611 talis
997 3550 1098 3613 lutura
1111 3550 1161 3627 sit,
1184 3549 1306 3629 qualern

219 3650 325 3713 civilis
337 3650 462 3711 maistas
482 3648 626 3726 voluerit;
650 3656 755 3711 utrum
767 3650 881 3711 scilicet
894 3652 1056 3713 auctoritas
1070 3648 1220 3727 religiosa,
1244 3652 1306 3713 nise

220 3750 442 3824 ecclesiastica,
460 3749 493 3809 in
506 3748 611 3810 eadem
628 3765 756 3827 persona
767 3765 803 3812 ex
817 3750 861 3809 rei
880 3756 989 3811 natura
1002 3746 1050 3811 sel
1061 3764 1098 3807 ex
1111 3748 1214 3811 divine
1225 3750 1307 3810 ordi·

220 3852 351 3913 natione
371 3849 510 3924 resideat,
534 3857 625 3927 aspare
644 3850 805 3911 auotoritas
824 3849 936 3923 uirilis,
951 3862 1006 3920 sau
1025 3848 1196 3926 temporalis
1202 3865 1213 3927 ;
1233 3866 1308 3927 ans

219 3951 378 4011 wutrario
398 3952 523 4010 coelebs
549 3950 693 4025 religiosa
711 3950 841 4025 ejusque
860 3947 983 4027 propria
995 3948 1166 4017 ,auctoritas
1189 3948 1251 4007 sint
1271 3964 1306 4009 ex

218 4050 339 4113 divinis
354 4050 480 4127 juribus
498 4049 586 4128 piam
608 4049 755 4110 disbnetar
778 4050 952 4112 aseciense
966 4054 999 4123 et
1014 4048 1191 4115 aucuritate.
1212 4048 1308 4125 laicis,

217 4160 316 4229 atque
325 4150 375 4209 bis
384 4152 474 4213 etiam
484 4150 714 4210 laicissocietate
727 4156 757 4209 et
766 4148 940 4209 austeritate
952 4136 1012 4209 sint
1023 4162 1060 4207 ar
1069 4145 1177 4208 iisdem
1188 4148 1308 4225 juribus

217 4249 416 4331 superiores,
425 4252 466 4310 ita
486 4258 519 4309 ut
532 4250 716 4311 auctoritatis
726 4248 813 4309 illius
824 4244 971 4323 religiosas
985 4245 1131 4337 divinitus
1143 4247 1308 4307 mentitum

211 4356 321 4429 juset
340 4350 473 4411 silicium
490 4351 532 4410 ait
546 4349 741 4429 temporalem
759 4345 931 4411 societatem
953 4347 1080 4425 siamus
1102 4347 1307 4411 crebritatem

216 4454 345 4526 lainam,
357 4452 390 4512 iu
399 4451 504 4511 ordine
513 4449 655 4526 religioso
664 4447 943 4525 universo,actioue
954 4462 1077 4529 prorsus
1088 4446 1308 4525 independente

217 4556 407 4632 gubernare.
421 4586 458 4599 -
470 4553 622 4615 Periaeiiis
634 4552 746 4613 borum
757 4551 897 4611 omnium
910 4548 1069 4628 explicatio
1081 4556 1138 4625 est,
1150 4556 1308 4628 postquam

220 4656 354 4717 firmius
375 4671 411 4717 aa
432 4655 590 4735 perspicua
612 4652 647 4713 in
666 4650 872 4733 superioribus
899 4648 1044 4730 principia
1063 4648 1126 4711 buc
1145 4650 1309 4729 spectantia

220 4754 396 4841 posuimus.
412 4757 454 4819 lte
465 4753 595 4837 duplicis
607 4768 678 4831 sepo
690 4751 777 4813 iliius
787 4748 936 4813 somniatis
950 4753 981 4811 et
993 4748 1178 4811 auctoritatis
1185 4748 1308 4815 dama
