3559 5675
470 762 530 827 llll
796 794 799 801 ,
881 776 960 821 auars
981 772 1141 819 aaronitas
1256 723 1280 767 ¹

472 886 612 957 timendi,
632 902 669 946 ne
684 902 757 963 gens
776 902 810 946 ea
829 884 955 961 devicta,
971 883 1072 943 statim
1087 887 1177 958 atque
1190 886 1313 958 acceptae
1329 877 1413 939 cladis
1425 878 1512 939 datiana

471 983 527 1044 stoi
540 982 734 1060 resarciverit,
743 997 834 1042 novas
845 982 973 1057 injurias
981 996 1150 1057 novamque
1159 979 1377 1057 aggressionem
1388 977 1511 1036 moliatur.

470 1084 629 1145 Tuucvero
638 1080 819 1161 periculum,
830 1080 965 1158 adeoque
978 1087 1089 1156 metus,
1098 1079 1247 1140 societatis
1261 1078 1384 1139 insontis
1398 1084 1513 1153 estgrare

470 1181 599 1261 malum,
617 1180 698 1260 quod
713 1198 731 1242 a
749 1182 880 1243 madonis
899 1180 1033 1241 nocentis
1051 1180 1142 1259 culpa
1164 1179 1291 1239 nascitur
1300 1194 1311 1254 3
1333 1178 1409 1254 quod
1422 1177 1514 1236 malum

472 1282 585 1343 nationi
600 1278 709 1341 insonti
720 1289 862 1359 perpetuo
873 1280 1039 1353 incumbet,
1055 1278 1203 1357 quamdiu
1214 1278 1294 1338 natio
1307 1293 1515 1353 nocens‚quam·

472 1383 518 1443 vis
531 1379 658 1456 devicta,
680 1382 727 1441 sui
742 1387 843 1441 tamen
856 1380 935 1458 juris
948 1397 1012 1440 esse
1027 1385 1128 1459 perget
1138 1396 1173 1439 ac
1185 1396 1312 1439 suarum
1325 1378 1464 1437 actionum
1475 1376 1517 1437 do

472 1483 566 1543 mina.
579 1482 657 1558 Ergo
671 1480 707 1541 de
718 1480 863 1540 nationali
873 1480 968 1557 hujus
978 1479 1082 1558 populi
1093 1480 1226 1540 nocentis
1234 1478 1456 1557 independeutia
1465 1481 1517 1537 tuuc

472 1582 581 1660 egitur,
598 1588 753 1659 tamquam
764 1579 800 1639 de
813 1581 939 1640 materia
951 1580 1043 1657 juris,
1057 1579 1139 1657 quod
1153 1578 1206 1639 ille
1220 1578 1343 1657 quidem
1356 1578 1411 1637 sibi
1423 1594 1518 1638 coner·
1576 1653 1577 1656 Ἴ

472 1690 575 1743 vatum
587 1682 659 1753 vult,
669 1681 799 1760 populus
808 1666 878 1741 vero
888 1681 1004 1755 insons,
1014 1680 1210 1756 abscissus,
1221 1678 1367 1758 impedire
1376 1678 1519 1739 acrinculis

472 1780 657 1857 obstringere
678 1780 849 1840 meditatur.
871 1780 1010 1840 lamvero
1024 1778 1216 1837 manifestum
1229 1783 1276 1837 est
1292 1778 1326 1837 in
1339 1778 1390 1838 tali
1401 1792 1463 1837 casu
1480 1793 1520 1835 na

475 1881 563 1940 tionis
582 1880 708 1941 insontis
726 1883 779 1957 jue
801 1880 927 1940 omniuo
947 1879 1077 1940 validius
1097 1896 1163 1939 esse
1187 1880 1282 1956 :quia
1301 1877 1367 1939 haec
1386 1886 1487 1939 cenum
1501 1884 1522 1935 ct

475 1980 626 2054 integrum
639 1977 728 2037 halet
733 1980 785 2053 jus
799 1979 1001 2039 existentiaet
1012 1978 1179 2037 securitatis
1189 1994 1251 2039 suae
1262 1978 1294 2036 in
1307 1982 1376 2037 tuto
1389 1976 1521 2056 ponenda3

475 2077 556 2137 natio
570 2092 641 2137 aero
661 2092 771 2137 trecens
790 2077 958 2156 periculum
980 2082 1010 2136 et
1027 2092 1150 2154 gravem
1165 2076 1253 2136 illum
1264 2080 1382 2137 metum
1396 2074 1524 2152 suaculpa
1576 2127 1577 2134 ,

475 2174 560 2236 alteri
575 2177 656 2251 genti
675 2175 792 2235 creavit.
818 2176 897 2252 Ergo
916 2175 954 2234 ob
971 2174 1049 2235 hanc
1063 2173 1246 2253 culpamjus
1266 2175 1398 2236 nationis
1418 2173 1524 2234 nooemis

475 2276 672 2335 imminutum
680 2274 815 2353 esstote)
821 2282 932 2353 ;atque
941 2275 1050 2336 idcirco
1058 2274 1139 2336 natio
1149 2276 1263 2354 insons,
1272 2274 1523 2351 victoriamadepta,

474 2376 624 2455 optimum
642 2378 695 2453 jus
713 2374 803 2435 habet
816 2390 851 2435 ee
867 2374 989 2435 vincola
1008 2374 1121 2435 nationi
1142 2377 1260 2437 nocenti
1276 2377 1462 2456 imponendi,
1475 2390 1524 2453 qne

476 2478 536 2536 sint
549 2476 716 2536 necessaria
731 2474 768 2533 ad
787 2480 959 2553 potestatem
974 2476 1084 2535 iterum
1100 2475 1228 2536 nocendi
1242 2473 1289 2536 illi
1306 2477 1497 2537 adimendam.
1576 2517 1577 2522 κ

516 2576 605 2635 lattl.
621 2576 753 2635 Conott.
775 2607 810 2619 -
827 2576 954 2635 l'incula
966 2576 1033 2650 ista,
1047 2575 1159 2652 quibus
1172 2577 1296 2637 facultas
1310 2577 1413 2638 denuo
1426 2574 1526 2638 nocendi

476 2674 621 2735 adimitur
635 2674 749 2733 nationi
764 2673 902 2752 subacta,
915 2674 1045 2754 duplicis
1055 2676 1172 2751 generis
1189 2683 1272 2754 sunt,
1288 2678 1416 2739 moralia
1428 2684 1455 2738 ct
1469 2676 1527 2755 plap-

477 2776 546 2835 aica.
563 2774 690 2834 Vincula
699 2772 826 2834 moralia
840 2780 913 2834 sunt
924 2775 988 2851 illa,
1006 2776 1118 2854 quibus
1132 2774 1311 2851 voluntates,
1322 2784 1447 2849 mentes,
1461 2775 1526 2835 utili·

477 2883 550 2936 tates
573 2873 704 2934 nationis
725 2873 847 2934 devicte
869 2875 912 2966 sic
933 2874 1109 2950 alligantur,
1130 2882 1163 2935 ut
1183 2875 1297 2936 nationi
1318 2877 1433 2936 victrici
1446 2891 1527 2935 ocare

478 2975 617 3053 deinceps
628 2991 663 3038 aa
673 2973 757 3034 nolit.
771 2973 897 3034 Vincula
909 2973 1030 3052 physica
1046 2981 1118 3034 suut
1128 2974 1181 3033 illa
1192 2974 1304 3051 quibus
1318 2975 1431 3056 populo
1440 2975 1528 3034 devicto

477 3075 555 3136 vires
568 3073 697 3152 physice
712 3072 759 3133 rel
770 3079 989 3152 emunguntur,
1006 3072 1054 3133 rel
1064 3081 1252 3134 macerantur
1267 3075 1319 3151 ita,
1335 3082 1372 3134 ut
1386 3089 1527 3151 nocerepo

477 3175 550 3252 pulo
563 3173 666 3234 victori
680 3189 754 3250 gens
768 3171 1238 3250 devicta‚quantun1visidvolit,
1254 3173 1319 3250 jam
1331 3182 1467 3252 nequeat.

518 3275 582 3333 lam
602 3272 729 3332 vinculis
748 3271 914 3332 moralibus
939 3270 1099 3350 dupliciter
1117 3278 1213 3352 potest
1232 3274 1315 3331 uatio
1329 3273 1445 3334 devicta
1461 3287 1529 3331 coro-
1576 3292 1577 3311 1

480 3373 581 3448 talogi,
597 3371 710 3430 scilicet
722 3371 769 3430 vel
784 3369 893 3430 directe
915 3371 1083 3430 voluntates
1096 3371 1215 3447 legibus
1225 3371 1399 3448 obligando,
1412 3373 1456 3432 ael
1469 3369 1529 3430 iuli·

480 3479 555 3530 reete
584 3469 751 3530 voluntates
773 3470 810 3530 ad
829 3471 950 3546 justum
971 3478 1060 3547 atque
1088 3469 1247 3530 honestum
1272 3469 1463 3548 inflectendo,
1482 3477 1529 3526 turn

477 3568 601 3649 judiciis
619 3569 777 3642 castigatis,
794 3573 859 3627 tum
877 3568 1055 3626 utilitatibus
1069 3570 1201 3628 mutatis.
1224 3569 1290 3629 latu
1304 3571 1404 3648 prima
1418 3570 1466 3629 illa
1482 3582 1530 3626 mo·

480 3671 552 3732 ralis
574 3669 760 3730 coercitionis
775 3669 848 3728 ratio
862 3669 1004 3748 supponit
1022 3669 1060 3728 alr
1079 3675 1206 3745 utraque
1226 3671 1365 3746 natione,
1387 3669 1493 3729 rictrire
1512 3671 1530 3719 et
1576 3654 1577 3733 l

480 3769 678 3844 devictarum
687 3769 811 3828 moralis
822 3769 948 3844 vinculi,
952 3771 1034 3845 J'uris
1044 3785 1154 3846 nempe
1164 3777 1252 3845 atquc
1263 3768 1365 3843 officii,
1379 3771 1531 3843 aeriterper·
1576 3748 1577 3835 Ῐ

480 3869 595 3930 sentiri.
620 3869 807 3945 Quapropter
826 3884 922 3944 genus
936 3867 993 3929 hoc
1015 3869 1126 3928 vinculi
1148 3871 1388 3930 internetionalis
1402 3867 1530 3950 proprium

481 3975 525 4028 est
537 3984 643 4029 earum
657 3969 804 4044 gentium,
826 3983 895 4045 quaa
911 3968 990 4027 cirili
1005 3985 1125 4028 morum
1139 3969 1256 4030 cultura
1267 3977 1358 4046 atque
1370 3967 1530 4029 immanitate
1576 4044 1577 4055 ἵ

480 4076 631 4150 prestent.
653 4067 823 4128 istiusmodi
837 4083 969 4143 namque
979 4068 1160 4148 populorum
1175 4072 1330 4149 proprium
1344 4079 1389 4131 est
1402 4067 1482 4128 tidem
1496 4064 1531 4119 itt·

483 4169 721 4246 ternetionalem‚
742 4183 810 4245 quae
822 4169 898 4246 pacti
913 4170 1120 4246 cujuscunque
1135 4186 1169 4229 ac
1182 4171 1303 4229 laederis
1325 4170 1530 4231 fundamentum

481 4275 537 4344 est,
559 4275 702 4346 unquam
720 4268 1010 4346 primum-humane
1021 4271 1166 4332 societatis
1180 4271 1374 4349 principium,
1388 4271 1531 4330 consulter
1576 4268 1577 4305 l

480 4371 588 4444 vereri,
601 4371 800 4444 intactamque
815 4385 940 4430 serrare.
1327 4392 1329 4396 ·

520 4467 621 4528 Altera
642 4465 764 4526 moralis
784 4469 896 4528 vinculi
909 4470 995 4542 ratio,
1016 4486 1083 4546 quae
1099 4473 1130 4529 in
1145 4471 1270 4548 judiciis
1291 4473 1421 4534 nationis
1433 4467 1529 4529 certate

480 4567 658 4642 castigandis
679 4567 825 4644 consistit,
850 4571 991 4648 supponit
1011 4572 1169 4632 mauilcste
1191 4573 1304 4632 nationi
1320 4573 1429 4633 victrici
1442 4572 1530 4628 certam

482 4666 615 4727 veritatis
629 4669 848 4744 possessiouem
870 4671 984 4745 adesse,
1007 4687 1041 4730 ac
1055 4683 1211 4749 propterea
1234 4674 1317 4733 illam
1341 4673 1530 4732 detricarent
1576 4682 1577 4719 t

481 4781 578 4848 We
593 4769 668 4846 ‘1¹1¹ss
682 4771 780 4848 major
793 4770 898 4850 populi
911 4771 1016 4832 devicti
1034 4789 1105 4854 pars
1124 4791 1215 4836 novas
1227 4775 1384 4851 doctrinas,
1399 4786 1460 4858 que
1469 4759 1528 4842 apud
