3559 5675
482 728 542 791 lii
890 744 969 789 tusis
989 744 1150 791 sannaus

482 852 634 913 societates
646 848 840 929 particulares
853 848 1105 927 subornantibus,
1115 850 1261 911 utilitates
1272 850 1352 925 illas,
1363 866 1434 928 quas
1443 851 1528 929 privati

483 950 594 1013 aoivili
609 949 746 1011 societate
761 947 920 1030 hauriunt,
935 951 1041 1014 aliene
1058 952 1162 1033 possit.
1179 954 1214 1013 lo
1227 952 1310 1013 civili
1322 967 1448 1029 namque
1458 952 1530 1011 socie

483 1056 541 1113 tate
563 1049 705 1127 dignitas,
727 1050 825 1111 laudis
850 1068 946 1125 amor,
968 1054 1110 1129 amicitia,
1133 1052 1257 1115 familia
1277 1068 1362 1127 cura,
1380 1058 1409 1112 et
1426 1052 1533 1131 plurima

483 1152 577 1227 hujus
598 1150 717 1227 generis
730 1150 792 1211 alia
805 1151 907 1212 studia
926 1153 1047 1225 adsunt,
1061 1169 1130 1230 qua
1143 1169 1217 1214 sane
1235 1159 1404 1215 constanter
1414 1152 1533 1224 eliciant,

482 1255 517 1311 ut
528 1249 705 1311 individuas
718 1250 819 1327 quivis
837 1250 931 1312 homo
951 1253 1071 1331 publica
1089 1254 1231 1333 opinione
1248 1252 1443 1328 contueatur,
1454 1256 1534 1311 omo

483 1348 578 1409 ralem
592 1350 659 1425 eiua
672 1348 885 1409 conscientiam
899 1366 1032 1430 persaepe
1044 1352 1236 1413 vacillantem
1251 1356 1434 1423 sustentant,
1447 1348 1535 1408 dorni·

483 1452 597 1507 uniam
609 1448 749 1508 sariunt.
763 1448 830 1509 lam
841 1449 962 1527 publiea
972 1450 1036 1511 hac
1044 1450 1160 1529 opinio,
1173 1450 1315 1527 quamvis
1324 1448 1406 1527 apud
1416 1448 1535 1527 prinninas

484 1546 616 1609 multum
638 1547 747 1621 valeat,
770 1548 832 1607 vim
855 1553 957 1611 umen
971 1551 1133 1610 masuram
1155 1548 1188 1610 in
1209 1546 1277 1609 illos
1297 1548 1396 1607 multo
1416 1548 1535 1606 minoren

485 1644 585 1723 habet,
600 1664 693 1724 quarn
704 1649 737 1707 in
751 1648 883 1725 privatos
898 1650 988 1722 cives,
1005 1649 1162 1727 multoque
1176 1651 1279 1709 minus
1290 1648 1442 1709 evidenter
1453 1646 1485 1707 alt
1495 1645 1538 1705 illis

483 1760 603 1823 quamn
619 1748 742 1824 privatis
753 1748 881 1822 civibus,
891 1749 1078 1828 perspicitur.
1092 1752 1129 1810 tt
1138 1748 1265 1823 vero,atl
1277 1748 1443 1827 prinoipem
1454 1762 1539 1823 quem
1582 1817 1583 1822 γ

485 1846 565 1922 piam
590 1847 669 1907 male
692 1848 911 1924 gubernantem
933 1849 1158 1925 corrigentium,
1180 1846 1219 1908 ad
1240 1849 1374 1908 aliorum
1399 1846 1540 1925 principun

486 1944 601 2006 honum
616 1946 751 2023 regimen
766 1946 1004 2007 conservandum
1023 1953 1054 2008 et
1069 1946 1308 2025 promovendum
1331 1944 1543 2026 prolecto-pluri·

486 2060 571 2105 mum
585 2046 696 2105 valeret
709 2046 856 2107 societatis
869 2046 1065 2108 othnarclricm
1081 2047 1239 2109 mosensio
1253 2047 1287 2106 in
1299 2046 1469 2125 principun
1480 2043 1541 2103 vitiis

485 2144 701 2223 vituperandis,
732 2147 895 2206 virtutibus
925 2146 1098 2221 lancinatis,
1129 2145 1338 2226 imprudentia
1370 2142 1541 2207 commonete·

485 2241 606 2318 cienda,
629 2242 804 2305 fortitudine
825 2246 1085 2316 commendanda;
1111 2244 1282 2326 plurimum
1303 2246 1398 2317 etiam
1419 2244 1542 2323 prodesset

487 2348 595 2403 mutua
608 2343 779 2423 principum
794 2344 959 2419 amulatio,
972 2347 1095 2425 optimis
1109 2344 1246 2406 consiliis
1258 2345 1464 2423 exemplisque
1474 2344 1541 2402 socia

486 2438 567 2502 libus
581 2442 669 2518 lulla,
684 2444 717 2503 iu
730 2460 855 2504 suorum
877 2444 1069 2507 subditorum
1090 2445 1234 2506 felicitate
1253 2445 1418 2521 diligenter
1437 2443 1542 2504 miluc

486 2558 546 2618 que
558 2542 752 2619 procuranda.
774 2544 976 2618 Postremum,
997 2542 1061 2605 hae
1081 2544 1186 2605 eadem
1208 2545 1254 2605 vis
1274 2543 1476 2605 associationis
1495 2540 1541 2600 eti

487 2638 634 2701 narohicao
659 2640 822 2701 utilissima
851 2642 908 2702 crit
931 2644 1069 2721 potestati
1092 2643 1296 2705 deliberativa
1329 2645 1542 2718 unionujasour

487 2739 626 2817 nationis,
651 2740 704 2801 ubl
727 2740 765 2801 ad
788 2742 888 2803 madia
911 2744 1091 2819 cognitionis
1114 2744 1207 2804 luerit
1230 2742 1383 2822 applicata
1394 2768 1404 2821 ;
1425 2739 1543 2803 voluntati

487 2839 559 2898 item
580 2841 680 2900 sociali
704 2849 732 2902 et
756 2843 913 2918 regiminis
941 2843 1079 2905 efficacias
1099 2843 1269 2921 plurimum
1291 2845 1438 2925 proderit,
1456 2844 1501 2902 ubi
1517 2839 1542 2898 al
1583 2849 1584 2928 p

488 2938 586 3000 morlia
600 2938 794 3017 legislationis
806 2947 836 3002 et
847 2945 1048 3004 emeoutiouis
1061 2943 1243 3022 perficienda
1257 2943 1449 3005 adhiheatur.

527 3039 658 3101 Cornan
677 3045 708 3101 l.
728 3071 767 3086 -
786 3041 984 3103 lithnarolrioa
1006 3045 1164 3105 associatio
1184 3044 1362 3106 felicitatem
1385 3041 1543 3120 singularum

487 3139 645 3199 nationum
659 3141 896 3201 consociatarum
909 3142 1124 3220 promovendo,
1137 3150 1227 3220 auget
1240 3146 1332 3204 etiam
1348 3146 1382 3204 in
1395 3157 1492 3204 earum
1502 3141 1544 3200 sir

487 3234 569 3312 gulis
591 3234 828 3298 multitudinem·
849 3239 1034 3316 incolarum,
1057 3257 1126 3322 qtra
1154 3257 1275 3322 semper
1295 3248 1344 3304 est
1367 3238 1544 3303 materialibus

488 3338 636 3412 cujusque
658 3337 788 3410 regionis
801 3337 910 3417 opibus
932 3341 1162 3418 proportionalis
1183 3343 1302 3421 (tout).
1316 3343 1388 3404 lam
1408 3342 1544 3403 maruno

489 3431 682 3494 multitudino
695 3439 779 3494 aucta
791 3437 827 3494 in
836 3453 1020 3514 unoquoque
1032 3439 1154 3518 populo,
1171 3441 1312 3519 ejusdem
1327 3442 1434 3522 populi
1446 3445 1546 3515 augelis

488 3531 596 3608 pariter
609 3533 654 3590 vis
667 3535 837 3611 expansiva,
852 3551 914 3610 qua
931 3536 983 3596 ille
1003 3538 1149 3599 nuditati
1169 3556 1235 3602 sese
1248 3541 1281 3601 in
1295 3541 1374 3603 alias
1393 3547 1478 3620 atqm
1494 3537 1545 3598 alu

487 3635 594 3702 terras,
606 3631 712 3691 vicinis
723 3635 886 3694 successive
900 3635 1075 3711 regionibus
1086 3638 1250 3717 occupatis,
1263 3639 1455 3702 dilatandum
1466 3660 1473 3698 :
1486 3633 1544 3695 unde

487 3725 551 3801 list,
571 3735 606 3788 ut
625 3745 721 3792 novus
741 3731 813 3791 iude
836 3732 922 3792 illius
942 3749 1013 3794 oum
1034 3737 1140 3798 vicima
1162 3739 1284 3818 populis
1305 3749 1470 3818 contaetus,
1491 3747 1543 3796 nott

488 3829 676 3906 commercia,
693 3830 837 3891 oriantur.
850 3833 950 3894 Novus
964 3841 1066 3895 autam
1080 3837 1129 3897 hio
1146 3855 1251 3900 earum
1269 3844 1410 3918 gentium
1422 3841 1542 3902 nonnos<

487 3928 642 4006 positivam
666 3931 744 3992 inter
766 3932 834 3992 illas
857 3936 1084 3998 associationem
1105 3941 1185 4018 parit
1205 3942 1324 4019 (taus),
1337 3949 1429 4020 atque
1448 3938 1543 4000 cunc·

487 4027 586 4088 chiam
604 4028 696 4088 latius
707 4045 741 4092 as
752 4030 841 4092 latius
855 4041 1007 4112 propagat.
1030 4036 1233 4100 Ethoarohioa
1246 4041 1341 4117 igitur
1355 4039 1543 4110 manculopu

487 4139 519 4186 sc
534 4126 606 4188 illuc
624 4129 730 4204 tendit,
745 4136 779 4190 ut
792 4131 927 4192 nationes
947 4149 1066 4210 omnes,
1087 4154 1140 4215 per
1158 4154 1281 4200 ornnem
1305 4147 1453 4202 terrarum
1464 4135 1541 4198 orion

487 4226 643 4305 dispersas,
658 4229 738 4289 unde
749 4229 919 4294 humanum
931 4249 1030 4308 genus
1042 4238 1221 4298 universum
1234 4243 1439 4320 componitur,
1453 4231 1541 4297 inuti·

487 4341 553 4386 cam
574 4327 853 4391 Pometoaorcltinm
876 4341 1037 4410 congreget
1054 4341 1145 4414 atquo
1164 4342 1351 4417 conjungat3
1365 4331 1541 4418 quoquina

488 4427 635 4487 moiotatis
646 4425 787 4491 humanm
801 4447 944 4510 suprema
958 4435 1098 4512 perfectio
1110 4443 1167 4498 ost.
