3559 5675
532 748 638 793 smine.
664 770 701 781 -
724 752 807 797 rrum
830 750 1018 798 buottscntos'.
1264 740 1318 801 stt

282 860 386 935 Neque
399 855 502 916 miuus
513 862 558 916 est
573 858 748 937 perspicuus
763 860 938 919 eommdem
954 876 1045 933 error,
1066 876 1162 939 quum
1175 865 1322 936 metuunt,

245 960 269 1021 si
285 957 423 1037 Episcopi
437 962 508 1017 sunt
521 972 590 1018 rere
612 965 641 1018 et
654 960 772 1038 proprie
788 960 919 1037 judices,
942 962 1036 1021 teneri
1060 962 1231 1023 Pontificem
1259 964 1320 1024 ltc-

243 1077 369 1121 maunm
383 1058 507 1119 decretis
529 1058 743 1138 Episcopornm
766 1061 972 1139 acquiescere;
997 1067 1061 1135 aut,
1084 1061 1109 1122 si
1130 1062 1161 1123 id
1182 1068 1320 1142 negatur,

243 1160 367 1221 inutiles
378 1159 467 1238 plane
478 1174 542 1219 esse
557 1159 772 1239 Episcopornm
788 1160 826 1222 de
837 1158 908 1222 fidei
923 1178 1104 1241 morumque
1121 1162 1254 1224 doctriua
1264 1162 1318 1223 de-

241 1261 445 1335 liberationes,
455 1274 533 1320 rsna
548 1260 672 1320 illorum
690 1260 819 1339 decreta,
837 1278 937 1340 neque
947 1261 1043 1321 ullam
1057 1278 1180 1323 cansam
1192 1262 1322 1343 amplius

240 1378 407 1443 superesse,
423 1376 592 1423 cuneorum
606 1360 733 1422 concilia
746 1368 977 1440 congregentur.

282 1466 363 1540 llaec,
379 1462 517 1540 inquam,
530 1462 634 1522 omnia
645 1480 682 1523 ex
694 1462 798 1523 eadem
818 1462 973 1543 pullulant
986 1480 1088 1525 rerum
1101 1462 1321 1542 verborumque

239 1564 425 1641 contusione,
447 1578 539 1641 quam
562 1562 650 1623 modo
666 1562 844 1624 indicabam.
869 1566 943 1625 Nam
963 1566 999 1624 l..
1012 1566 1037 1625 si
1061 1565 1197 1645 Episcopi
1222 1570 1322 1627 essent

237 1666 357 1743 judices
369 1662 472 1723 ultimi
483 1668 513 1724 et
531 1661 724 1742 rirsullr'btles,
745 1681 849 1725 eornm
865 1666 970 1743 ntique
983 1665 1108 1727 decretis
1128 1682 1250 1745 prorsus
1271 1682 1321 1727 ac-

240 1766 395 1841 quiescere
407 1761 541 1823 l‘ontilex
555 1762 708 1823 Romanus
720 1768 883 1825 teneretur.
896 1766 945 1839 nt,
957 1782 1052 1843 quum
1065 1764 1110 1826 illi
1124 1767 1183 1827 sint
1196 1764 1319 1844 quidem

235 1864 366 1941 judices,
382 1860 433 1923 scd
450 1878 506 1923 nec
520 1861 621 1921 ultimi
637 1878 693 1921 uec
715 1861 901 1940 infallibiles,
922 1880 1027 1925 corum
1041 1864 1158 1926 decreta
1178 1866 1320 1927 essentia-

237 1966 306 2024 liter
318 1963 432 2041 judicio
443 1962 572 2023 Romani
584 1962 751 2022 Protarcbae
764 1963 898 2042 subjecta
910 1980 974 2025 esse
987 1963 1108 2026 debent.

280 2066 318 2125 tl.
334 2066 436 2141 Neque
449 2062 558 2123 idcirco
571 2064 655 2123 omni
666 2064 696 2123 ri
710 2070 810 2125 carent
828 2066 1043 2147 Episcopornm
1057 2066 1088 2126 in
1103 2068 1233 2145 singulis
1246 2067 1319 2131 dioe·

238 2164 359 2226 casibus
372 2163 500 2224 decreta.
513 2161 547 2223 ld
557 2163 639 2224 cuim
651 2163 823 2241 cuicunque
836 2163 1017 2226 deutarchiae
1028 2182 1188 2228 commuue
1203 2172 1258 2247 est,
1273 2174 1318 2248 ut,

239 2282 309 2343 qna
316 2264 431 2324 fuerint
452 2264 490 2324 ab
505 2263 559 2324 illa
575 2263 609 2323 in
621 2263 795 2343 particulari
815 2266 881 2341 ejus
896 2266 1044 2327 consortio
1054 2266 1189 2343 judicata
1203 2274 1232 2329 et
1246 2285 1319 2328 san-

238 2366 309 2436 cita,
325 2363 446 2443 plenam
460 2364 523 2423 rim
547 2362 583 2424 ad
607 2362 742 2424 subditos
756 2362 932 2441 obligandos
954 2364 1096 2441 habeant,
1119 2367 1213 2428 donec
1232 2365 1285 2427 illa
1304 2384 1322 2428 u

237 2466 396 2543 superiore
407 2466 593 2543 anctoritate,
606 2466 631 2525 si
646 2464 819 2545 oportuerit,
832 2462 1052 2525 rescindantur.
1064 2466 1198 2545 Amplior
1209 2468 1319 2545 quippe

235 2564 363 2625 societas
377 2563 463 2624 nulla
482 2563 644 2641 gubernant
665 2568 780 2642 potest,
800 2564 860 2625 nisi
879 2564 1048 2626 deuterohar
1070 2564 1183 2643 singuli
1205 2564 1323 2627 valeant

233 2666 373 2729 subditos
384 2684 455 2728 suos
469 2668 503 2727 in
516 2666 646 2745 singulis
660 2666 817 2728 consortiis
832 2664 991 2728 efficaciter
1004 2666 1147 2746 obligare.
1165 2666 1316 2743 Attamen,

236 2770 295 2830 boc
306 2770 373 2848 ipso
386 2767 468 2846 quod
479 2767 714 2828 deutarubamm
728 2769 888 2828 auctoritas
907 2783 969 2827 non
983 2770 1028 2827 est
1043 2783 1193 2848 suprema,
1204 2768 1319 2829 'debent

237 2887 346 2932 eorum
360 2869 477 2930 decreta
490 2885 608 2950 semper
629 2885 715 2948 posse
738 2867 774 2928 ad
799 2867 966 2931 Promona
979 2867 1130 2948 judicium
1155 2871 1265 2947 vocari,
1281 2869 1318 2931 ab

236 2987 345 3048 eoque,
360 2971 386 3029 si
397 2968 543 3050 expediat,
556 2967 705 3029 infirmari
717 2972 748 3028 et
755 2965 895 3028 rescindi.

277 3073 329 3130 lll.
343 3070 476 3131 Consilia
486 3085 558 3131 iero
576 3069 788 3147 Episcopomm
806 3067 958 3147 generalia
969 3074 1041 3128 snnt
1055 3083 1126 3129 sane
1140 3086 1192 3148 per
1206 3086 1238 3129 se
1253 3069 1318 3148 ipsa

234 3170 402 3230 utilissima
414 3175 444 3230 et
464 3168 646 3247 quandoque
664 3166 701 3228 ad
722 3164 859 3228 Ecclesia
874 3181 977 3246 pacem
991 3167 1239 3246 concordiamque
1257 3185 1318 3230 res·

238 3270 419 3331 taurandam
442 3270 530 3350 plane
543 3267 721 3343 necessaria,
736 3267 876 3345 quamvis
897 3283 1002 3326 eornm
1019 3265 1169 3344 Jndicium
1193 3269 1319 3330 minime

239 3372 280 3431 sit
294 3387 349 3450 per
360 3388 393 3432 se
406 3369 552 3430 ultimum
565 3375 594 3430 et
606 3366 833 3444 irreformabile,
845 3371 1006 3446 autequam
1019 3367 1094 3428 illud
1109 3368 1237 3429 Romani
1251 3371 1320 3430 Pro·

240 3471 352 3534 tarcba
374 3471 548 3551 approbatio
562 3467 793 3531 confirmaverit.
816 3468 923 3546 lgitur,
938 3469 1054 3530 tametsi
1077 3468 1169 3530 nnius
1192 3469 1320 3530 Romani

238 3573 393 3638 Pontificis
404 3572 555 3651 judicium
567 3571 607 3630 sit
619 3569 829 3649 perseipsum
842 3569 876 3629 in
889 3584 979 3630 cansa
993 3567 1062 3629 lrdei
1076 3585 1254 3646 morumque
1269 3569 1319 3630 lir-

238 3675 415 3736 missimum
430 3678 460 3732 et
478 3669 677 3749 immutabile,
690 3673 822 3732 attamen
833 3666 898 3730 bno
912 3669 1102 3748 potissimum
1114 3669 1173 3730 tria
1184 3685 1319 3731 commo-

236 3777 352 3840 dorum
373 3790 483 3853 genera
502 3773 540 3834 ab
561 3771 684 3851 synodis
705 3769 898 3833 oecumenicis
922 3771 954 3830 in
976 3769 1138 3831 Ecclesiam
1161 3769 1318 3850 provenire

235 3877 352 3938 rideo:

282 3975 344 4035 t·-
362 3973 479 4036 Snmmi
495 3971 646 4035 Pontificio
658 3973 749 4036 fidem
768 3987 802 4032 ac
817 3969 984 4030 doctrinam
998 3967 1052 4028 illa
1063 3967 1095 4026 in
1114 3970 1320 4030 controversiis

235 4077 421 4139 deliniendis
437 4079 556 4154 juvant.
574 4077 677 4152 Neque
691 4075 774 4136 euim
793 4070 944 4152 putandus
956 4074 1000 4130 est
1015 4069 1170 4128 Romanus
1186 4067 1320 4128 Pontifex

234 4179 275 4242 ad
289 4178 472 4240 seutentiam
487 4178 521 4236 in
543 4174 761 4254 questionibus
781 4171 851 4246 fidei
876 4169 1076 4232 infallibiliter
1100 4165 1250 4229 terendum
1279 4167 1320 4228 itc

233 4297 306 4342 esse
320 4278 467 4340 divinitus
483 4277 675 4352 constitutus,
698 4280 733 4335 nt
755 4289 816 4334 non
840 4277 976 4332 teneatur
1000 4268 1123 4330 sollicite
1146 4267 1320 4348 pmdenter-

232 4397 314 4459 que,
342 4378 486 4440 omnibus
508 4378 599 4439 etiam
628 4373 770 4436 adhibitis
792 4372 935 4433 humanu
965 4371 1096 4431 scientia
1124 4368 1319 4448 adjumentis,

232 4497 305 4541 rem
338 4477 518 4557 disquirere.
544 4477 732 4556 Quapropter
764 4475 797 4533 in
821 4469 1092 4550 Hierosolymitano
1111 4469 1321 4549 Apostolorum

232 4580 373 4643 concilio
393 4577 532 4642 ridemus
549 4593 692 4658 maguam
713 4575 821 4637 iactam
845 4573 939 4634 luism
960 4573 1216 4652 conquisitionem,
1234 4576 1321 4634 anc-

230 4699 333 4764 quam
345 4681 453 4744 Pctrns
465 4679 645 4743 renuntiem
659 4677 696 4741 de
705 4692 738 4740 re
751 4679 809 4738 tota
820 4672 974 4754 proterret.
987 4673 1057 4736 «tu
1067 4673 1161 4750 enim,
1173 4678 1209 4734 ut
1219 4678 1322 4735 monet
