3559 5675
569 733 676 780 sunna.
700 752 740 763 -
761 732 845 778 crnsu
863 732 1012 781 seminus.
1295 722 1335 787 to

257 835 375 911 mullis,
389 833 444 912 qui
457 833 623 895 christiano
636 821 739 895 tamen
758 836 879 895 nomine
899 835 1117 913 gloriabantur,
1128 837 1260 901 nefando
1271 856 1334 901 soe·

256 935 317 997 lere
339 934 423 1015 apuli
437 933 619 997 recentiores
629 935 747 1013 aliquos
761 936 890 1016 populos
903 936 1072 999 instaurate
1093 944 1174 999 sunt.

296 1037 370 1097 797.
392 1038 462 1096 Pes.
479 1034 567 1095 3812.
578 1066 619 1077 —
633 1034 766 1107 Quilibet
776 1034 882 1112 bomo,
895 1036 948 1113 qui
958 1034 1079 1123 alterius
1093 1035 1226 1099 bominis
1240 1039 1278 1100 sit
1287 1040 1338 1103 do-

258 1138 375 1213 minus,
397 1141 537 1215 respectu
550 1133 722 1212 aliquarum
736 1134 944 1195 tautummodo
958 1137 1186 1215 ejusaotiouum
1198 1137 1340 1203 dominus

257 1252 321 1297 esso
334 1241 445 1315 potest

296 1338 396 1398 Pron
412 1368 451 1380 -
468 1337 502 1395 ln
517 1331 640 1395 homine
659 1350 839 1413 quocunque
859 1334 990 1395 actiones
999 1334 1111 1413 alique
1133 1338 1341 1401 antummodo
1363 1350 1366 1357 ’

260 1442 328 1497 sunt
342 1452 417 1513 quar
428 1434 466 1495 ati
479 1434 627 1499 bonorum
640 1434 794 1495 finitorum
814 1435 1056 1495 consecutionem
1073 1434 1206 1497 ordinari
1221 1436 1344 1503 honeste

262 1543 401 1617 possunt.
420 1538 497 1597 Nam
512 1553 576 1597 esse
590 1533 693 1615 ipsum,
703 1535 837 1619 bominis
847 1534 882 1595 ed
900 1535 1013 1596 bonum
1037 1536 1189 1598 inlinitum
1205 1540 1346 1601 essentie-

262 1638 327 1699 liter
336 1643 385 1699 est
395 1636 583 1698 ordinatum.
598 1636 738 1696 Actiones
752 1652 822 1695 vcro
834 1633 900 1697 illas
913 1651 1030 1711 omnes,
1045 1651 1113 1713 quae
1128 1642 1230 1716 suapte
1240 1645 1347 1701 nature

267 1740 359 1799 Deum
382 1754 438 1817 pro
457 1736 572 1814 objecto
588 1735 698 1796 directo
711 1741 740 1795 et
755 1733 926 1808 immediato
943 1734 1066 1813 hebeni,
1081 1736 1255 1814 cujusmodi
1276 1746 1347 1799 suut

267 1840 348 1898 actus
367 1835 746 1915 religionis,perspiourrm
761 1834 855 1900 estad
870 1834 966 1897 ullius
985 1835 1119 1899 hominis
1132 1836 1245 1899 bonurn
1265 1838 1347 1900 orni·

269 1933 331 1991 nari
354 1931 532 1993 nullatenus
552 1946 649 2009 posse.
666 1932 752 2004 item,
774 1930 904 1991 actiones
925 1945 1056 2006 quarum
1075 1930 1122 1991 vel
1140 1932 1274 1995 executio
1300 1935 1348 1997 vel

271 2031 392 2091 omissio
404 2030 510 2091 divino
529 2033 676 2108 precepto
695 2029 861 2089 necessaria
879 2034 936 2101 est,
949 2026 1080 2092 hominis
1096 2028 1240 2091 voluntati
1259 2033 1348 2093 subdi

271 2133 469 2209 nequaquam
481 2136 619 2209 possunt,
639 2127 773 2206 adeoque
786 2132 920 2208 respectu
933 2126 1055 2190 illarum
1069 2145 1160 2191 nemo
1172 2136 1268 2209 potest
1280 2133 1351 2194 alte·

275 2230 726 2293 riusbominisdominnsesse.
1094 2286 1096 2289 .

315 2338 430 2395 btrero
443 2332 683 2410 multaequoque
706 2341 778 2393 sunt
792 2332 924 2394 hominis
944 2332 1126 2404 actiones,et
1152 2334 1298 2395 mentales
1321 2342 1351 2399 et

281 2451 429 2513 corporee,
442 2448 587 2513 perquer
612 2432 663 2493 ille
682 2449 771 2493 suam
797 2433 979 2494 activitatem
1003 2438 1118 2493 exercet
1141 2434 1219 2493 circa
1239 2434 1352 2513 objecta
1430 2500 1433 2509 Α

277 2532 447 2608 erramina
460 2531 592 2607 seligens
606 2547 673 2607 quae
687 2532 744 2593 sibi
760 2530 798 2592 ad
813 2531 888 2592 Boni
902 2530 1011 2591 infiniti
1028 2532 1270 2595 consecutionem
1283 2551 1351 2615 pro·

274 2636 353 2699 desse
362 2634 495 2716 possint.
511 2634 577 2694 lam
594 2633 658 2694 iste
673 2634 816 2713 actiones,
829 2634 887 2694 etsi
900 2634 931 2694 in
946 2633 1095 2714 operantis
1107 2634 1271 2697 intentione
1291 2639 1351 2703 sint

271 2736 397 2799 mediate
407 2735 448 2797 ad
471 2751 560 2796 suam
573 2735 723 2815 propriam
736 2734 909 2797 felicitatem
925 2734 1079 2813 ordinale,
1095 2736 1131 2796 atl
1146 2738 1237 2799 linem
1250 2745 1351 2809 tamen

269 2839 435 2920 quemdam
445 2833 660 2898 secundarium
669 2833 879 2907 obtinendum,
893 2836 947 2914 qui
957 2834 994 2896 ad
1006 2835 1098 2896 finem
1108 2836 1252 2902 ultimum
1264 2839 1352 2904 debet

267 2959 355 3022 posse
368 2939 548 3019 perducere,
563 2952 616 3016 per
630 2953 661 2997 se
673 2935 805 2998 ordinari
816 2942 953 3016 possunt.
968 2935 1098 3007 Etenim,
1115 2937 1140 2995 si
1156 2940 1264 3000 nruutli
1278 2944 1353 3001 uui·
1420 2997 1422 3001 .

266 3042 345 3103 cersi
358 3039 437 3102 ordo
451 3036 639 3112 bechehem,
653 3042 687 3096 nt
698 3035 791 3096 borno
803 3034 913 3112 aliquis
925 3032 1141 3094 rationabiliter
1148 3034 1266 3102 ,bouum
1279 3039 1351 3100 alte-

267 3144 331 3204 rius
341 3137 515 3202 consideret
526 3140 668 3214 mutinum
679 3135 815 3196 medium
825 3138 1028 3213 opportunum
1039 3133 1074 3194 ad
1089 3135 1223 3214 seipsum
1232 3135 1350 3200 felicem

266 3237 491 3302 ethonestatis
511 3236 630 3313 legibus
643 3234 847 3312 efficiendum,
861 3232 938 3294 nihil
952 3230 1076 3313 impedit
1095 3235 1168 3310 quin
1189 3235 1241 3297 ille
1259 3237 1350 3302 homo

267 3341 406 3402 actiones
430 3353 516 3412 suas,
530 3336 566 3396 att
593 3335 708 3396 bonum
733 3335 853 3396 finitum
880 3331 1073 3411 ordinabiles,
1089 3335 1126 3395 ιιι
1140 3335 1254 3400 bonum
1279 3341 1351 3406 alte·

267 3443 334 3503 rius
352 3438 485 3502 ordinet.
502 3438 593 3514 Ergo,
605 3443 661 3498 etc.

308 3543 382 3605 798.
400 3542 471 3601 Pos-
489 3539 573 3600 382⁸.
588 3570 629 3585 ·-·
643 3538 782 3600 llonrinis
795 3537 924 3600 seruitus
938 3537 995 3598 sub
1008 3537 1100 3600 altero
1111 3538 1233 3603 homino
1243 3543 1350 3608 incoru-

265 3643 353 3725 plete
375 3647 408 3702 et
429 3637 559 3700 relativo
573 3638 653 3700 licita
672 3640 796 3699 omnino
815 3646 869 3698 est.

310 3747 409 3806 l‘uon
422 3772 464 3786 -
484 3741 561 3802 Sunt
583 3738 718 3800 bominis
743 3737 874 3798 actiones
897 3737 1037 3818 quiedam
1053 3755 1118 3815 qum
1134 3741 1306 3807 immediate
1321 3755 1350 3808 et

270 3863 324 3926 per
338 3861 373 3905 se
393 3841 432 3903 atl
454 3840 571 3902 bonum
584 3837 839 3917 aliquodtinitum
853 3838 1076 3917 procurandum
1088 3848 1159 3902 suut
1173 3845 1350 3910 naturaliter

272 3948 480 4021 destinamur
492 3939 720 4015 terramcolere,
730 3939 836 4000 domos
846 3945 1009 4012 exstruere,
1020 3939 1093 4002 telus
1109 3947 1219 4020 texere,
1234 3945 1352 4010 tabulas

273 4048 411 4127 pingere,
425 4042 603 4120 scriptitare,
616 4041 753 4117 aliaeque
765 4039 944 4099 innumerae.
957 4037 1035 4117 Ergo
1045 4043 1097 4118 jus
1107 4043 1144 4104 aul
1153 4043 1208 4105 has
1223 4049 1354 4112 actiones

275 4154 372 4228 potest
383 4145 456 4224 quis
469 4143 557 4206 alteri
569 4142 686 4205 bomini
701 4141 817 4215 cedere,
835 4148 870 4201 ut
896 4141 1010 4203 bonum
1034 4143 1156 4221 aliquod
1171 4147 1228 4208 sibi
1244 4148 1281 4208 ab
1300 4149 1355 4212 illo

277 4248 413 4310 uicissim
428 4244 621 4306 retribuatur.
637 4242 718 4304 Nihil
743 4242 825 4302 enim
847 4241 880 4301 iu
908 4241 1058 4318 ejusmodi
1079 4251 1231 4308 contractu
1251 4248 1335 4312 utlest
1343 4293 1354 4327 ,

276 4348 356 4427 quod
368 4344 504 4408 naturali
513 4342 612 4405 ordini
622 4341 686 4402 ullo
698 4342 789 4403 ruodo
798 4341 982 4406 adversetur.
1000 4345 1088 4420 Ergo,
1103 4351 1156 4406 etc.

315 4449 378 4510 799
406 4447 589 4507 (neorm-
604 4445 647 4504 Ex
661 4443 818 4521 postremis
837 4441 957 4502 duabus
976 4443 1172 4522 positionibus
1193 4447 1222 4507 1⁰
1246 4448 1356 4511 inlelli-

278 4550 360 4625 gitur
367 4561 511 4625 quaenam
523 4545 585 4607 sint
599 4545 752 4606 actionum
765 4543 889 4622 species,
904 4543 1015 4620 ouibus
1029 4552 1124 4624 potest
1138 4545 1228 4623 homo
1240 4548 1357 4610 homiui

278 4650 393 4712 seruire
420 4652 522 4708 :sunt
546 4645 693 4706 nimirum
717 4644 779 4705 illae
799 4660 1011 4722 eneruesque
1037 4645 1075 4706 ad
1101 4646 1215 4710 bonum
1236 4647 1355 4728 aliquotl

280 4751 407 4811 linitum
421 4746 649 4829 producendum
664 4761 718 4825 per
732 4761 764 4806 se
788 4744 925 4806 tondunt.
939 4777 977 4792 ·-
993 4751 1026 4810 2⁴¹
1040 4747 1154 4808 llxirule
1166 4747 1360 4812 confirmetur

403 4864 437 4908 ιι.
1157 4844 1177 4906 l·
