3559 5675
479 759 538 821 ste
884 768 963 821 ansts
984 768 1142 817 carneuna

480 882 552 960 gula
565 882 659 961 ponit,
675 881 918 961 protestantioam
932 879 1155 958 Scripturarum
1170 854 1436 957 interpretationem
1449 888 1522 939 unam

480 998 550 1042 cum
564 980 696 1059 genuina
710 978 820 1041 Christi
839 978 959 1040 Domini
972 978 1105 1039 doctrine
1117 994 1303 1065 congruere3
1321 979 1401 1063 quob
1412 978 1463 1039 ab
1458 978 1523 1056 ipsis,

481 1082 566 1143 novis
582 1080 770 1160 hominibus,
787 1079 889 1141 subito
908 1062 1146 1159 erumpentibus,
1158 1084 1349 1157 veteremque
1366 1078 1448 1139 fidem
1463 1093 1525 1138 erro

481 1184 524 1245 ris
547 1182 769 1258 emanantibus,
790 1182 924 1263 primum
947 1180 1085 1242 omnium
1108 1172 1297 1259 probandum
1318 1186 1389 1241 erat

520 1284 596 1345 4⁸1n
607 1282 691 1344 omni
701 1282 738 1343 de
749 1280 920 1343 chrmdanis
931 1278 1119 1358 dogmatibus
1132 1282 1330 1342 controversia
1341 1279 1445 1340 lactum
1455 1274 1527 1353 quod

482 1384 554 1446 dam
568 1388 614 1445 est
630 1384 708 1446 iilud
721 1382 802 1461 qaod
816 1384 850 1443 in
867 1381 1102 1461 disputationem
1120 1374 1290 1455 adducitur,
1304 1380 1404 1440 utrum
1416 1377 1527 1439 suellen

482 1486 563 1547 hanc
578 1486 628 1546 vel
641 1484 726 1545 illam
738 1501 803 1545 rem
817 1481 955 1543 Christus
966 1484 1113 1543 Dominus
1137 1480 1236 1561 reipsa
1256 1480 1401 1553 docuerit.
1411 1480 1478 1548 tam,
1489 1474 1526 1535 ull

483 1585 520 1648 de
531 1586 600 1647 lacti
610 1582 780 1667 cujuspiam
792 1584 915 1644 raritate
929 1600 962 1643 ao
975 1588 1083 1643 natura
1093 1581 1260 1642 statuendis
1272 1582 1385 1657 agitur,
1399 1577 1470 1639 nihil
1478 1592 1528 1655 pro

481 1686 558 1747 lecto
575 1684 716 1745 solitarie
734 1686 883 1761 cuiusque
899 1682 1164 1744 commentationes
1184 1685 1323 1763 prosunt,
1345 1679 1401 1739 nisi
1420 1676 1528 1738 auimo

483 1786 535 1846 nia
552 1784 754 1847 consulantur
771 1799 875 1843 eorum
891 1782 946 1861 qui
967 1780 1079 1842 lactum
1098 1781 1154 1843 hoc
1172 1780 1324 1842 audierint
1346 1786 1399 1840 aut
1415 1776 1528 1847 videam,

483 1889 513 1947 et
528 1901 631 1947 eorum
644 1886 698 1961 qui
716 1882 858 1961 deinceps
876 1880 952 1944 illud
971 1898 989 1943 a
1005 1883 1112 1961 primia
1132 1882 1256 1943 testibus
1268 1880 1432 1960 acceperint
1444 1896 1451 1937 :
1462 1882 1529 1950 aqua

483 1984 700 2047 insanissinum
722 1998 811 2062 porro
832 1986 878 2043 est
898 1980 936 2041 de
957 1980 1026 2041 lecti
1042 1982 1212 2060 cuijuspiam
1229 1983 1364 2057 veritate,
1383 1984 1529 2046 naturave

483 2086 597 2163 riisque
618 2080 769 2161 adjunctis
786 2080 862 2141 uelle
877 2096 1128 2158 unumquemque
1144 2082 1300 2142 hominem
1311 2078 1453 2157 judicare,
1464 2080 1487 2135 et
1494 2077 1530 2149 ju·

484 2184 561 2246 dicio
572 2184 695 2261 quidem
710 2182 817 2242 ultimo
829 2187 860 2241 et
871 2181 1067 2259 immutabili,
1081 2182 1207 2243 testibus
1218 2184 1255 2242 iis
1269 2182 1358 2260 plane
1374 2174 1529 2249 inconsulte,

485 2284 649 2361 auditoque
672 2282 787 2360 privato
807 2296 863 2341 suo
880 2286 999 2341 tantum
1021 2282 1152 2358 ingenio.
1178 2304 1194 2339 e
1216 2285 1414 2360 Nequaquam
1435 2282 1530 2358 pesum

483 2385 558 2446 lacta
570 2382 734 2444 ratiociniis
748 2382 832 2461 puris
846 2380 1049 2459 praejudicari,
1063 2382 1175 2461 optime
1187 2378 1477 2457 monellalaguerins
1487 2374 1527 2450 lag

484 2499 587 2545 eorum
598 2482 955 2543 solummodoexistentia
967 2487 1012 2542 est
1021 2484 1262 2562 comprobanda:
1276 2478 1530 2561 nequededuetiune

486 2589 541 2645 aut
558 2584 742 2644 divinatione
761 2581 903 2661 quadam,
928 2584 1186 2658 argumentatione
1206 2588 1259 2645 aut
1273 2588 1427 2663 presagio,
1448 2598 1530 2663 passu

484 2700 553 2744 mus
566 2682 620 2744 illa
636 2684 757 2760 assequi
777 2698 786 2741 τ
804 2686 895 2743 unica
914 2684 1061 2745 nimirum
1080 2700 1184 2745 eorum
1198 2686 1465 2763 cognoscendorum
1477 2690 1529 2744 nuc
1577 2734 1578 2737 ,

411 2835 419 2857 ,
485 2788 627 2867 suppetit,
640 2784 809 2847 obseruatio
823 2785 872 2846 rel
885 2772 1106 2863 testimonium,
1118 2788 1198 2867 quod
1216 2797 1261 2850 est
1280 2790 1444 2853 observatio
1461 2796 1530 2848 uana·

485 2889 589 2948 missa.
613 2909 627 2943 ι
653 2887 745 2963 dtqui
774 2887 1050 2966 protestantismus,
1079 2886 1131 2946 ubi
1161 2890 1309 2965 quaritur
1331 2890 1404 2968 quid
1423 2889 1529 2950 Chrntm

485 2988 629 3047 Dominus
650 2987 688 3046 de
704 2984 762 3046 bae
777 2985 826 3046 vel
844 2984 898 3046 illa
918 3003 950 3046 re
971 2985 1114 3065 docuerit,
1137 2987 1218 3064 quod
1231 2989 1363 3067 proleoto
1381 2995 1423 3050 est
1441 3001 1528 3048 memn

483 3089 617 3163 tactum,
639 3093 673 3147 ut
692 3088 758 3164 jam
774 3086 927 3164 diximus,
951 3103 1013 3147 non
1033 3087 1271 3150 obseruationem
1288 3091 1338 3150 vel
1360 3091 1529 3152 msdmouiun

486 3174 628 3261 consulit,
642 3187 692 3248 sed
706 3188 862 3268 presagio,
878 3187 927 3248 vei
949 3185 1144 3263 divinatione,
1157 3187 1204 3250 vel
1225 3191 1474 3266 argumentatione
1489 3185 1529 3265 pri

485 3290 560 3350 valis
577 3295 607 3349 et
625 3287 766 3348 solitariis
786 3289 1031 3366 uniuscujusque
1051 3287 1186 3350 hominis
1206 3291 1312 3362 utitur,
1333 3291 1412 3369 quod
1430 3289 1529 3349 vidimus

486 3405 550 3450 esse
572 3389 811 3449 insanissimum.
828 3389 907 3464 Ergo
931 3387 1125 3450 insanissime
1144 3390 1197 3450 ille
1216 3391 1248 3450 in
1269 3389 1422 3468 religionis
1439 3389 1529 3464 dogna·

486 3487 567 3548 tibus
588 3485 804 3548 consumendis
826 3487 899 3562 agit.

526 3589 560 3647 5·
579 3585 707 3662 Quiandc
728 3585 1036 3648 maximahomlnum
1051 3587 1225 3666 multitudo,
1243 3591 1365 3652 trecenti
1386 3589 1528 3652 scilicetne
1577 3589 1578 3632 3

484 3704 555 3749 rum
579 3687 719 3748 miliones
742 3685 945 3765 etamplius,
970 3687 1003 3747 in
1027 3689 1193 3767 tranquilla
1214 3689 1373 3767 cuiusdam
1393 3691 1455 3752 lldei
1479 3702 1527 3766 poe

486 3789 619 3850 sessione
632 3787 816 3868 jampridem
828 3788 947 3865 vivunt,
961 3801 1126 3866 omnesque
1144 3791 1281 3852 unanimi
1293 3805 1438 3853 consensu
1449 3793 1527 3848 esua·

389 3888 393 3894 ’
487 3893 535 3948 tur
554 3887 642 3949 talam
662 3903 694 3948 se
712 3886 803 3948 fldem
826 3905 844 3948 a
866 3877 1001 3965 patribus
1023 3887 1098 3962 suis,
1112 3895 1268 3968 umquam
1283 3907 1384 3952 veram
1397 3897 1527 3970 puramque

488 3987 598 4051 Christi
612 3987 734 4048 Domini
747 3986 929 4066 doctrinam,
945 3988 1105 4068 accepisse,
1127 3991 1152 4050 si
1170 4005 1250 4052 unus
1264 3992 1424 4072 quispiam,
1437 3991 1526 4066 repente

487 4089 639 4170 prodiens,
652 4087 815 4149 mutandae
825 4089 964 4164 omnino,
977 4090 1066 4175 unica
1080 4105 1135 4152 sua
1150 4091 1348 4153 affirmatione
1361 4093 1457 4163 lretus,
1467 4079 1526 4146 omni

486 4197 663 4269 argumento
683 4188 856 4269 destitutus,
869 4195 983 4251 tantam
1007 4191 1092 4252 illam
1112 4191 1337 4254 multinodiuem
1357 4189 1526 4269 longissimae
1577 4219 1578 4232 ,

486 4289 598 4358 Christi
618 4287 752 4351 doctrina
771 4289 969 4366 aberrasses
989 4291 1125 4370 patribus
1147 4293 1256 4353 misere
1276 4293 1369 4354 luisse
1386 4292 1523 4414 deeepttffli
1577 4297 1578 4302 ’

518 4500 578 4566 (α)
588 4499 632 4551 lea
643 4499 702 4550 latta
713 4513 743 4550 nc
754 4513 779 4556 te
791 4503 925 4566 pretegent
934 4517 988 4568 pas.
998 4503 1028 4556 ils
1038 4519 1065 4556 so
1081 4509 1239 4567 constataot,
1249 4517 1313 4555 noua
1330 4517 1359 4554 na
1375 4497 1492 4558 lesattaipo
1504 4501 1524 4540 ut

486 4585 535 4635 prs
546 4572 734 4636 perddduetlou
742 4584 776 4622 ou
787 4587 831 4636 par
840 4575 990 4636 districtiora,
999 4589 1046 4641 par
1057 4579 1245 4628 remeatremeat
1259 4589 1293 4626 eu
1304 4589 1348 4640 pur
1357 4569 1522 4648 putamusne

487 4660 552 4697 naua
569 4643 970 4710 aasuad'eutremopeudelea
980 4648 1173 4712 metallisque
1190 4647 1371 4710 t'ooaunuea.
1384 4657 1414 4706 etl
1429 4639 1523 4697 latens

486 4731 575 4782 gnam.
588 4721 632 4782 qul
645 4726 684 4770 est
699 4721 875 4772 iuuencum
888 4727 1059 4784 transmitte.-
1071 4724 1112 4788 (la
1120 4723 1285 4792 &moignugs
1295 4725 1326 4776 ee
1336 4723 1405 4781 Dico.
1418 4706 1522 4768 tuum

487 4786 527 4852 {at
539 4787 692 4852 resecasse,
704 4801 760 4856 eug
773 4793 824 4856 ot).
