<?xml version="1.0" encoding="UTF-8"?>
<!DOCTYPE html PUBLIC "-//W3C//DTD XHTML 1.0 Transitional//EN"
    "http://www.w3.org/TR/xhtml1/DTD/xhtml1-transitional.dtd">
<html xmlns="http://www.w3.org/1999/xhtml" xml:lang="en" lang="en">
 <head>
  <title>
</title>
<meta http-equiv="Content-Type" content="text/html;charset=utf-8" />
  <meta name='ocr-system' content='tesseract 3.04.00' />
  <meta name='ocr-capabilities' content='ocr_page ocr_carea ocr_par ocr_line ocrx_word'/>
</head>
<body>
  <div class='ocr_page' id='page_1' title='image "./jurisnaturalisu00bensgoog_0695.png"; bbox 0 0 3559 5675; ppageno 0'>
   <div class='ocr_carea' id='block_1_1' title="bbox 566 750 1343 813">
    <p class='ocr_par' dir='ltr' id='par_1_1' title="bbox 566 750 1343 813">
     <span class='ocr_line' id='line_1_1' title="bbox 566 750 1343 813; baseline 0.009 -6"><span class='ocrx_word' id='word_1_1' title='bbox 566 756 674 807; x_wconf 73' lang='lat' dir='ltr'>sum.</span> <span class='ocrx_word' id='word_1_2' title='bbox 696 777 732 796; x_wconf 91' lang='lat'>·-</span> <span class='ocrx_word' id='word_1_3' title='bbox 754 758 838 807; x_wconf 80' lang='lat' dir='ltr'>nrm</span> <span class='ocrx_word' id='word_1_4' title='bbox 860 760 1052 813; x_wconf 77' lang='lat' dir='ltr'>moeremus.</span> <span class='ocrx_word' id='word_1_5' title='bbox 1282 750 1343 813; x_wconf 84' lang='lat' dir='ltr'>ess</span> 
     </span>
    </p>
   </div>
   <div class='ocr_carea' id='block_1_2' title="bbox 263 868 1417 4758">
    <p class='ocr_par' dir='ltr' id='par_1_2' title="bbox 267 868 1345 1150">
     <span class='ocr_line' id='line_1_2' title="bbox 268 868 1345 953; baseline 0.006 -20"><span class='ocrx_word' id='word_1_6' title='bbox 268 886 327 951; x_wconf 85' lang='lat' dir='ltr'>que</span> <span class='ocrx_word' id='word_1_7' title='bbox 340 868 485 931; x_wconf 86' lang='lat' dir='ltr'>societatis</span> <span class='ocrx_word' id='word_1_8' title='bbox 506 868 682 950; x_wconf 82' lang='lat' dir='ltr'>spiritualis,</span> <span class='ocrx_word' id='word_1_9' title='bbox 690 872 755 949; x_wconf 83' lang='lat' dir='ltr'>jam</span> <span class='ocrx_word' id='word_1_10' title='bbox 771 868 857 931; x_wconf 86' lang='lat' dir='ltr'>nullu</span> <span class='ocrx_word' id='word_1_11' title='bbox 870 878 947 932; x_wconf 85' lang='lat' dir='ltr'>esset</span> <span class='ocrx_word' id='word_1_12' title='bbox 962 872 1094 952; x_wconf 84' lang='lat' dir='ltr'>amptius</span> <span class='ocrx_word' id='word_1_13' title='bbox 1107 873 1257 953; x_wconf 81' lang='lat' dir='ltr'>ejusmodi</span> <span class='ocrx_word' id='word_1_14' title='bbox 1271 876 1345 939; x_wconf 85' lang='lat' dir='ltr'>sub·</span> 
     </span>
     <span class='ocr_line' id='line_1_3' title="bbox 267 968 1345 1053; baseline 0.006 -20"><span class='ocrx_word' id='word_1_15' title='bbox 267 968 414 1033; x_wconf 80' lang='lat' dir='ltr'>ordinatio</span> <span class='ocrx_word' id='word_1_16' title='bbox 424 968 568 1031; x_wconf 87' lang='lat' dir='ltr'>seoulari</span> <span class='ocrx_word' id='word_1_17' title='bbox 588 971 739 1050; x_wconf 85' lang='lat' dir='ltr'>potestatis</span> <span class='ocrx_word' id='word_1_18' title='bbox 751 970 809 1037; x_wconf 85' lang='lat' dir='ltr'>sub</span> <span class='ocrx_word' id='word_1_19' title='bbox 827 970 1028 1035; x_wconf 79' lang='lat' dir='ltr'>emtesiasties</span> <span class='ocrx_word' id='word_1_20' title='bbox 1039 988 1049 1034; x_wconf 78' lang='lat' dir='ltr'>t</span> <span class='ocrx_word' id='word_1_21' title='bbox 1061 982 1162 1053; x_wconf 76' lang='lat' dir='ltr'>ageret</span> <span class='ocrx_word' id='word_1_22' title='bbox 1174 978 1257 1039; x_wconf 90' lang='lat' dir='ltr'>enim</span> <span class='ocrx_word' id='word_1_23' title='bbox 1274 994 1345 1040; x_wconf 88' lang='lat' dir='ltr'>oum</span> 
     </span>
     <span class='ocr_line' id='line_1_4' title="bbox 268 1068 1145 1150; baseline 0.002 -19"><span class='ocrx_word' id='word_1_24' title='bbox 268 1069 356 1149; x_wconf 79' lang='lat' dir='ltr'>plena</span> <span class='ocrx_word' id='word_1_25' title='bbox 372 1068 404 1129; x_wconf 90' lang='lat' dir='ltr'>in</span> <span class='ocrx_word' id='word_1_26' title='bbox 417 1084 599 1149; x_wconf 84' lang='lat' dir='ltr'>quoeunque</span> <span class='ocrx_word' id='word_1_27' title='bbox 613 1070 718 1134; x_wconf 87' lang='lat' dir='ltr'>ordine</span> <span class='ocrx_word' id='word_1_28' title='bbox 731 1068 972 1150; x_wconf 82' lang='lat' dir='ltr'>independentia.</span> <span class='ocrx_word' id='word_1_29' title='bbox 990 1072 1145 1150; x_wconf 68' lang='lat' dir='ltr'>limmate</span> 
     </span>
    </p>

    <p class='ocr_par' dir='ltr' id='par_1_3' title="bbox 266 1164 1350 1533">
     <span class='ocr_line' id='line_1_5' title="bbox 310 1164 1349 1254; baseline 0.01 -27"><span class='ocrx_word' id='word_1_30' title='bbox 310 1164 398 1231; x_wconf 75' lang='lat'><strong>1361.</strong></span> <span class='ocrx_word' id='word_1_31' title='bbox 414 1169 547 1231; x_wconf 72' lang='lat' dir='ltr'>Conon.</span> <span class='ocrx_word' id='word_1_32' title='bbox 569 1172 598 1232; x_wconf 92' lang='lat'>1.</span> <span class='ocrx_word' id='word_1_33' title='bbox 613 1202 653 1219; x_wconf 88' lang='lat'><em>-</em></span> <span class='ocrx_word' id='word_1_34' title='bbox 663 1170 790 1233; x_wconf 83' lang='lat' dir='ltr'>Peaoant</span> <span class='ocrx_word' id='word_1_35' title='bbox 803 1169 897 1247; x_wconf 75' lang='lat' dir='ltr'>igitur</span> <span class='ocrx_word' id='word_1_36' title='bbox 910 1172 1099 1251; x_wconf 76' lang='lat' dir='ltr'>gravissime,</span> <span class='ocrx_word' id='word_1_37' title='bbox 1122 1189 1215 1252; x_wconf 77' lang='lat' dir='ltr'>seque</span> <span class='ocrx_word' id='word_1_38' title='bbox 1228 1174 1349 1254; x_wconf 84' lang='lat' dir='ltr'>publioo</span> 
     </span>
     <span class='ocr_line' id='line_1_6' title="bbox 268 1267 1349 1353; baseline 0.007 -24"><span class='ocrx_word' id='word_1_39' title='bbox 268 1267 417 1346; x_wconf 78' lang='lat' dir='ltr'>moritegii</span> <span class='ocrx_word' id='word_1_40' title='bbox 426 1268 552 1331; x_wconf 85' lang='lat' dir='ltr'>erimine</span> <span class='ocrx_word' id='word_1_41' title='bbox 561 1270 717 1350; x_wconf 84' lang='lat' dir='ltr'>implioant</span> <span class='ocrx_word' id='word_1_42' title='bbox 728 1270 877 1351; x_wconf 81' lang='lat' dir='ltr'>principes</span> <span class='ocrx_word' id='word_1_43' title='bbox 891 1287 1055 1351; x_wconf 87' lang='lat' dir='ltr'>eorumque</span> <span class='ocrx_word' id='word_1_44' title='bbox 1066 1273 1209 1352; x_wconf 88' lang='lat' dir='ltr'>ministri,</span> <span class='ocrx_word' id='word_1_45' title='bbox 1217 1275 1349 1353; x_wconf 87' lang='lat' dir='ltr'>quoties·</span> 
     </span>
     <span class='ocr_line' id='line_1_7' title="bbox 267 1368 1350 1453; baseline 0.006 -23"><span class='ocrx_word' id='word_1_46' title='bbox 267 1384 389 1449; x_wconf 82' lang='lat' dir='ltr'>cunque</span> <span class='ocrx_word' id='word_1_47' title='bbox 402 1368 518 1447; x_wconf 87' lang='lat' dir='ltr'>aliquid</span> <span class='ocrx_word' id='word_1_48' title='bbox 532 1376 679 1448; x_wconf 88' lang='lat' dir='ltr'>statuunt,</span> <span class='ocrx_word' id='word_1_49' title='bbox 686 1370 992 1450; x_wconf 72' lang='lat' dir='ltr'>jubentdeoemunt,</span> <span class='ocrx_word' id='word_1_50' title='bbox 1006 1379 1213 1451; x_wconf 76' lang='lat' dir='ltr'>ermquuntar</span> <span class='ocrx_word' id='word_1_51' title='bbox 1225 1375 1350 1453; x_wconf 75' lang='lat' dir='ltr'>jambus</span> 
     </span>
     <span class='ocr_line' id='line_1_8' title="bbox 266 1470 614 1533; baseline 0 0"><span class='ocrx_word' id='word_1_52' title='bbox 266 1470 407 1533; x_wconf 79' lang='lat' dir='ltr'>llmlesiae</span> <span class='ocrx_word' id='word_1_53' title='bbox 420 1473 614 1533; x_wconf 83' lang='lat' dir='ltr'>eontrarium.</span> 
     </span>
    </p>

    <p class='ocr_par' dir='ltr' id='par_1_4' title="bbox 267 1570 1352 1833">
     <span class='ocr_line' id='line_1_9' title="bbox 311 1570 1352 1651; baseline 0.004 -18"><span class='ocrx_word' id='word_1_54' title='bbox 311 1570 402 1633; x_wconf 83' lang='lat' dir='ltr'>Nulla</span> <span class='ocrx_word' id='word_1_55' title='bbox 410 1576 553 1651; x_wconf 80' lang='lat' dir='ltr'>praterea</span> <span class='ocrx_word' id='word_1_56' title='bbox 566 1578 622 1649; x_wconf 87' lang='lat' dir='ltr'>est,</span> <span class='ocrx_word' id='word_1_57' title='bbox 633 1586 729 1644; x_wconf 74' lang='lat' dir='ltr'>emsa,</span> <span class='ocrx_word' id='word_1_58' title='bbox 742 1572 834 1648; x_wconf 86' lang='lat' dir='ltr'>irrita,</span> <span class='ocrx_word' id='word_1_59' title='bbox 850 1571 993 1647; x_wconf 88' lang='lat' dir='ltr'>invalida,</span> <span class='ocrx_word' id='word_1_60' title='bbox 1000 1572 1071 1649; x_wconf 89' lang='lat' dir='ltr'>jure</span> <span class='ocrx_word' id='word_1_61' title='bbox 1081 1572 1195 1651; x_wconf 89' lang='lat' dir='ltr'>divino,</span> <span class='ocrx_word' id='word_1_62' title='bbox 1210 1590 1352 1651; x_wconf 76' lang='lat' dir='ltr'>quaeum·</span> 
     </span>
     <span class='ocr_line' id='line_1_10' title="bbox 267 1670 1350 1753; baseline 0.004 -21"><span class='ocrx_word' id='word_1_63' title='bbox 267 1686 331 1749; x_wconf 85' lang='lat' dir='ltr'>que</span> <span class='ocrx_word' id='word_1_64' title='bbox 346 1670 395 1731; x_wconf 81' lang='lat' dir='ltr'>lex</span> <span class='ocrx_word' id='word_1_65' title='bbox 409 1676 461 1733; x_wconf 88' lang='lat' dir='ltr'>aut</span> <span class='ocrx_word' id='word_1_66' title='bbox 477 1672 576 1749; x_wconf 86' lang='lat' dir='ltr'>jussio</span> <span class='ocrx_word' id='word_1_67' title='bbox 589 1671 730 1751; x_wconf 76' lang='lat' dir='ltr'>qualibet</span> <span class='ocrx_word' id='word_1_68' title='bbox 749 1671 893 1735; x_wconf 88' lang='lat' dir='ltr'>seoularis</span> <span class='ocrx_word' id='word_1_69' title='bbox 906 1672 1059 1753; x_wconf 83' lang='lat' dir='ltr'>potestatis</span> <span class='ocrx_word' id='word_1_70' title='bbox 1073 1672 1133 1750; x_wconf 72' lang='lat' dir='ltr'>legi</span> <span class='ocrx_word' id='word_1_71' title='bbox 1150 1672 1243 1733; x_wconf 82' lang='lat' dir='ltr'>alioad</span> <span class='ocrx_word' id='word_1_72' title='bbox 1258 1672 1350 1736; x_wconf 86' lang='lat' dir='ltr'>eante·</span> 
     </span>
     <span class='ocr_line' id='line_1_11' title="bbox 268 1770 582 1833; baseline -0.01 0"><span class='ocrx_word' id='word_1_73' title='bbox 268 1770 397 1833; x_wconf 79' lang='lat' dir='ltr'>siastioa</span> <span class='ocrx_word' id='word_1_74' title='bbox 420 1772 582 1833; x_wconf 85' lang='lat' dir='ltr'>eontraria.</span> 
     </span>
    </p>

    <p class='ocr_par' dir='ltr' id='par_1_5' title="bbox 263 1870 1396 2359">
     <span class='ocr_line' id='line_1_12' title="bbox 311 1870 1351 1952; baseline 0.003 -19"><span class='ocrx_word' id='word_1_75' title='bbox 311 1870 443 1933; x_wconf 74' lang='lat' dir='ltr'>aaron.</span> <span class='ocrx_word' id='word_1_76' title='bbox 459 1874 489 1932; x_wconf 79' lang='lat'>2.</span> <span class='ocrx_word' id='word_1_77' title='bbox 502 1904 544 1919; x_wconf 92' lang='lat'>-</span> <span class='ocrx_word' id='word_1_78' title='bbox 555 1872 690 1945; x_wconf 86' lang='lat' dir='ltr'>Quatuor</span> <span class='ocrx_word' id='word_1_79' title='bbox 700 1876 773 1933; x_wconf 89' lang='lat' dir='ltr'>sunt</span> <span class='ocrx_word' id='word_1_80' title='bbox 785 1871 933 1952; x_wconf 79' lang='lat' dir='ltr'>prmoipua</span> <span class='ocrx_word' id='word_1_81' title='bbox 947 1870 1102 1949; x_wconf 86' lang='lat' dir='ltr'>inquibus</span> <span class='ocrx_word' id='word_1_82' title='bbox 1116 1871 1192 1936; x_wconf 87' lang='lat' dir='ltr'>solet</span> <span class='ocrx_word' id='word_1_83' title='bbox 1209 1872 1351 1936; x_wconf 80' lang='lat' dir='ltr'>semleris</span> 
     </span>
     <span class='ocr_line' id='line_1_13' title="bbox 267 1970 1396 2051; baseline -0.004 -18"><span class='ocrx_word' id='word_1_84' title='bbox 267 1970 482 2051; x_wconf 67' lang='lat' dir='ltr'>domstasJ&#39;ura</span> <span class='ocrx_word' id='word_1_85' title='bbox 495 1978 525 2033; x_wconf 89' lang='lat' dir='ltr'>et</span> <span class='ocrx_word' id='word_1_86' title='bbox 537 1970 619 2049; x_wconf 81' lang='lat' dir='ltr'>leges</span> <span class='ocrx_word' id='word_1_87' title='bbox 633 1971 771 2035; x_wconf 77' lang='lat' dir='ltr'>lienteriae</span> <span class='ocrx_word' id='word_1_88' title='bbox 790 1971 918 2051; x_wconf 81' lang='lat' dir='ltr'>pervim</span> <span class='ocrx_word' id='word_1_89' title='bbox 927 1970 1103 2049; x_wconf 72' lang='lat' dir='ltr'>sacrilegam</span> <span class='ocrx_word' id='word_1_90' title='bbox 1115 1970 1227 2034; x_wconf 86' lang='lat' dir='ltr'>violare</span> <span class='ocrx_word' id='word_1_91' title='bbox 1246 1973 1350 2037; x_wconf 82' lang='lat' dir='ltr'>:hona</span> <span class='ocrx_word' id='word_1_92' title='bbox 1392 2023 1396 2029; x_wconf 84' lang='grc'><em>.</em></span> 
     </span>
     <span class='ocr_line' id='line_1_14' title="bbox 264 2070 1351 2150; baseline 0.004 -17"><span class='ocrx_word' id='word_1_93' title='bbox 264 2070 476 2145; x_wconf 83' lang='lat' dir='ltr'>eoelesiastiea,</span> <span class='ocrx_word' id='word_1_94' title='bbox 496 2071 714 2143; x_wconf 86' lang='lat' dir='ltr'>immunitates,</span> <span class='ocrx_word' id='word_1_95' title='bbox 729 2070 923 2133; x_wconf 87' lang='lat' dir='ltr'>matrimonia</span> <span class='ocrx_word' id='word_1_96' title='bbox 940 2078 970 2132; x_wconf 89' lang='lat' dir='ltr'>et</span> <span class='ocrx_word' id='word_1_97' title='bbox 991 2071 1118 2150; x_wconf 73' lang='lat' dir='ltr'>poentio</span> <span class='ocrx_word' id='word_1_98' title='bbox 1138 2072 1298 2135; x_wconf 88' lang='lat' dir='ltr'>institutio.</span> <span class='ocrx_word' id='word_1_99' title='bbox 1317 2074 1351 2137; x_wconf 89' lang='lat' dir='ltr'>lu</span> 
     </span>
     <span class='ocr_line' id='line_1_15' title="bbox 263 2170 1348 2253; baseline 0.002 -21"><span class='ocrx_word' id='word_1_100' title='bbox 263 2170 316 2233; x_wconf 88' lang='lat' dir='ltr'>his</span> <span class='ocrx_word' id='word_1_101' title='bbox 335 2182 466 2250; x_wconf 86' lang='lat' dir='ltr'>quatuor</span> <span class='ocrx_word' id='word_1_102' title='bbox 484 2188 556 2249; x_wconf 79' lang='lat' dir='ltr'>ergo</span> <span class='ocrx_word' id='word_1_103' title='bbox 575 2170 765 2253; x_wconf 83' lang='lat' dir='ltr'>potissimum</span> <span class='ocrx_word' id='word_1_104' title='bbox 784 2176 908 2231; x_wconf 78' lang='lat' dir='ltr'>caveant</span> <span class='ocrx_word' id='word_1_105' title='bbox 929 2171 1078 2250; x_wconf 78' lang='lat' dir='ltr'>principes</span> <span class='ocrx_word' id='word_1_106' title='bbox 1101 2188 1267 2251; x_wconf 87' lang='lat' dir='ltr'>eorumque</span> <span class='ocrx_word' id='word_1_107' title='bbox 1291 2176 1348 2237; x_wconf 91' lang='lat' dir='ltr'>mi·</span> 
     </span>
     <span class='ocr_line' id='line_1_16' title="bbox 264 2268 1312 2359; baseline 0.003 -26"><span class='ocrx_word' id='word_1_108' title='bbox 264 2272 356 2333; x_wconf 89' lang='lat' dir='ltr'>nistri</span> <span class='ocrx_word' id='word_1_109' title='bbox 366 2318 377 2350; x_wconf 93' lang='lat'>‚</span> <span class='ocrx_word' id='word_1_110' title='bbox 408 2286 448 2333; x_wconf 91' lang='lat' dir='ltr'>ne</span> <span class='ocrx_word' id='word_1_111' title='bbox 463 2270 565 2333; x_wconf 90' lang='lat' dir='ltr'>divina</span> <span class='ocrx_word' id='word_1_112' title='bbox 578 2272 650 2349; x_wconf 89' lang='lat' dir='ltr'>jora</span> <span class='ocrx_word' id='word_1_113' title='bbox 671 2288 725 2351; x_wconf 86' lang='lat' dir='ltr'>per</span> <span class='ocrx_word' id='word_1_114' title='bbox 749 2268 927 2331; x_wconf 78' lang='lat' dir='ltr'><strong>diabolicam</strong></span> <span class='ocrx_word' id='word_1_115' title='bbox 950 2268 1105 2332; x_wconf 78' lang='lat' dir='ltr'>audaciam</span> <span class='ocrx_word' id='word_1_116' title='bbox 1128 2272 1312 2359; x_wconf 63' lang='lat' dir='ltr'>oonauloents</span> 
     </span>
    </p>

    <p class='ocr_par' dir='ltr' id='par_1_6' title="bbox 268 2368 1352 2535">
     <span class='ocr_line' id='line_1_17' title="bbox 307 2368 1352 2447; baseline -0.002 -12"><span class='ocrx_word' id='word_1_117' title='bbox 307 2374 351 2435; x_wconf 78' lang='lat' dir='ltr'>lte</span> <span class='ocrx_word' id='word_1_118' title='bbox 375 2370 461 2447; x_wconf 82' lang='lat' dir='ltr'>bonis</span> <span class='ocrx_word' id='word_1_119' title='bbox 493 2371 700 2434; x_wconf 86' lang='lat' dir='ltr'>ooolesiastiois</span> <span class='ocrx_word' id='word_1_120' title='bbox 733 2374 833 2431; x_wconf 86' lang='lat' dir='ltr'>saneta</span> <span class='ocrx_word' id='word_1_121' title='bbox 867 2369 1081 2432; x_wconf 74' lang='lat' dir='ltr'>conservandis</span> <span class='ocrx_word' id='word_1_122' title='bbox 1111 2368 1245 2433; x_wconf 85' lang='lat' dir='ltr'>diximus</span> <span class='ocrx_word' id='word_1_123' title='bbox 1273 2378 1352 2435; x_wconf 86' lang='lat' dir='ltr'>retro</span> 
     </span>
     <span class='ocr_line' id='line_1_18' title="bbox 268 2470 583 2535; baseline -0.003 -2"><span class='ocrx_word' id='word_1_124' title='bbox 268 2488 324 2533; x_wconf 92' lang='lat' dir='ltr'>nn.</span> <span class='ocrx_word' id='word_1_125' title='bbox 345 2470 423 2535; x_wconf 78' lang='lat' dir='ltr'>raet</span> <span class='ocrx_word' id='word_1_126' title='bbox 447 2478 477 2531; x_wconf 89' lang='lat' dir='ltr'>et</span> <span class='ocrx_word' id='word_1_127' title='bbox 495 2470 583 2535; x_wconf 83' lang='grc'><strong>1338.</strong></span> 
     </span>
    </p>

    <p class='ocr_par' dir='ltr' id='par_1_7' title="bbox 268 2568 1351 2750">
     <span class='ocr_line' id='line_1_19' title="bbox 309 2568 1351 2651; baseline 0 -18"><span class='ocrx_word' id='word_1_128' title='bbox 309 2572 353 2633; x_wconf 84' lang='lat' dir='ltr'>lte</span> <span class='ocrx_word' id='word_1_129' title='bbox 373 2570 618 2633; x_wconf 86' lang='lat' dir='ltr'>immunitatibus</span> <span class='ocrx_word' id='word_1_130' title='bbox 635 2588 704 2651; x_wconf 80' lang='lat' dir='ltr'>quoe</span> <span class='ocrx_word' id='word_1_131' title='bbox 726 2576 793 2631; x_wconf 87' lang='lat' dir='ltr'>tum</span> <span class='ocrx_word' id='word_1_132' title='bbox 814 2572 885 2649; x_wconf 88' lang='lat' dir='ltr'>jure</span> <span class='ocrx_word' id='word_1_133' title='bbox 908 2568 1028 2642; x_wconf 75' lang='lat' dir='ltr'>divino,</span> <span class='ocrx_word' id='word_1_134' title='bbox 1043 2575 1111 2632; x_wconf 89' lang='lat' dir='ltr'>tum</span> <span class='ocrx_word' id='word_1_135' title='bbox 1125 2572 1196 2647; x_wconf 84' lang='lat' dir='ltr'>jure</span> <span class='ocrx_word' id='word_1_136' title='bbox 1214 2569 1351 2635; x_wconf 84' lang='lat' dir='ltr'>humano</span> 
     </span>
     <span class='ocr_line' id='line_1_20' title="bbox 268 2668 1328 2750; baseline 0.002 -17"><span class='ocrx_word' id='word_1_137' title='bbox 268 2668 407 2733; x_wconf 78' lang='lat' dir='ltr'>Eoulesiae</span> <span class='ocrx_word' id='word_1_138' title='bbox 428 2676 607 2750; x_wconf 74' lang='lat' dir='ltr'>competant,</span> <span class='ocrx_word' id='word_1_139' title='bbox 621 2668 821 2733; x_wconf 77' lang='lat' dir='ltr'>disseruimus</span> <span class='ocrx_word' id='word_1_140' title='bbox 841 2686 896 2730; x_wconf 92' lang='lat' dir='ltr'>nn.</span> <span class='ocrx_word' id='word_1_141' title='bbox 914 2669 992 2733; x_wconf 74' lang='lat'>1342</span> <span class='ocrx_word' id='word_1_142' title='bbox 1010 2675 1039 2731; x_wconf 86' lang='lat' dir='ltr'>at</span> <span class='ocrx_word' id='word_1_143' title='bbox 1065 2670 1155 2733; x_wconf 75' lang='lat'><strong>1343.</strong></span> <span class='ocrx_word' id='word_1_144' title='bbox 1324 2728 1328 2735; x_wconf 84' lang='grc'><em>,</em></span> 
     </span>
    </p>

    <p class='ocr_par' dir='ltr' id='par_1_8' title="bbox 264 2770 1354 4456">
     <span class='ocr_line' id='line_1_21' title="bbox 309 2770 1350 2853; baseline -0.001 -20"><span class='ocrx_word' id='word_1_145' title='bbox 309 2772 349 2833; x_wconf 78' lang='lat' dir='ltr'>lte</span> <span class='ocrx_word' id='word_1_146' title='bbox 369 2772 562 2833; x_wconf 88' lang='lat' dir='ltr'>matrimonio</span> <span class='ocrx_word' id='word_1_147' title='bbox 575 2773 666 2835; x_wconf 86' lang='lat' dir='ltr'>etiam</span> <span class='ocrx_word' id='word_1_148' title='bbox 687 2772 840 2853; x_wconf 82' lang='lat' dir='ltr'>pampioue</span> <span class='ocrx_word' id='word_1_149' title='bbox 858 2774 925 2850; x_wconf 71' lang='lat' dir='ltr'>jam</span> <span class='ocrx_word' id='word_1_150' title='bbox 940 2771 1019 2833; x_wconf 84' lang='lat' dir='ltr'>libro</span> <span class='ocrx_word' id='word_1_151' title='bbox 1040 2772 1090 2833; x_wconf 82' lang='lat' dir='ltr'>tut</span> <span class='ocrx_word' id='word_1_152' title='bbox 1112 2770 1273 2853; x_wconf 83' lang='lat' dir='ltr'>probatum</span> <span class='ocrx_word' id='word_1_153' title='bbox 1293 2778 1350 2849; x_wconf 86' lang='lat' dir='ltr'>est,</span> 
     </span>
     <span class='ocr_line' id='line_1_22' title="bbox 268 2871 1351 2952; baseline 0.003 -18"><span class='ocrx_word' id='word_1_154' title='bbox 268 2872 349 2934; x_wconf 88' lang='lat' dir='ltr'>illud</span> <span class='ocrx_word' id='word_1_155' title='bbox 370 2877 475 2952; x_wconf 80' lang='lat' dir='ltr'>suapte</span> <span class='ocrx_word' id='word_1_156' title='bbox 495 2877 603 2935; x_wconf 88' lang='lat' dir='ltr'>natura</span> <span class='ocrx_word' id='word_1_157' title='bbox 631 2871 669 2934; x_wconf 88' lang='lat' dir='ltr'>ad</span> <span class='ocrx_word' id='word_1_158' title='bbox 686 2871 824 2934; x_wconf 86' lang='lat' dir='ltr'>ordinem</span> <span class='ocrx_word' id='word_1_159' title='bbox 846 2871 991 2934; x_wconf 80' lang='lat' dir='ltr'>moralem</span> <span class='ocrx_word' id='word_1_160' title='bbox 1011 2877 1042 2934; x_wconf 86' lang='lat' dir='ltr'>et</span> <span class='ocrx_word' id='word_1_161' title='bbox 1063 2889 1183 2934; x_wconf 80' lang='lat' dir='ltr'>suorum</span> <span class='ocrx_word' id='word_1_162' title='bbox 1201 2873 1351 2952; x_wconf 64' lang='lat' dir='ltr'>mutinam</span> 
     </span>
     <span class='ocr_line' id='line_1_23' title="bbox 273 2973 1353 3054; baseline 0.001 -18"><span class='ocrx_word' id='word_1_163' title='bbox 273 2973 373 3054; x_wconf 81' lang='grc'>(809).</span> <span class='ocrx_word' id='word_1_164' title='bbox 387 2975 425 3035; x_wconf 78' lang='lat' dir='ltr'>tt</span> <span class='ocrx_word' id='word_1_165' title='bbox 437 2978 579 3052; x_wconf 74' lang='lat' dir='ltr'>praterea</span> <span class='ocrx_word' id='word_1_166' title='bbox 598 2991 688 3036; x_wconf 81' lang='lat' dir='ltr'>atomo</span> <span class='ocrx_word' id='word_1_167' title='bbox 700 2973 816 3051; x_wconf 74' lang='lat' dir='ltr'>ignorat</span> <span class='ocrx_word' id='word_1_168' title='bbox 828 2973 1059 3035; x_wconf 78' lang='lat' dir='ltr'>matrimonium</span> <span class='ocrx_word' id='word_1_169' title='bbox 1070 2973 1109 3035; x_wconf 89' lang='lat' dir='ltr'>ad</span> <span class='ocrx_word' id='word_1_170' title='bbox 1121 2973 1353 3037; x_wconf 60' lang='lat' dir='ltr'>memmiae</span> 
     </span>
     <span class='ocr_line' id='line_1_24' title="bbox 266 3072 1350 3154; baseline 0 -21"><span class='ocrx_word' id='word_1_171' title='bbox 266 3073 417 3154; x_wconf 76' lang='lat' dir='ltr'>gnitatem</span> <span class='ocrx_word' id='word_1_172' title='bbox 437 3072 531 3134; x_wconf 84' lang='lat' dir='ltr'>tuisse</span> <span class='ocrx_word' id='word_1_173' title='bbox 553 3091 570 3134; x_wconf 86' lang='lat' dir='ltr'>a</span> <span class='ocrx_word' id='word_1_174' title='bbox 590 3073 710 3135; x_wconf 84' lang='lat' dir='ltr'>Christo</span> <span class='ocrx_word' id='word_1_175' title='bbox 728 3073 855 3134; x_wconf 82' lang='lat' dir='ltr'>Domino</span> <span class='ocrx_word' id='word_1_176' title='bbox 871 3078 1019 3134; x_wconf 85' lang='lat' dir='ltr'>ereetum.</span> <span class='ocrx_word' id='word_1_177' title='bbox 1039 3073 1158 3148; x_wconf 83' lang='lat' dir='ltr'>Quibus</span> <span class='ocrx_word' id='word_1_178' title='bbox 1176 3073 1297 3136; x_wconf 81' lang='lat' dir='ltr'>duobos</span> <span class='ocrx_word' id='word_1_179' title='bbox 1315 3074 1350 3136; x_wconf 89' lang='lat' dir='ltr'>tit</span> 
     </span>
     <span class='ocr_line' id='line_1_25' title="bbox 267 3170 1349 3252; baseline -0.004 -14"><span class='ocrx_word' id='word_1_180' title='bbox 267 3175 468 3238; x_wconf 79' lang='lat' dir='ltr'>manifestum</span> <span class='ocrx_word' id='word_1_181' title='bbox 483 3174 584 3236; x_wconf 88' lang='lat' dir='ltr'>nullas</span> <span class='ocrx_word' id='word_1_182' title='bbox 599 3174 680 3252; x_wconf 77' lang='lat' dir='ltr'>leges</span> <span class='ocrx_word' id='word_1_183' title='bbox 698 3173 734 3236; x_wconf 76' lang='lat' dir='ltr'>att</span> <span class='ocrx_word' id='word_1_184' title='bbox 748 3173 975 3234; x_wconf 86' lang='lat' dir='ltr'>matrimonium</span> <span class='ocrx_word' id='word_1_185' title='bbox 991 3171 1072 3234; x_wconf 79' lang='lat' dir='ltr'>licite</span> <span class='ocrx_word' id='word_1_186' title='bbox 1085 3189 1119 3234; x_wconf 85' lang='lat' dir='ltr'>ao</span> <span class='ocrx_word' id='word_1_187' title='bbox 1128 3170 1230 3234; x_wconf 81' lang='lat' dir='ltr'>aalide</span> <span class='ocrx_word' id='word_1_188' title='bbox 1241 3173 1349 3235; x_wconf 88' lang='lat' dir='ltr'>ineun-</span> 
     </span>
     <span class='ocr_line' id='line_1_26' title="bbox 264 3273 1351 3354; baseline 0 -18"><span class='ocrx_word' id='word_1_189' title='bbox 264 3275 346 3336; x_wconf 89' lang='lat' dir='ltr'>dum</span> <span class='ocrx_word' id='word_1_190' title='bbox 354 3273 544 3354; x_wconf 80' lang='lat' dir='ltr'>pertinentes,</span> <span class='ocrx_word' id='word_1_191' title='bbox 553 3273 713 3352; x_wconf 87' lang='lat' dir='ltr'>nullasque</span> <span class='ocrx_word' id='word_1_192' title='bbox 722 3290 828 3336; x_wconf 82' lang='lat' dir='ltr'>causas</span> <span class='ocrx_word' id='word_1_193' title='bbox 836 3273 1351 3354; x_wconf 82' lang='lat' dir='ltr'>matrimoniales,apotestateseou·</span> 
     </span>
     <span class='ocr_line' id='line_1_27' title="bbox 265 3372 1352 3454; baseline -0.003 -17"><span class='ocrx_word' id='word_1_194' title='bbox 265 3374 327 3437; x_wconf 88' lang='lat' dir='ltr'>lari</span> <span class='ocrx_word' id='word_1_195' title='bbox 347 3373 487 3452; x_wconf 84' lang='lat' dir='ltr'>pendere.</span> <span class='ocrx_word' id='word_1_196' title='bbox 502 3375 600 3448; x_wconf 83' lang='lat' dir='ltr'>Quare</span> <span class='ocrx_word' id='word_1_197' title='bbox 615 3389 677 3434; x_wconf 91' lang='lat' dir='ltr'>non</span> <span class='ocrx_word' id='word_1_198' title='bbox 692 3379 787 3453; x_wconf 83' lang='lat' dir='ltr'>potest</span> <span class='ocrx_word' id='word_1_199' title='bbox 804 3372 867 3436; x_wconf 84' lang='lat' dir='ltr'>hae</span> <span class='ocrx_word' id='word_1_200' title='bbox 881 3373 938 3434; x_wconf 85' lang='lat' dir='ltr'>sibi</span> <span class='ocrx_word' id='word_1_201' title='bbox 954 3373 1043 3436; x_wconf 86' lang='lat' dir='ltr'>aliter</span> <span class='ocrx_word' id='word_1_202' title='bbox 1054 3389 1146 3453; x_wconf 87' lang='lat' dir='ltr'>quam</span> <span class='ocrx_word' id='word_1_203' title='bbox 1160 3391 1214 3454; x_wconf 82' lang='lat' dir='ltr'>per</span> <span class='ocrx_word' id='word_1_204' title='bbox 1229 3373 1352 3435; x_wconf 87' lang='lat' dir='ltr'>saerile-</span> 
     </span>
     <span class='ocr_line' id='line_1_28' title="bbox 266 3473 1354 3555; baseline 0.001 -20"><span class='ocrx_word' id='word_1_205' title='bbox 266 3491 344 3554; x_wconf 81' lang='lat' dir='ltr'>gam</span> <span class='ocrx_word' id='word_1_206' title='bbox 359 3475 584 3552; x_wconf 81' lang='lat' dir='ltr'>usurpationem</span> <span class='ocrx_word' id='word_1_207' title='bbox 600 3473 750 3538; x_wconf 89' lang='lat' dir='ltr'>vindioare</span> <span class='ocrx_word' id='word_1_208' title='bbox 761 3473 915 3554; x_wconf 76' lang='lat' dir='ltr'>judicium</span> <span class='ocrx_word' id='word_1_209' title='bbox 928 3493 1033 3538; x_wconf 87' lang='lat' dir='ltr'>eorum</span> <span class='ocrx_word' id='word_1_210' title='bbox 1046 3493 1114 3555; x_wconf 77' lang='lat' dir='ltr'>qua</span> <span class='ocrx_word' id='word_1_211' title='bbox 1129 3475 1167 3539; x_wconf 87' lang='lat' dir='ltr'>ad</span> <span class='ocrx_word' id='word_1_212' title='bbox 1185 3481 1354 3538; x_wconf 77' lang='lat' dir='ltr'>eonuaotus</span> 
     </span>
     <span class='ocr_line' id='line_1_29' title="bbox 265 3573 1352 3655; baseline 0 -19"><span class='ocrx_word' id='word_1_213' title='bbox 265 3575 504 3636; x_wconf 88' lang='lat' dir='ltr'>matrimonialis</span> <span class='ocrx_word' id='word_1_214' title='bbox 516 3573 698 3636; x_wconf 83' lang='lat' dir='ltr'>validitatem</span> <span class='ocrx_word' id='word_1_215' title='bbox 710 3582 739 3638; x_wconf 91' lang='lat' dir='ltr'>et</span> <span class='ocrx_word' id='word_1_216' title='bbox 751 3577 939 3639; x_wconf 86' lang='lat' dir='ltr'>honestatem</span> <span class='ocrx_word' id='word_1_217' title='bbox 949 3584 979 3639; x_wconf 85' lang='lat' dir='ltr'>et</span> <span class='ocrx_word' id='word_1_218' title='bbox 988 3576 1024 3639; x_wconf 88' lang='lat' dir='ltr'>ad</span> <span class='ocrx_word' id='word_1_219' title='bbox 1033 3579 1105 3655; x_wconf 86' lang='lat' dir='ltr'>jura</span> <span class='ocrx_word' id='word_1_220' title='bbox 1118 3577 1270 3639; x_wconf 84' lang='lat' dir='ltr'>convietus</span> <span class='ocrx_word' id='word_1_221' title='bbox 1282 3593 1352 3638; x_wconf 91' lang='lat' dir='ltr'>oon-</span> 
     </span>
     <span class='ocr_line' id='line_1_30' title="bbox 264 3672 1352 3755; baseline 0 -21"><span class='ocrx_word' id='word_1_222' title='bbox 264 3672 385 3752; x_wconf 78' lang='lat' dir='ltr'>jugalis</span> <span class='ocrx_word' id='word_1_223' title='bbox 405 3674 524 3753; x_wconf 84' lang='lat' dir='ltr'>propria</span> <span class='ocrx_word' id='word_1_224' title='bbox 543 3681 687 3753; x_wconf 83' lang='lat' dir='ltr'>speetant.</span> <span class='ocrx_word' id='word_1_225' title='bbox 714 3677 749 3736; x_wconf 79' lang='lat' dir='ltr'>Et</span> <span class='ocrx_word' id='word_1_226' title='bbox 772 3692 962 3755; x_wconf 71' lang='lat' dir='ltr'>quoeunque</span> <span class='ocrx_word' id='word_1_227' title='bbox 988 3676 1137 3739; x_wconf 78' lang='lat' dir='ltr'>montarso</span> <span class='ocrx_word' id='word_1_228' title='bbox 1161 3677 1352 3753; x_wconf 60' lang='lat' dir='ltr'>nomenatus</span> 
     </span>
     <span class='ocr_line' id='line_1_31' title="bbox 267 3772 1353 3854; baseline -0.001 -19"><span class='ocrx_word' id='word_1_229' title='bbox 267 3773 353 3836; x_wconf 86' lang='lat' dir='ltr'>eirea</span> <span class='ocrx_word' id='word_1_230' title='bbox 372 3789 420 3834; x_wconf 86' lang='lat' dir='ltr'>res</span> <span class='ocrx_word' id='word_1_231' title='bbox 433 3772 500 3836; x_wconf 86' lang='lat' dir='ltr'>illas</span> <span class='ocrx_word' id='word_1_232' title='bbox 514 3772 709 3846; x_wconf 84' lang='lat' dir='ltr'>deorovem&#39;nt,</span> <span class='ocrx_word' id='word_1_233' title='bbox 733 3774 819 3836; x_wconf 90' lang='lat' dir='ltr'>nulla</span> <span class='ocrx_word' id='word_1_234' title='bbox 833 3783 863 3836; x_wconf 86' lang='lat' dir='ltr'>et</span> <span class='ocrx_word' id='word_1_235' title='bbox 881 3776 964 3836; x_wconf 87' lang='lat' dir='ltr'>irrita</span> <span class='ocrx_word' id='word_1_236' title='bbox 976 3778 1050 3836; x_wconf 84' lang='lat' dir='ltr'>mat</span> <span class='ocrx_word' id='word_1_237' title='bbox 1060 3778 1131 3854; x_wconf 85' lang='lat' dir='ltr'>jure</span> <span class='ocrx_word' id='word_1_238' title='bbox 1143 3773 1353 3850; x_wconf 64' lang='lat' dir='ltr'>divinantem</span> 
     </span>
     <span class='ocr_line' id='line_1_32' title="bbox 267 3871 1353 3954; baseline -0.002 -18"><span class='ocrx_word' id='word_1_239' title='bbox 267 3871 360 3936; x_wconf 87' lang='lat' dir='ltr'>nulla</span> <span class='ocrx_word' id='word_1_240' title='bbox 373 3875 462 3936; x_wconf 88' lang='lat' dir='ltr'>etiam</span> <span class='ocrx_word' id='word_1_241' title='bbox 483 3883 513 3935; x_wconf 87' lang='lat' dir='ltr'>et</span> <span class='ocrx_word' id='word_1_242' title='bbox 526 3875 609 3935; x_wconf 87' lang='lat' dir='ltr'>irrita</span> <span class='ocrx_word' id='word_1_243' title='bbox 628 3879 699 3936; x_wconf 83' lang='lat' dir='ltr'>sunt</span> <span class='ocrx_word' id='word_1_244' title='bbox 720 3874 917 3936; x_wconf 84' lang='lat' dir='ltr'>matrimonia</span> <span class='ocrx_word' id='word_1_245' title='bbox 933 3891 1003 3954; x_wconf 73' lang='lat' dir='ltr'>qua</span> <span class='ocrx_word' id='word_1_246' title='bbox 1014 3874 1132 3952; x_wconf 72' lang='lat' dir='ltr'>legibus</span> <span class='ocrx_word' id='word_1_247' title='bbox 1144 3873 1353 3935; x_wconf 60' lang='lat' dir='ltr'>maimanis</span> 
     </span>
     <span class='ocr_line' id='line_1_33' title="bbox 265 3971 1354 4052; baseline -0.001 -17"><span class='ocrx_word' id='word_1_248' title='bbox 265 3971 479 4052; x_wconf 85' lang='lat' dir='ltr'>adversentur,</span> <span class='ocrx_word' id='word_1_249' title='bbox 492 3976 633 4052; x_wconf 81' lang='lat' dir='ltr'>quamvis</span> <span class='ocrx_word' id='word_1_250' title='bbox 649 3989 684 4036; x_wconf 88' lang='lat' dir='ltr'>ea</span> <span class='ocrx_word' id='word_1_251' title='bbox 698 3973 817 4052; x_wconf 76' lang='lat' dir='ltr'>legibus</span> <span class='ocrx_word' id='word_1_252' title='bbox 826 3975 1012 4036; x_wconf 72' lang='lat' dir='ltr'>seouhribus</span> <span class='ocrx_word' id='word_1_253' title='bbox 1026 3973 1219 4034; x_wconf 88' lang='lat' dir='ltr'>viutomnino</span> <span class='ocrx_word' id='word_1_254' title='bbox 1229 3987 1354 4034; x_wconf 76' lang='lat' dir='ltr'>museu-</span> 
     </span>
     <span class='ocr_line' id='line_1_34' title="bbox 268 4071 1354 4154; baseline 0 -20"><span class='ocrx_word' id='word_1_255' title='bbox 268 4081 371 4134; x_wconf 87' lang='lat' dir='ltr'>tanea.</span> <span class='ocrx_word' id='word_1_256' title='bbox 387 4073 449 4134; x_wconf 87' lang='lat' dir='ltr'>ltoe</span> <span class='ocrx_word' id='word_1_257' title='bbox 462 4089 561 4134; x_wconf 91' lang='lat' dir='ltr'>unum</span> <span class='ocrx_word' id='word_1_258' title='bbox 576 4075 669 4152; x_wconf 78' lang='lat' dir='ltr'>igitur</span> <span class='ocrx_word' id='word_1_259' title='bbox 681 4074 809 4136; x_wconf 79' lang='lat' dir='ltr'>seculari</span> <span class='ocrx_word' id='word_1_260' title='bbox 821 4074 959 4154; x_wconf 83' lang='lat' dir='ltr'>potestati</span> <span class='ocrx_word' id='word_1_261' title='bbox 976 4073 1033 4134; x_wconf 85' lang='lat' dir='ltr'>hae</span> <span class='ocrx_word' id='word_1_262' title='bbox 1042 4073 1075 4134; x_wconf 89' lang='lat' dir='ltr'>ln</span> <span class='ocrx_word' id='word_1_263' title='bbox 1086 4089 1120 4134; x_wconf 86' lang='lat' dir='ltr'>re</span> <span class='ocrx_word' id='word_1_264' title='bbox 1129 4077 1269 4152; x_wconf 73' lang='lat' dir='ltr'>promte</span> <span class='ocrx_word' id='word_1_265' title='bbox 1281 4071 1354 4134; x_wconf 84' lang='lat' dir='ltr'>lies·</span> 
     </span>
     <span class='ocr_line' id='line_1_35' title="bbox 268 4169 1353 4251; baseline -0.002 -17"><span class='ocrx_word' id='word_1_266' title='bbox 268 4171 332 4246; x_wconf 88' lang='lat' dir='ltr'>bit,</span> <span class='ocrx_word' id='word_1_267' title='bbox 353 4171 476 4233; x_wconf 82' lang='lat' dir='ltr'>effeetus</span> <span class='ocrx_word' id='word_1_268' title='bbox 498 4173 611 4235; x_wconf 87' lang='lat' dir='ltr'>soitioet</span> <span class='ocrx_word' id='word_1_269' title='bbox 636 4175 819 4236; x_wconf 86' lang='lat' dir='ltr'>matrimonii</span> <span class='ocrx_word' id='word_1_270' title='bbox 838 4191 922 4236; x_wconf 87' lang='lat' dir='ltr'>mere</span> <span class='ocrx_word' id='word_1_271' title='bbox 944 4172 1049 4235; x_wconf 86' lang='lat' dir='ltr'>oivites</span> <span class='ocrx_word' id='word_1_272' title='bbox 1067 4179 1133 4251; x_wconf 85' lang='lat' dir='ltr'>apte</span> <span class='ocrx_word' id='word_1_273' title='bbox 1147 4169 1299 4244; x_wconf 87' lang='lat' dir='ltr'>ordinare,</span> <span class='ocrx_word' id='word_1_274' title='bbox 1313 4171 1353 4232; x_wconf 88' lang='lat' dir='ltr'>ita</span> 
     </span>
     <span class='ocr_line' id='line_1_36' title="bbox 270 4268 1353 4354; baseline -0.001 -20"><span class='ocrx_word' id='word_1_275' title='bbox 270 4279 389 4344; x_wconf 74' lang='lat' dir='ltr'>tamen</span> <span class='ocrx_word' id='word_1_276' title='bbox 405 4279 439 4332; x_wconf 88' lang='lat' dir='ltr'>ut</span> <span class='ocrx_word' id='word_1_277' title='bbox 452 4270 545 4349; x_wconf 85' lang='lat' dir='ltr'>nihil,</span> <span class='ocrx_word' id='word_1_278' title='bbox 560 4288 599 4336; x_wconf 90' lang='lat' dir='ltr'>ne</span> <span class='ocrx_word' id='word_1_279' title='bbox 611 4274 644 4336; x_wconf 91' lang='lat' dir='ltr'>in</span> <span class='ocrx_word' id='word_1_280' title='bbox 661 4273 718 4337; x_wconf 86' lang='lat' dir='ltr'>hoo</span> <span class='ocrx_word' id='word_1_281' title='bbox 732 4273 836 4338; x_wconf 87' lang='lat' dir='ltr'>ordine</span> <span class='ocrx_word' id='word_1_282' title='bbox 849 4273 989 4354; x_wconf 82' lang='lat' dir='ltr'>quidem,</span> <span class='ocrx_word' id='word_1_283' title='bbox 1005 4275 1117 4334; x_wconf 78' lang='lat' dir='ltr'>statuat</span> <span class='ocrx_word' id='word_1_284' title='bbox 1128 4270 1247 4348; x_wconf 68' lang='lat' dir='ltr'>legibus</span> <span class='ocrx_word' id='word_1_285' title='bbox 1259 4268 1353 4334; x_wconf 78' lang='lat' dir='ltr'>emto·</span> 
     </span>
     <span class='ocr_line' id='line_1_37' title="bbox 270 4373 763 4456; baseline 0.004 -22"><span class='ocrx_word' id='word_1_286' title='bbox 270 4373 403 4434; x_wconf 81' lang='lat' dir='ltr'>siastioia</span> <span class='ocrx_word' id='word_1_287' title='bbox 419 4373 562 4436; x_wconf 76' lang='lat' dir='ltr'>induente</span> <span class='ocrx_word' id='word_1_288' title='bbox 581 4391 763 4456; x_wconf 76' lang='lat' dir='ltr'>repugnans.</span> 
     </span>
    </p>

    <p class='ocr_par' dir='ltr' id='par_1_9' title="bbox 267 4471 1417 4758">
     <span class='ocr_line' id='line_1_38' title="bbox 314 4471 1357 4556; baseline -0.002 -20"><span class='ocrx_word' id='word_1_289' title='bbox 314 4475 450 4552; x_wconf 83' lang='lat' dir='ltr'>Denique</span> <span class='ocrx_word' id='word_1_290' title='bbox 467 4476 662 4536; x_wconf 79' lang='lat' dir='ltr'>manifestum</span> <span class='ocrx_word' id='word_1_291' title='bbox 679 4482 723 4538; x_wconf 86' lang='lat' dir='ltr'>est</span> <span class='ocrx_word' id='word_1_292' title='bbox 736 4493 900 4556; x_wconf 85' lang='lat' dir='ltr'>puerorum</span> <span class='ocrx_word' id='word_1_293' title='bbox 910 4477 943 4537; x_wconf 88' lang='lat' dir='ltr'>in</span> <span class='ocrx_word' id='word_1_294' title='bbox 957 4475 1081 4546; x_wconf 76' lang='lat' dir='ltr'>maelis,</span> <span class='ocrx_word' id='word_1_295' title='bbox 1095 4472 1232 4552; x_wconf 76' lang='lat' dir='ltr'>oollegiis</span> <span class='ocrx_word' id='word_1_296' title='bbox 1240 4489 1294 4538; x_wconf 84' lang='lat' dir='ltr'>eeu</span> <span class='ocrx_word' id='word_1_297' title='bbox 1307 4471 1357 4551; x_wconf 69' lang='grc'>1)·-</span> 
     </span>
     <span class='ocr_line' id='line_1_39' title="bbox 267 4572 1417 4654; baseline -0.008 -17"><span class='ocrx_word' id='word_1_298' title='bbox 267 4572 341 4637; x_wconf 79' lang='lat' dir='ltr'>cais</span> <span class='ocrx_word' id='word_1_299' title='bbox 367 4575 588 4638; x_wconf 82' lang='lat' dir='ltr'>institutionem</span> <span class='ocrx_word' id='word_1_300' title='bbox 617 4575 654 4637; x_wconf 87' lang='lat' dir='ltr'>ad</span> <span class='ocrx_word' id='word_1_301' title='bbox 681 4575 824 4639; x_wconf 88' lang='lat' dir='ltr'>moralem</span> <span class='ocrx_word' id='word_1_302' title='bbox 846 4581 876 4637; x_wconf 88' lang='lat' dir='ltr'>et</span> <span class='ocrx_word' id='word_1_303' title='bbox 899 4575 1073 4654; x_wconf 75' lang='lat' dir='ltr'>religiosum</span> <span class='ocrx_word' id='word_1_304' title='bbox 1100 4572 1237 4638; x_wconf 83' lang='lat' dir='ltr'>ordinem</span> <span class='ocrx_word' id='word_1_305' title='bbox 1266 4587 1358 4652; x_wconf 81' lang='lat' dir='ltr'>quarn</span> <span class='ocrx_word' id='word_1_306' title='bbox 1414 4621 1417 4628; x_wconf 93' lang='lat'>.</span> 
     </span>
     <span class='ocr_line' id='line_1_40' title="bbox 273 4669 1357 4758; baseline -0.006 -23"><span class='ocrx_word' id='word_1_307' title='bbox 273 4673 405 4736; x_wconf 80' lang='lat' dir='ltr'>maxime</span> <span class='ocrx_word' id='word_1_308' title='bbox 425 4675 583 4754; x_wconf 80' lang='lat' dir='ltr'>pertinere.</span> <span class='ocrx_word' id='word_1_309' title='bbox 599 4675 701 4751; x_wconf 87' lang='lat' dir='ltr'>Quum</span> <span class='ocrx_word' id='word_1_310' title='bbox 716 4676 800 4738; x_wconf 87' lang='lat' dir='ltr'>enim</span> <span class='ocrx_word' id='word_1_311' title='bbox 819 4673 946 4737; x_wconf 86' lang='lat' dir='ltr'>moralis</span> <span class='ocrx_word' id='word_1_312' title='bbox 962 4673 1095 4756; x_wconf 77' lang='lat' dir='ltr'>probitas</span> <span class='ocrx_word' id='word_1_313' title='bbox 1107 4672 1156 4740; x_wconf 87' lang='lat' dir='ltr'>rel</span> <span class='ocrx_word' id='word_1_314' title='bbox 1169 4669 1357 4758; x_wconf 65' lang='lat' dir='ltr'>improbitas,</span> 
     </span>
    </p>
   </div>
   <div class='ocr_carea' id='block_1_3' title="bbox 275 4767 1358 4933">
    <p class='ocr_par' dir='ltr' id='par_1_10' title="bbox 275 4767 1358 4933">
     <span class='ocr_line' id='line_1_41' title="bbox 275 4767 1358 4852; baseline -0.005 -18"><span class='ocrx_word' id='word_1_315' title='bbox 275 4771 607 4850; x_wconf 79' lang='lat' dir='ltr'>etreligionisstudiom</span> <span class='ocrx_word' id='word_1_316' title='bbox 628 4771 1272 4852; x_wconf 72' lang='lat' dir='ltr'>votnegtrrtus,tnvinoquoqoehomineoer</span> <span class='ocrx_word' id='word_1_317' title='bbox 1285 4767 1358 4830; x_wconf 84' lang='lat' dir='ltr'>reli-</span> 
     </span>
     <span class='ocr_line' id='line_1_42' title="bbox 1161 4871 1200 4933; baseline 0.026 -1"><span class='ocrx_word' id='word_1_318' title='bbox 1161 4871 1200 4933; x_wconf 80' lang='lat' dir='ltr'>tt</span> 
     </span>
    </p>
   </div>
   <div class='ocr_carea' id='block_1_4' title="bbox 0 0 1784 5675">
    <p class='ocr_par' dir='ltr' id='par_1_11' title="bbox 0 0 1784 5675">
     <span class='ocr_line' id='line_1_43' title="bbox 0 0 1784 5675; baseline 0 0"><span class='ocrx_word' id='word_1_319' title='bbox 0 0 1784 5675; x_wconf 95' lang='lat' dir='ltr'> </span> 
     </span>
    </p>
   </div>
  </div>
 </body>
</html>
