<?xml version="1.0" encoding="UTF-8"?>
<!DOCTYPE html PUBLIC "-//W3C//DTD XHTML 1.0 Transitional//EN"
    "http://www.w3.org/TR/xhtml1/DTD/xhtml1-transitional.dtd">
<html xmlns="http://www.w3.org/1999/xhtml" xml:lang="en" lang="en">
 <head>
  <title>
</title>
<meta http-equiv="Content-Type" content="text/html;charset=utf-8" />
  <meta name='ocr-system' content='tesseract 3.04.00' />
  <meta name='ocr-capabilities' content='ocr_page ocr_carea ocr_par ocr_line ocrx_word'/>
</head>
<body>
  <div class='ocr_page' id='page_1' title='image "./jurisnaturalisu00bensgoog_0296.png"; bbox 0 0 3559 5675; ppageno 0'>
   <div class='ocr_carea' id='block_1_1' title="bbox 477 696 1141 788">
    <p class='ocr_par' dir='ltr' id='par_1_1' title="bbox 477 696 1141 788">
     <span class='ocr_line' id='line_1_1' title="bbox 477 696 1141 788; baseline -0.008 -1"><span class='ocrx_word' id='word_1_1' title='bbox 477 725 535 788; x_wconf 73' lang='lat'><strong>288</strong></span> <span class='ocrx_word' id='word_1_2' title='bbox 729 764 734 773; x_wconf 83' lang='lat'>-</span> <span class='ocrx_word' id='word_1_3' title='bbox 881 737 963 784; x_wconf 76' lang='lat' dir='ltr'><strong>onnia</strong></span> <span class='ocrx_word' id='word_1_4' title='bbox 983 696 1141 784; x_wconf 72' lang='lat' dir='ltr'><strong>aaronem</strong></span> 
     </span>
    </p>
   </div>
   <div class='ocr_carea' id='block_1_2' title="bbox 444 840 1581 3903">
    <p class='ocr_par' dir='ltr' id='par_1_2' title="bbox 444 840 1520 1220">
     <span class='ocr_line' id='line_1_2' title="bbox 479 840 1518 922; baseline -0.001 -17"><span class='ocrx_word' id='word_1_5' title='bbox 479 845 631 906; x_wconf 86' lang='lat' dir='ltr'><strong>nativitate</strong></span> <span class='ocrx_word' id='word_1_6' title='bbox 645 843 690 906; x_wconf 83' lang='lat' dir='ltr'><strong>rel</strong></span> <span class='ocrx_word' id='word_1_7' title='bbox 702 842 859 916; x_wconf 86' lang='lat' dir='ltr'><strong>eleetione,</strong></span> <span class='ocrx_word' id='word_1_8' title='bbox 872 847 961 921; x_wconf 88' lang='lat' dir='ltr'><strong>prout</strong></span> <span class='ocrx_word' id='word_1_9' title='bbox 971 841 1156 922; x_wconf 75' lang='lat' dir='ltr'><strong>principatus</strong></span> <span class='ocrx_word' id='word_1_10' title='bbox 1169 847 1214 904; x_wconf 85' lang='lat' dir='ltr'><strong>eat</strong></span> <span class='ocrx_word' id='word_1_11' title='bbox 1232 840 1280 904; x_wconf 81' lang='lat' dir='ltr'><strong>vel</strong></span> <span class='ocrx_word' id='word_1_12' title='bbox 1297 841 1474 906; x_wconf 80' lang='lat' dir='ltr'><strong>neredinnus</strong></span> <span class='ocrx_word' id='word_1_13' title='bbox 1483 843 1518 904; x_wconf 85' lang='lat' dir='ltr'><strong>nl</strong></span> 
     </span>
     <span class='ocr_line' id='line_1_3' title="bbox 478 925 1519 1027; baseline -0.004 -21"><span class='ocrx_word' id='word_1_14' title='bbox 478 925 631 1027; x_wconf 72' lang='lat' dir='ltr'><strong>electivae.</strong></span> <span class='ocrx_word' id='word_1_15' title='bbox 647 943 725 1019; x_wconf 78' lang='lat' dir='ltr'><strong>Ergo</strong></span> <span class='ocrx_word' id='word_1_16' title='bbox 740 942 769 1002; x_wconf 86' lang='lat' dir='ltr'><strong>t·</strong></span> <span class='ocrx_word' id='word_1_17' title='bbox 783 940 934 1020; x_wconf 66' lang='lat' dir='ltr'><strong>meantis</strong></span> <span class='ocrx_word' id='word_1_18' title='bbox 954 940 1165 1006; x_wconf 83' lang='lat' dir='ltr'><strong>constituentia</strong></span> <span class='ocrx_word' id='word_1_19' title='bbox 1176 940 1308 1004; x_wconf 83' lang='lat' dir='ltr'><strong>officium</strong></span> <span class='ocrx_word' id='word_1_20' title='bbox 1316 942 1519 1012; x_wconf 73' lang='lat' dir='ltr'><strong>,eelnornrarrel</strong></span> 
     </span>
     <span class='ocr_line' id='line_1_4' title="bbox 479 1025 1520 1120; baseline 0 -16"><span class='ocrx_word' id='word_1_21' title='bbox 479 1042 676 1106; x_wconf 73' lang='lat' dir='ltr'><strong>somessionis</strong></span> <span class='ocrx_word' id='word_1_22' title='bbox 697 1025 745 1102; x_wconf 77' lang='lat' dir='ltr'><strong>vel</strong></span> <span class='ocrx_word' id='word_1_23' title='bbox 764 1039 918 1102; x_wconf 71' lang='lat' dir='ltr'><strong>electionis</strong></span> <span class='ocrx_word' id='word_1_24' title='bbox 932 1039 971 1100; x_wconf 88' lang='lat' dir='ltr'><strong>ad</strong></span> <span class='ocrx_word' id='word_1_25' title='bbox 982 1039 1145 1120; x_wconf 78' lang='lat' dir='ltr'><strong>pubiicum</strong></span> <span class='ocrx_word' id='word_1_26' title='bbox 1162 1041 1277 1104; x_wconf 88' lang='lat' dir='ltr'><strong>bonnm</strong></span> <span class='ocrx_word' id='word_1_27' title='bbox 1297 1042 1520 1104; x_wconf 83' lang='lat' dir='ltr'><strong>maximaaeoon·</strong></span> 
     </span>
     <span class='ocr_line' id='line_1_5' title="bbox 444 1141 833 1220; baseline -0.015 -13"><span class='ocrx_word' id='word_1_28' title='bbox 444 1143 450 1155; x_wconf 87' lang='lat'>&#39;</span> <span class='ocrx_word' id='word_1_29' title='bbox 479 1141 833 1220; x_wconf 80' lang='lat' dir='ltr'><strong>modateadeterminare.</strong></span> 
     </span>
    </p>

    <p class='ocr_par' dir='ltr' id='par_1_3' title="bbox 479 1239 1581 3123">
     <span class='ocr_line' id='line_1_6' title="bbox 518 1239 1581 1321; baseline 0.005 -18"><span class='ocrx_word' id='word_1_30' title='bbox 518 1240 551 1303; x_wconf 72' lang='lat'><strong>2·</strong></span> <span class='ocrx_word' id='word_1_31' title='bbox 564 1244 714 1318; x_wconf 82' lang='lat' dir='ltr'><strong>Quoniam</strong></span> <span class='ocrx_word' id='word_1_32' title='bbox 727 1239 871 1321; x_wconf 83' lang='lat' dir='ltr'><strong>principie</strong></span> <span class='ocrx_word' id='word_1_33' title='bbox 885 1241 1076 1304; x_wconf 68' lang='lat' dir='ltr'><strong>incolumitas</strong></span> <span class='ocrx_word' id='word_1_34' title='bbox 1099 1248 1144 1307; x_wconf 79' lang='lat' dir='ltr'><strong>eal</strong></span> <span class='ocrx_word' id='word_1_35' title='bbox 1156 1242 1325 1317; x_wconf 75' lang='lat' dir='ltr'><strong>nnivemala</strong></span> <span class='ocrx_word' id='word_1_36' title='bbox 1336 1241 1471 1312; x_wconf 72' lang='lat' dir='ltr'><strong>,sedentia</strong></span> <span class='ocrx_word' id='word_1_37' title='bbox 1482 1242 1521 1308; x_wconf 85' lang='lat' dir='ltr'><strong>bo·</strong></span> <span class='ocrx_word' id='word_1_38' title='bbox 1580 1245 1581 1248; x_wconf 74' lang='grc'>’</span> 
     </span>
     <span class='ocr_line' id='line_1_7' title="bbox 481 1341 1522 1424; baseline -0.002 -18"><span class='ocrx_word' id='word_1_39' title='bbox 481 1361 568 1420; x_wconf 89' lang='lat' dir='ltr'><strong>num,</strong></span> <span class='ocrx_word' id='word_1_40' title='bbox 590 1341 723 1405; x_wconf 88' lang='lat' dir='ltr'><strong>oilieiutn</strong></span> <span class='ocrx_word' id='word_1_41' title='bbox 736 1341 881 1424; x_wconf 78' lang='lat' dir='ltr'><strong>principie</strong></span> <span class='ocrx_word' id='word_1_42' title='bbox 894 1343 951 1402; x_wconf 86' lang='lat' dir='ltr'><strong>erit</strong></span> <span class='ocrx_word' id='word_1_43' title='bbox 971 1358 1031 1403; x_wconf 92' lang='lat' dir='ltr'><strong>non</strong></span> <span class='ocrx_word' id='word_1_44' title='bbox 1055 1342 1156 1404; x_wconf 80' lang='lat' dir='ltr'><strong>nolum</strong></span> <span class='ocrx_word' id='word_1_45' title='bbox 1178 1343 1371 1422; x_wconf 74' lang='lat' dir='ltr'>individuale,</span> <span class='ocrx_word' id='word_1_46' title='bbox 1391 1343 1522 1406; x_wconf 78' lang='lat' dir='ltr'><strong>autenm</strong></span> 
     </span>
     <span class='ocr_line' id='line_1_8' title="bbox 480 1440 1525 1522; baseline -0.004 -14"><span class='ocrx_word' id='word_1_47' title='bbox 480 1442 605 1520; x_wconf 82' lang='lat' dir='ltr'><strong>aoeiale,</strong></span> <span class='ocrx_word' id='word_1_48' title='bbox 614 1443 663 1504; x_wconf 82' lang='lat' dir='ltr'><strong>oni</strong></span> <span class='ocrx_word' id='word_1_49' title='bbox 674 1440 973 1522; x_wconf 82' lang='lat' dir='ltr'><strong>ipeineeonaerualio.</strong></span> <span class='ocrx_word' id='word_1_50' title='bbox 982 1443 1139 1520; x_wconf 76' lang='lat' dir='ltr'><strong>Quonim,</strong></span> <span class='ocrx_word' id='word_1_51' title='bbox 1150 1442 1368 1505; x_wconf 75' lang='lat' dir='ltr'><strong>eteihudanda</strong></span> <span class='ocrx_word' id='word_1_52' title='bbox 1377 1442 1408 1505; x_wconf 91' lang='lat' dir='ltr'><strong>in</strong></span> <span class='ocrx_word' id='word_1_53' title='bbox 1419 1442 1525 1522; x_wconf 73' lang='lat' dir='ltr'>principe</span> 
     </span>
     <span class='ocr_line' id='line_1_9' title="bbox 481 1539 1525 1624; baseline -0.007 -17"><span class='ocrx_word' id='word_1_54' title='bbox 481 1545 577 1607; x_wconf 77' lang='lat' dir='ltr'><strong>virtue</strong></span> <span class='ocrx_word' id='word_1_55' title='bbox 593 1543 632 1603; x_wconf 80' lang='lat' dir='ltr'><strong>eit</strong></span> <span class='ocrx_word' id='word_1_56' title='bbox 648 1541 819 1618; x_wconf 90' lang='lat' dir='ltr'><strong>elementia,</strong></span> <span class='ocrx_word' id='word_1_57' title='bbox 834 1547 966 1604; x_wconf 78' lang='lat' dir='ltr'><strong>attamen</strong></span> <span class='ocrx_word' id='word_1_58' title='bbox 980 1540 1181 1622; x_wconf 79' lang='lat' dir='ltr'><strong>vituperanda·</strong></span> <span class='ocrx_word' id='word_1_59' title='bbox 1190 1549 1220 1604; x_wconf 87' lang='lat' dir='ltr'><strong>et</strong></span> <span class='ocrx_word' id='word_1_60' title='bbox 1241 1541 1398 1624; x_wconf 83' lang='lat' dir='ltr'><strong>culpabilis</strong></span> <span class='ocrx_word' id='word_1_61' title='bbox 1420 1539 1525 1604; x_wconf 73' lang='lat' dir='ltr'><strong>morte</strong></span> 
     </span>
     <span class='ocr_line' id='line_1_10' title="bbox 481 1641 1525 1722; baseline -0.004 -16"><span class='ocrx_word' id='word_1_62' title='bbox 481 1641 632 1706; x_wconf 81' lang='lat' dir='ltr'><strong>inondum</strong></span> <span class='ocrx_word' id='word_1_63' title='bbox 645 1646 735 1714; x_wconf 82' lang='lat' dir='ltr'><strong>eeaet,</strong></span> <span class='ocrx_word' id='word_1_64' title='bbox 748 1657 816 1720; x_wconf 81' lang='lat' dir='ltr'><strong>qun</strong></span> <span class='ocrx_word' id='word_1_65' title='bbox 830 1647 931 1704; x_wconf 83' lang='lat' dir='ltr'><strong>contra</strong></span> <span class='ocrx_word' id='word_1_66' title='bbox 951 1641 1136 1704; x_wconf 83' lang='lat' dir='ltr'><strong>illinavitam</strong></span> <span class='ocrx_word' id='word_1_67' title='bbox 1146 1647 1284 1706; x_wconf 83' lang='lat' dir='ltr'><strong>eteontra</strong></span> <span class='ocrx_word' id='word_1_68' title='bbox 1295 1641 1525 1722; x_wconf 78' lang='lat' dir='ltr'><strong>annontaiapea·</strong></span> 
     </span>
     <span class='ocr_line' id='line_1_11' title="bbox 484 1737 1527 1821; baseline -0.006 -17"><span class='ocrx_word' id='word_1_69' title='bbox 484 1741 649 1804; x_wconf 74' lang='lat' dir='ltr'><strong>senionem</strong></span> <span class='ocrx_word' id='word_1_70' title='bbox 670 1756 764 1820; x_wconf 85' lang='lat' dir='ltr'><strong>qnam</strong></span> <span class='ocrx_word' id='word_1_71' title='bbox 785 1741 849 1821; x_wconf 82' lang='lat' dir='ltr'><strong>ipae</strong></span> <span class='ocrx_word' id='word_1_72' title='bbox 872 1737 1006 1818; x_wconf 76' lang='lat' dir='ltr'><strong>legitime</strong></span> <span class='ocrx_word' id='word_1_73' title='bbox 1029 1737 1156 1812; x_wconf 76' lang='lat' dir='ltr'><strong>amnt.</strong></span> <span class='ocrx_word' id='word_1_74' title='bbox 1181 1745 1292 1818; x_wconf 73' lang='lat' dir='ltr'><strong>natata</strong></span> <span class='ocrx_word' id='word_1_75' title='bbox 1314 1739 1527 1820; x_wconf 63' lang='lat' dir='ltr'><strong>sint-impona</strong></span> 
     </span>
     <span class='ocr_line' id='line_1_12' title="bbox 481 1839 1527 1922; baseline -0.003 -19"><span class='ocrx_word' id='word_1_76' title='bbox 481 1841 669 1922; x_wconf 84' lang='lat' dir='ltr'><strong>relinquere3</strong></span> <span class='ocrx_word' id='word_1_77' title='bbox 682 1841 754 1920; x_wconf 88' lang='lat' dir='ltr'><strong>quia</strong></span> <span class='ocrx_word' id='word_1_78' title='bbox 767 1839 922 1920; x_wconf 78' lang='lat' dir='ltr'><strong>publicam</strong></span> <span class='ocrx_word' id='word_1_79' title='bbox 936 1839 1068 1918; x_wconf 86' lang='lat' dir='ltr'><strong>quietem</strong></span> <span class='ocrx_word' id='word_1_80' title='bbox 1081 1855 1115 1904; x_wconf 86' lang='lat' dir='ltr'><strong>eo</strong></span> <span class='ocrx_word' id='word_1_81' title='bbox 1128 1840 1320 1904; x_wconf 71' lang='lat' dir='ltr'><strong>maritatam</strong></span> <span class='ocrx_word' id='word_1_82' title='bbox 1330 1840 1463 1920; x_wconf 60' lang='lat' dir='ltr'><strong>marinna</strong></span> <span class='ocrx_word' id='word_1_83' title='bbox 1472 1839 1527 1919; x_wconf 87' lang='lat' dir='ltr'><strong>peri·</strong></span> 
     </span>
     <span class='ocr_line' id='line_1_13' title="bbox 479 1939 1527 2022; baseline -0.008 -16"><span class='ocrx_word' id='word_1_84' title='bbox 479 1941 558 2006; x_wconf 78' lang='lat' dir='ltr'><strong>enlin</strong></span> <span class='ocrx_word' id='word_1_85' title='bbox 574 1947 734 2021; x_wconf 65' lang='lat' dir='ltr'><strong>exponant</strong></span> <span class='ocrx_word' id='word_1_86' title='bbox 748 1957 756 2002; x_wconf 80' lang='lat' dir='ltr'><strong>r</strong></span> <span class='ocrx_word' id='word_1_87' title='bbox 771 1940 988 2021; x_wconf 84' lang='lat' dir='ltr'><strong>quodquidam</strong></span> <span class='ocrx_word' id='word_1_88' title='bbox 1002 1956 1086 2020; x_wconf 80' lang='lat' dir='ltr'><strong>nque</strong></span> <span class='ocrx_word' id='word_1_89' title='bbox 1099 1939 1137 2002; x_wconf 90' lang='lat' dir='ltr'><strong>de</strong></span> <span class='ocrx_word' id='word_1_90' title='bbox 1150 1941 1325 2004; x_wconf 74' lang='lat' dir='ltr'><strong>neomaenia</strong></span> <span class='ocrx_word' id='word_1_91' title='bbox 1338 1947 1370 2004; x_wconf 87' lang='lat' dir='ltr'><strong>et</strong></span> <span class='ocrx_word' id='word_1_92' title='bbox 1381 1939 1418 2004; x_wconf 89' lang='lat' dir='ltr'><strong>de</strong></span> <span class='ocrx_word' id='word_1_93' title='bbox 1436 1939 1527 2022; x_wconf 78' lang='lat' dir='ltr'><strong>pulpae·</strong></span> 
     </span>
     <span class='ocr_line' id='line_1_14' title="bbox 479 2041 1527 2120; baseline -0.009 -14"><span class='ocrx_word' id='word_1_94' title='bbox 479 2042 548 2106; x_wconf 79' lang='lat' dir='ltr'><strong>aloia</strong></span> <span class='ocrx_word' id='word_1_95' title='bbox 561 2058 666 2102; x_wconf 85' lang='lat' dir='ltr'><strong>verum</strong></span> <span class='ocrx_word' id='word_1_96' title='bbox 679 2046 803 2102; x_wconf 80' lang='lat' dir='ltr'><strong>osteum</strong></span> <span class='ocrx_word' id='word_1_97' title='bbox 814 2041 871 2103; x_wconf 86' lang='lat' dir='ltr'><strong>hoe</strong></span> <span class='ocrx_word' id='word_1_98' title='bbox 883 2057 946 2102; x_wconf 91' lang='lat' dir='ltr'><strong>uno</strong></span> <span class='ocrx_word' id='word_1_99' title='bbox 959 2041 1145 2118; x_wconf 83' lang='lat' dir='ltr'><strong>dieorimine,</strong></span> <span class='ocrx_word' id='word_1_100' title='bbox 1154 2041 1236 2120; x_wconf 85' lang='lat' dir='ltr'><strong>qnod</strong></span> <span class='ocrx_word' id='word_1_101' title='bbox 1249 2041 1282 2104; x_wconf 91' lang='lat' dir='ltr'><strong>in</strong></span> <span class='ocrx_word' id='word_1_102' title='bbox 1293 2041 1460 2104; x_wconf 84' lang='lat' dir='ltr'><strong>monarohia</strong></span> <span class='ocrx_word' id='word_1_103' title='bbox 1469 2055 1527 2100; x_wconf 86' lang='lat' dir='ltr'><strong>noo</strong></span> 
     </span>
     <span class='ocr_line' id='line_1_15' title="bbox 481 2139 1528 2224; baseline -0.007 -18"><span class='ocrx_word' id='word_1_104' title='bbox 481 2142 630 2206; x_wconf 79' lang='lat' dir='ltr'>individui</span> <span class='ocrx_word' id='word_1_105' title='bbox 644 2148 690 2204; x_wconf 81' lang='lat' dir='ltr'><strong>ent</strong></span> <span class='ocrx_word' id='word_1_106' title='bbox 703 2159 785 2204; x_wconf 84' lang='lat' dir='ltr'><strong>more</strong></span> <span class='ocrx_word' id='word_1_107' title='bbox 800 2143 946 2224; x_wconf 76' lang='lat' dir='ltr'><strong>principie</strong></span> <span class='ocrx_word' id='word_1_108' title='bbox 953 2157 964 2220; x_wconf 81' lang='lat'>3</span> <span class='ocrx_word' id='word_1_109' title='bbox 985 2149 1016 2203; x_wconf 92' lang='lat' dir='ltr'><strong>at</strong></span> <span class='ocrx_word' id='word_1_110' title='bbox 1029 2157 1061 2204; x_wconf 92' lang='lat' dir='ltr'><strong>tn</strong></span> <span class='ocrx_word' id='word_1_111' title='bbox 1076 2141 1259 2222; x_wconf 78' lang='lat' dir='ltr'>polyarchia,</span> <span class='ocrx_word' id='word_1_112' title='bbox 1273 2159 1373 2221; x_wconf 81' lang='lat' dir='ltr'><strong>quum</strong></span> <span class='ocrx_word' id='word_1_113' title='bbox 1386 2140 1458 2222; x_wconf 90' lang='lat' dir='ltr'><strong>apud</strong></span> <span class='ocrx_word' id='word_1_114' title='bbox 1469 2139 1528 2200; x_wconf 85' lang='lat' dir='ltr'>illan</span> 
     </span>
     <span class='ocr_line' id='line_1_16' title="bbox 482 2241 1529 2324; baseline -0.006 -18"><span class='ocrx_word' id='word_1_115' title='bbox 482 2244 622 2324; x_wconf 83' lang='lat' dir='ltr'><strong>priooepe</strong></span> <span class='ocrx_word' id='word_1_116' title='bbox 635 2242 675 2302; x_wconf 85' lang='lat' dir='ltr'><strong>eit</strong></span> <span class='ocrx_word' id='word_1_117' title='bbox 687 2257 814 2322; x_wconf 77' lang='lat' dir='ltr'><strong>pareone</strong></span> <span class='ocrx_word' id='word_1_118' title='bbox 827 2241 975 2305; x_wconf 78' lang='lat' dir='ltr'><strong>moralem</strong></span> <span class='ocrx_word' id='word_1_119' title='bbox 991 2247 1109 2304; x_wconf 73' lang='lat' dir='ltr'><strong>nutum</strong></span> <span class='ocrx_word' id='word_1_120' title='bbox 1123 2242 1270 2306; x_wconf 86' lang='lat' dir='ltr'><strong>unitatem</strong></span> <span class='ocrx_word' id='word_1_121' title='bbox 1296 2243 1420 2314; x_wconf 82' lang='lat' dir='ltr'><strong>habam,</strong></span> <span class='ocrx_word' id='word_1_122' title='bbox 1434 2243 1529 2321; x_wconf 77' lang='lat' dir='ltr'><strong>posnan</strong></span> 
     </span>
     <span class='ocr_line' id='line_1_17' title="bbox 481 2341 1529 2422; baseline -0.005 -17"><span class='ocrx_word' id='word_1_123' title='bbox 481 2341 639 2405; x_wconf 79' lang='lat' dir='ltr'><strong>individua</strong></span> <span class='ocrx_word' id='word_1_124' title='bbox 652 2341 855 2422; x_wconf 81' lang='lat' dir='ltr'><strong>principatum</strong></span> <span class='ocrx_word' id='word_1_125' title='bbox 869 2341 1003 2420; x_wconf 74' lang='lat' dir='ltr'><strong>gerenda</strong></span> <span class='ocrx_word' id='word_1_126' title='bbox 1017 2342 1115 2422; x_wconf 84' lang='lat' dir='ltr'><strong>perire</strong></span> <span class='ocrx_word' id='word_1_127' title='bbox 1130 2341 1326 2420; x_wconf 72' lang='lat' dir='ltr'><strong>singillatim,</strong></span> <span class='ocrx_word' id='word_1_128' title='bbox 1339 2343 1413 2420; x_wconf 83' lang='lat' dir='ltr'><strong>puin</strong></span> <span class='ocrx_word' id='word_1_129' title='bbox 1425 2341 1529 2422; x_wconf 78' lang='lat' dir='ltr'><strong>ptionpn</strong></span> 
     </span>
     <span class='ocr_line' id='line_1_18' title="bbox 480 2439 1530 2524; baseline -0.008 -20"><span class='ocrx_word' id='word_1_130' title='bbox 480 2449 591 2524; x_wconf 77' lang='lat' dir='ltr'><strong>pereat.</strong></span> <span class='ocrx_word' id='word_1_131' title='bbox 606 2443 703 2516; x_wconf 83' lang='lat' dir='ltr'><strong>Quare</strong></span> <span class='ocrx_word' id='word_1_132' title='bbox 714 2439 865 2519; x_wconf 87' lang='lat' dir='ltr'><strong>quidquid</strong></span> <span class='ocrx_word' id='word_1_133' title='bbox 874 2447 979 2502; x_wconf 87' lang='lat' dir='ltr'><strong>eontra</strong></span> <span class='ocrx_word' id='word_1_134' title='bbox 989 2441 1160 2504; x_wconf 77' lang='lat' dir='ltr'><strong>monarche</strong></span> <span class='ocrx_word' id='word_1_135' title='bbox 1173 2442 1266 2506; x_wconf 84' lang='lat' dir='ltr'><strong>vitam</strong></span> <span class='ocrx_word' id='word_1_136' title='bbox 1280 2443 1348 2518; x_wconf 85' lang='lat' dir='ltr'><strong>fiat,</strong></span> <span class='ocrx_word' id='word_1_137' title='bbox 1362 2448 1407 2504; x_wconf 82' lang='lat' dir='ltr'><strong>eet</strong></span> <span class='ocrx_word' id='word_1_138' title='bbox 1419 2441 1530 2502; x_wconf 79' lang='lat' dir='ltr'><strong>doliolum</strong></span> 
     </span>
     <span class='ocr_line' id='line_1_19' title="bbox 481 2527 1581 2620; baseline -0.008 -16"><span class='ocrx_word' id='word_1_139' title='bbox 481 2549 584 2604; x_wconf 79' lang='lat' dir='ltr'><strong>nonna</strong></span> <span class='ocrx_word' id='word_1_140' title='bbox 596 2539 735 2602; x_wconf 72' lang='lat' dir='ltr'><strong>eoemlem</strong></span> <span class='ocrx_word' id='word_1_141' title='bbox 748 2541 936 2602; x_wconf 74' lang='lat' dir='ltr'><strong>existentiam</strong></span> <span class='ocrx_word' id='word_1_142' title='bbox 948 2547 1110 2618; x_wconf 85' lang='lat' dir='ltr'><strong>patratum.</strong></span> <span class='ocrx_word' id='word_1_143' title='bbox 1132 2544 1247 2620; x_wconf 76' lang='lat' dir='ltr'><strong>litque</strong></span> <span class='ocrx_word' id='word_1_144' title='bbox 1268 2549 1374 2604; x_wconf 82' lang='lat' dir='ltr'><strong>ooatm</strong></span> <span class='ocrx_word' id='word_1_145' title='bbox 1396 2537 1529 2603; x_wconf 76' lang='lat' dir='ltr'><strong>nonanto</strong></span> <span class='ocrx_word' id='word_1_146' title='bbox 1580 2527 1581 2536; x_wconf 74' lang='grc'>’</span> 
     </span>
     <span class='ocr_line' id='line_1_20' title="bbox 484 2637 1532 2722; baseline -0.004 -19"><span class='ocrx_word' id='word_1_147' title='bbox 484 2660 502 2703; x_wconf 89' lang='lat' dir='ltr'><strong>e</strong></span> <span class='ocrx_word' id='word_1_148' title='bbox 518 2638 689 2720; x_wconf 73' lang='lat' dir='ltr'><strong>polyarelrie</strong></span> <span class='ocrx_word' id='word_1_149' title='bbox 707 2638 895 2716; x_wconf 75' lang='lat' dir='ltr'><strong>nonenim,</strong></span> <span class='ocrx_word' id='word_1_150' title='bbox 908 2645 1035 2720; x_wconf 76' lang='lat' dir='ltr'><strong>poenum</strong></span> <span class='ocrx_word' id='word_1_151' title='bbox 1045 2639 1203 2704; x_wconf 80' lang='lat' dir='ltr'><strong>individua</strong></span> <span class='ocrx_word' id='word_1_152' title='bbox 1217 2641 1340 2718; x_wconf 78' lang='lat' dir='ltr'><strong>ledere,</strong></span> <span class='ocrx_word' id='word_1_153' title='bbox 1358 2643 1431 2722; x_wconf 84' lang='lat' dir='ltr'><strong>puin</strong></span> <span class='ocrx_word' id='word_1_154' title='bbox 1443 2637 1532 2702; x_wconf 67' lang='lat' dir='ltr'><strong>aalide</strong></span> 
     </span>
     <span class='ocr_line' id='line_1_21' title="bbox 485 2737 1532 2818; baseline -0.006 -14"><span class='ocrx_word' id='word_1_155' title='bbox 485 2740 641 2804; x_wconf 81' lang='lat' dir='ltr'><strong>existentia</strong></span> <span class='ocrx_word' id='word_1_156' title='bbox 662 2737 727 2800; x_wconf 90' lang='lat' dir='ltr'><strong>ullo</strong></span> <span class='ocrx_word' id='word_1_157' title='bbox 741 2743 825 2816; x_wconf 88' lang='lat' dir='ltr'><strong>paeto</strong></span> <span class='ocrx_word' id='word_1_158' title='bbox 846 2739 980 2801; x_wconf 78' lang='lat' dir='ltr'><strong>leuatur.</strong></span> <span class='ocrx_word' id='word_1_159' title='bbox 1000 2743 1077 2818; x_wconf 79' lang='lat' dir='ltr'><strong>Ergo</strong></span> <span class='ocrx_word' id='word_1_160' title='bbox 1090 2741 1259 2804; x_wconf 73' lang='lat' dir='ltr'><strong>monarcha</strong></span> <span class='ocrx_word' id='word_1_161' title='bbox 1273 2743 1335 2804; x_wconf 82' lang='lat' dir='ltr'><strong>rita</strong></span> <span class='ocrx_word' id='word_1_162' title='bbox 1345 2741 1438 2806; x_wconf 89' lang='lat' dir='ltr'><strong>multo</strong></span> <span class='ocrx_word' id='word_1_163' title='bbox 1448 2741 1532 2816; x_wconf 85' lang='lat' dir='ltr'><strong>majore</strong></span> 
     </span>
     <span class='ocr_line' id='line_1_22' title="bbox 486 2840 1580 2923; baseline -0.005 -17"><span class='ocrx_word' id='word_1_164' title='bbox 486 2840 621 2907; x_wconf 80' lang='lat' dir='ltr'><strong>custodia</strong></span> <span class='ocrx_word' id='word_1_165' title='bbox 630 2840 724 2917; x_wconf 78' lang='lat' dir='ltr'><strong>digna</strong></span> <span class='ocrx_word' id='word_1_166' title='bbox 735 2845 801 2917; x_wconf 79' lang='lat' dir='ltr'><strong>eet3</strong></span> <span class='ocrx_word' id='word_1_167' title='bbox 815 2841 978 2920; x_wconf 81' lang='lat' dir='ltr'><strong>prasertim</strong></span> <span class='ocrx_word' id='word_1_168' title='bbox 989 2858 1087 2919; x_wconf 88' lang='lat' dir='ltr'><strong>quum</strong></span> <span class='ocrx_word' id='word_1_169' title='bbox 1101 2844 1230 2921; x_wconf 79' lang='lat' dir='ltr'><strong>impetus</strong></span> <span class='ocrx_word' id='word_1_170' title='bbox 1244 2844 1345 2905; x_wconf 83' lang='lat' dir='ltr'><strong>omnia</strong></span> <span class='ocrx_word' id='word_1_171' title='bbox 1360 2840 1532 2923; x_wconf 78' lang='lat' dir='ltr'><strong>improborum</strong></span> <span class='ocrx_word' id='word_1_172' title='bbox 1579 2886 1580 2891; x_wconf 16' lang='grc' dir='ltr'>η</span> 
     </span>
     <span class='ocr_line' id='line_1_23' title="bbox 485 2937 1533 3020; baseline -0.003 -15"><span class='ocrx_word' id='word_1_173' title='bbox 485 2945 598 3007; x_wconf 85' lang='lat' dir='ltr'><strong>teratur</strong></span> <span class='ocrx_word' id='word_1_174' title='bbox 610 2948 712 3003; x_wconf 86' lang='lat' dir='ltr'><strong>eontra</strong></span> <span class='ocrx_word' id='word_1_175' title='bbox 724 2939 931 3018; x_wconf 85' lang='lat' dir='ltr'><strong>monareham,</strong></span> <span class='ocrx_word' id='word_1_176' title='bbox 945 2958 961 3003; x_wconf 90' lang='lat' dir='ltr'><strong>a</strong></span> <span class='ocrx_word' id='word_1_177' title='bbox 975 2958 1036 3020; x_wconf 89' lang='lat' dir='ltr'><strong>quo</strong></span> <span class='ocrx_word' id='word_1_178' title='bbox 1055 2958 1118 3005; x_wconf 88' lang='lat' dir='ltr'><strong>uno</strong></span> <span class='ocrx_word' id='word_1_179' title='bbox 1142 2943 1226 3006; x_wconf 87' lang='lat' dir='ltr'><strong>irena</strong></span> <span class='ocrx_word' id='word_1_180' title='bbox 1245 2944 1390 3007; x_wconf 78' lang='lat' dir='ltr'><strong>omnibus</strong></span> <span class='ocrx_word' id='word_1_181' title='bbox 1402 2937 1533 3007; x_wconf 63' lang='lat' dir='ltr'><strong>taleme</strong></span> 
     </span>
     <span class='ocr_line' id='line_1_24' title="bbox 488 3040 1580 3123; baseline -0.003 -17"><span class='ocrx_word' id='word_1_182' title='bbox 488 3046 595 3123; x_wconf 84' lang='lat' dir='ltr'><strong>injecta</strong></span> <span class='ocrx_word' id='word_1_183' title='bbox 608 3040 827 3103; x_wconf 85' lang='lat' dir='ltr'><strong>tenerivident.</strong></span> <span class='ocrx_word' id='word_1_184' title='bbox 1579 3098 1580 3103; x_wconf 75' lang='grc'>,</span> 
     </span>
    </p>

    <p class='ocr_par' dir='ltr' id='par_1_4' title="bbox 480 3138 1580 3903">
     <span class='ocr_line' id='line_1_25' title="bbox 527 3138 1580 3225; baseline -0.002 -22"><span class='ocrx_word' id='word_1_185' title='bbox 527 3145 561 3207; x_wconf 79' lang='lat'><strong>3⁰</strong></span> <span class='ocrx_word' id='word_1_186' title='bbox 572 3146 760 3219; x_wconf 75' lang='lat' dir='ltr'><strong>Quocunque</strong></span> <span class='ocrx_word' id='word_1_187' title='bbox 776 3140 915 3223; x_wconf 85' lang='lat' dir='ltr'><strong>prinoepa</strong></span> <span class='ocrx_word' id='word_1_188' title='bbox 934 3142 1070 3209; x_wconf 84' lang='lat' dir='ltr'><strong>enetodia</strong></span> <span class='ocrx_word' id='word_1_189' title='bbox 1085 3149 1270 3225; x_wconf 77' lang='lat' dir='ltr'><strong>protegatur,</strong></span> <span class='ocrx_word' id='word_1_190' title='bbox 1288 3146 1379 3209; x_wconf 85' lang='lat' dir='ltr'><strong>morti</strong></span> <span class='ocrx_word' id='word_1_191' title='bbox 1394 3152 1483 3209; x_wconf 84' lang='lat' dir='ltr'><strong>teman</strong></span> <span class='ocrx_word' id='word_1_192' title='bbox 1497 3138 1533 3202; x_wconf 81' lang='lat' dir='ltr'><strong>ille</strong></span> <span class='ocrx_word' id='word_1_193' title='bbox 1579 3172 1580 3201; x_wconf 59' lang='lat' dir='ltr'><strong>r</strong></span> 
     </span>
     <span class='ocr_line' id='line_1_26' title="bbox 485 3240 1532 3324; baseline -0.006 -17"><span class='ocrx_word' id='word_1_194' title='bbox 485 3245 632 3308; x_wconf 78' lang='lat' dir='ltr'><strong>obnoxius</strong></span> <span class='ocrx_word' id='word_1_195' title='bbox 644 3247 701 3316; x_wconf 84' lang='lat' dir='ltr'><strong>est,</strong></span> <span class='ocrx_word' id='word_1_196' title='bbox 721 3240 856 3319; x_wconf 84' lang='lat' dir='ltr'><strong>adeoque</strong></span> <span class='ocrx_word' id='word_1_197' title='bbox 877 3242 1059 3305; x_wconf 73' lang='lat' dir='ltr'><strong>monarchia</strong></span> <span class='ocrx_word' id='word_1_198' title='bbox 1079 3250 1176 3323; x_wconf 69' lang='lat' dir='ltr'><strong>poten</strong></span> <span class='ocrx_word' id='word_1_199' title='bbox 1198 3246 1406 3324; x_wconf 76' lang='lat' dir='ltr'><strong>interregnum</strong></span> <span class='ocrx_word' id='word_1_200' title='bbox 1419 3244 1532 3309; x_wconf 77' lang='lat' dir='ltr'><strong>accidere.</strong></span> 
     </span>
     <span class='ocr_line' id='line_1_27' title="bbox 487 3343 1533 3437; baseline -0.002 -29"><span class='ocrx_word' id='word_1_201' title='bbox 487 3348 565 3422; x_wconf 77' lang='lat' dir='ltr'><strong>Ergo</strong></span> <span class='ocrx_word' id='word_1_202' title='bbox 578 3361 597 3404; x_wconf 90' lang='lat' dir='ltr'><strong>a</strong></span> <span class='ocrx_word' id='word_1_203' title='bbox 610 3347 751 3423; x_wconf 75' lang='lat' dir='ltr'><strong>potestate</strong></span> <span class='ocrx_word' id='word_1_204' title='bbox 761 3343 960 3405; x_wconf 88' lang='lat' dir='ltr'><strong>eomtituente</strong></span> <span class='ocrx_word' id='word_1_205' title='bbox 974 3343 1013 3405; x_wconf 89' lang='lat' dir='ltr'><strong>ita</strong></span> <span class='ocrx_word' id='word_1_206' title='bbox 1025 3361 1073 3407; x_wconf 84' lang='lat' dir='ltr'><strong>rea</strong></span> <span class='ocrx_word' id='word_1_207' title='bbox 1086 3348 1357 3437; x_wconf 79' lang='lat' dir='ltr'><strong>oomponendaeat,</strong></span> <span class='ocrx_word' id='word_1_208' title='bbox 1365 3360 1403 3413; x_wconf 86' lang='lat' dir='ltr'><strong>ut</strong></span> <span class='ocrx_word' id='word_1_209' title='bbox 1416 3346 1533 3430; x_wconf 74' lang='lat' dir='ltr'><strong>peucin-</strong></span> 
     </span>
     <span class='ocr_line' id='line_1_28' title="bbox 489 3440 1532 3525; baseline 0.002 -21"><span class='ocrx_word' id='word_1_210' title='bbox 489 3444 533 3505; x_wconf 90' lang='lat' dir='ltr'><strong>tui</strong></span> <span class='ocrx_word' id='word_1_211' title='bbox 546 3456 695 3523; x_wconf 75' lang='lat' dir='ltr'><strong>organum</strong></span> <span class='ocrx_word' id='word_1_212' title='bbox 707 3440 780 3503; x_wconf 81' lang='lat' dir='ltr'><strong>eatis</strong></span> <span class='ocrx_word' id='word_1_213' title='bbox 792 3447 897 3520; x_wconf 86' lang='lat' dir='ltr'><strong>aptum</strong></span> <span class='ocrx_word' id='word_1_214' title='bbox 911 3457 973 3503; x_wconf 89' lang='lat' dir='ltr'><strong>non</strong></span> <span class='ocrx_word' id='word_1_215' title='bbox 983 3442 1072 3519; x_wconf 80' lang='lat' dir='ltr'><strong>desit,</strong></span> <span class='ocrx_word' id='word_1_216' title='bbox 1086 3444 1139 3505; x_wconf 81' lang='lat' dir='ltr'><strong>ubi</strong></span> <span class='ocrx_word' id='word_1_217' title='bbox 1150 3445 1272 3525; x_wconf 83' lang='lat' dir='ltr'><strong>perierit</strong></span> <span class='ocrx_word' id='word_1_218' title='bbox 1285 3447 1481 3523; x_wconf 80' lang='lat' dir='ltr'><strong>individuum,</strong></span> <span class='ocrx_word' id='word_1_219' title='bbox 1496 3440 1532 3519; x_wconf 75' lang='lat' dir='ltr'><strong>etti</strong></span> 
     </span>
     <span class='ocr_line' id='line_1_29' title="bbox 488 3539 1534 3625; baseline 0.007 -23"><span class='ocrx_word' id='word_1_220' title='bbox 488 3555 660 3620; x_wconf 74' lang='lat' dir='ltr'><strong>supremam</strong></span> <span class='ocrx_word' id='word_1_221' title='bbox 672 3539 876 3601; x_wconf 88' lang='lat' dir='ltr'><strong>auotoritatem</strong></span> <span class='ocrx_word' id='word_1_222' title='bbox 886 3540 1065 3619; x_wconf 76' lang='lat' dir='ltr'><strong>possidebat.</strong></span> <span class='ocrx_word' id='word_1_223' title='bbox 1091 3544 1157 3605; x_wconf 84' lang='lat' dir='ltr'><strong>ilua</strong></span> <span class='ocrx_word' id='word_1_224' title='bbox 1167 3545 1317 3623; x_wconf 88' lang='lat' dir='ltr'><strong>pertinent</strong></span> <span class='ocrx_word' id='word_1_225' title='bbox 1328 3546 1412 3625; x_wconf 77' lang='lat' dir='ltr'><strong>leges</strong></span> <span class='ocrx_word' id='word_1_226' title='bbox 1425 3539 1534 3623; x_wconf 64' lang='lat' dir='ltr'><strong>rependi</strong></span> 
     </span>
     <span class='ocr_line' id='line_1_30' title="bbox 487 3638 1534 3723; baseline 0 -20"><span class='ocrx_word' id='word_1_227' title='bbox 487 3648 519 3703; x_wconf 83' lang='lat' dir='ltr'><strong>et</strong></span> <span class='ocrx_word' id='word_1_228' title='bbox 533 3638 722 3718; x_wconf 72' lang='lat' dir='ltr'><strong>minoritatis,</strong></span> <span class='ocrx_word' id='word_1_229' title='bbox 737 3656 868 3718; x_wconf 84' lang='lat' dir='ltr'><strong>quarum</strong></span> <span class='ocrx_word' id='word_1_230' title='bbox 884 3641 964 3703; x_wconf 87' lang='lat' dir='ltr'><strong>bona</strong></span> <span class='ocrx_word' id='word_1_231' title='bbox 983 3641 1140 3723; x_wconf 84' lang='lat' dir='ltr'><strong>disponitio</strong></span> <span class='ocrx_word' id='word_1_232' title='bbox 1152 3650 1182 3705; x_wconf 88' lang='lat' dir='ltr'><strong>et</strong></span> <span class='ocrx_word' id='word_1_233' title='bbox 1193 3646 1406 3722; x_wconf 77' lang='lat' dir='ltr'><strong>gravissimum</strong></span> <span class='ocrx_word' id='word_1_234' title='bbox 1424 3658 1534 3709; x_wconf 80' lang='lat' dir='ltr'><strong>monini-</strong></span> 
     </span>
     <span class='ocr_line' id='line_1_31' title="bbox 480 3739 1534 3823; baseline -0.005 -21"><span class='ocrx_word' id='word_1_235' title='bbox 480 3749 555 3823; x_wconf 39' lang='lat' dir='ltr'><strong>‚tum</strong></span> <span class='ocrx_word' id='word_1_236' title='bbox 566 3746 595 3802; x_wconf 86' lang='lat' dir='ltr'><strong>et</strong></span> <span class='ocrx_word' id='word_1_237' title='bbox 608 3740 770 3801; x_wconf 80' lang='lat' dir='ltr'><strong>maximam</strong></span> <span class='ocrx_word' id='word_1_238' title='bbox 788 3739 993 3803; x_wconf 74' lang='lat' dir='ltr'><strong>difficultatem</strong></span> <span class='ocrx_word' id='word_1_239' title='bbox 1008 3742 1040 3803; x_wconf 94' lang='lat' dir='ltr'><strong>in</strong></span> <span class='ocrx_word' id='word_1_240' title='bbox 1051 3744 1242 3807; x_wconf 82' lang='lat' dir='ltr'><strong>monarohioa</strong></span> <span class='ocrx_word' id='word_1_241' title='bbox 1254 3747 1337 3809; x_wconf 89' lang='lat' dir='ltr'><strong>omni</strong></span> <span class='ocrx_word' id='word_1_242' title='bbox 1354 3744 1534 3811; x_wconf 82' lang='lat' dir='ltr'><strong>eonatitntione</strong></span> 
     </span>
     <span class='ocr_line' id='line_1_32' title="bbox 489 3842 588 3903; baseline 0 0"><span class='ocrx_word' id='word_1_243' title='bbox 489 3842 588 3903; x_wconf 83' lang='lat' dir='ltr'><strong>habet.</strong></span> 
     </span>
    </p>
   </div>
   <div class='ocr_carea' id='block_1_3' title="bbox 486 3942 1579 4826">
    <p class='ocr_par' dir='ltr' id='par_1_5' title="bbox 486 3942 1579 4826">
     <span class='ocr_line' id='line_1_33' title="bbox 530 3942 1533 4027; baseline 0.007 -24"><span class='ocrx_word' id='word_1_244' title='bbox 530 3942 719 4003; x_wconf 79' lang='lat' dir='ltr'><strong>itanileotum</strong></span> <span class='ocrx_word' id='word_1_245' title='bbox 732 3949 834 4003; x_wconf 83' lang='lat' dir='ltr'><strong>autam</strong></span> <span class='ocrx_word' id='word_1_246' title='bbox 846 3948 954 4009; x_wconf 82' lang='lat' dir='ltr'><strong>aeteae</strong></span> <span class='ocrx_word' id='word_1_247' title='bbox 968 3942 1049 4021; x_wconf 79' lang='lat' dir='ltr'><strong>leger</strong></span> <span class='ocrx_word' id='word_1_248' title='bbox 1062 3942 1124 4007; x_wconf 85' lang='lat' dir='ltr'><strong>huo</strong></span> <span class='ocrx_word' id='word_1_249' title='bbox 1139 3944 1260 4009; x_wconf 69' lang='lat' dir='ltr'><strong>modom</strong></span> <span class='ocrx_word' id='word_1_250' title='bbox 1269 3954 1402 4027; x_wconf 75' lang='lat' dir='ltr'><strong>opernm</strong></span> <span class='ocrx_word' id='word_1_251' title='bbox 1414 3950 1533 4025; x_wconf 75' lang='lat' dir='ltr'><strong>oportere</strong></span> 
     </span>
     <span class='ocr_line' id='line_1_34' title="bbox 489 4036 1533 4129; baseline -0.005 -23"><span class='ocrx_word' id='word_1_252' title='bbox 489 4050 566 4106; x_wconf 90' lang='lat' dir='ltr'><strong>utet</strong></span> <span class='ocrx_word' id='word_1_253' title='bbox 580 4042 729 4105; x_wconf 85' lang='lat' dir='ltr'><strong>aoeietatia</strong></span> <span class='ocrx_word' id='word_1_254' title='bbox 748 4042 835 4120; x_wconf 86' lang='lat' dir='ltr'><strong>quiea</strong></span> <span class='ocrx_word' id='word_1_255' title='bbox 854 4058 890 4104; x_wconf 88' lang='lat' dir='ltr'><strong>ae</strong></span> <span class='ocrx_word' id='word_1_256' title='bbox 910 4042 1036 4105; x_wconf 84' lang='lat' dir='ltr'><strong>ielioitaa</strong></span> <span class='ocrx_word' id='word_1_257' title='bbox 1050 4044 1082 4105; x_wconf 94' lang='lat' dir='ltr'><strong>in</strong></span> <span class='ocrx_word' id='word_1_258' title='bbox 1104 4050 1168 4107; x_wconf 88' lang='lat' dir='ltr'><strong>tuto</strong></span> <span class='ocrx_word' id='word_1_259' title='bbox 1188 4046 1239 4124; x_wconf 83' lang='lat' dir='ltr'><strong>ait,</strong></span> <span class='ocrx_word' id='word_1_260' title='bbox 1261 4053 1291 4108; x_wconf 90' lang='lat' dir='ltr'><strong>et</strong></span> <span class='ocrx_word' id='word_1_261' title='bbox 1311 4047 1484 4129; x_wconf 88' lang='lat' dir='ltr'><strong>pupiiluain</strong></span> <span class='ocrx_word' id='word_1_262' title='bbox 1498 4036 1533 4101; x_wconf 81' lang='lat' dir='ltr'><strong>nli</strong></span> 
     </span>
     <span class='ocr_line' id='line_1_35' title="bbox 486 4144 1534 4227; baseline 0.003 -18"><span class='ocrx_word' id='word_1_263' title='bbox 486 4163 590 4210; x_wconf 86' lang='lat' dir='ltr'><strong>rerum</strong></span> <span class='ocrx_word' id='word_1_264' title='bbox 609 4144 778 4207; x_wconf 89' lang='lat' dir='ltr'><strong>eonditione</strong></span> <span class='ocrx_word' id='word_1_265' title='bbox 794 4150 958 4216; x_wconf 77' lang='lat' dir='ltr'><strong>statuatur.</strong></span> <span class='ocrx_word' id='word_1_266' title='bbox 984 4152 1017 4207; x_wconf 87' lang='lat' dir='ltr'><strong>ut</strong></span> <span class='ocrx_word' id='word_1_267' title='bbox 1029 4162 1085 4209; x_wconf 85' lang='lat' dir='ltr'><strong>nee</strong></span> <span class='ocrx_word' id='word_1_268' title='bbox 1104 4152 1279 4227; x_wconf 65' lang='lat' dir='ltr'><strong>mentalem</strong></span> <span class='ocrx_word' id='word_1_269' title='bbox 1305 4146 1534 4213; x_wconf 72' lang='lat' dir='ltr'><strong>nuenarianae</strong></span> 
     </span>
     <span class='ocr_line' id='line_1_36' title="bbox 488 4244 1534 4329; baseline -0.001 -20"><span class='ocrx_word' id='word_1_270' title='bbox 488 4265 543 4311; x_wconf 89' lang='lat' dir='ltr'><strong>nee</strong></span> <span class='ocrx_word' id='word_1_271' title='bbox 551 4249 605 4322; x_wconf 83' lang='lat' dir='ltr'><strong>jus</strong></span> <span class='ocrx_word' id='word_1_272' title='bbox 622 4254 721 4307; x_wconf 88' lang='lat' dir='ltr'><strong>tamen</strong></span> <span class='ocrx_word' id='word_1_273' title='bbox 732 4244 834 4307; x_wconf 87' lang='lat' dir='ltr'><strong>ullum</strong></span> <span class='ocrx_word' id='word_1_274' title='bbox 845 4246 979 4324; x_wconf 82' lang='lat' dir='ltr'><strong>amittat3</strong></span> <span class='ocrx_word' id='word_1_275' title='bbox 996 4246 1164 4309; x_wconf 81' lang='lat' dir='ltr'><strong>adunationi</strong></span> <span class='ocrx_word' id='word_1_276' title='bbox 1179 4248 1366 4327; x_wconf 84' lang='lat' dir='ltr'><strong>aubjieiatur,</strong></span> <span class='ocrx_word' id='word_1_277' title='bbox 1380 4266 1445 4329; x_wconf 81' lang='lat' dir='ltr'><strong>qna</strong></span> <span class='ocrx_word' id='word_1_278' title='bbox 1455 4252 1534 4323; x_wconf 78' lang='lat' dir='ltr'><strong>aptnl</strong></span> 
     </span>
     <span class='ocr_line' id='line_1_37' title="bbox 487 4344 1579 4435; baseline 0.001 -27"><span class='ocrx_word' id='word_1_279' title='bbox 487 4344 629 4435; x_wconf 76' lang='lat' dir='ltr'><strong>epmdem</strong></span> <span class='ocrx_word' id='word_1_280' title='bbox 640 4347 678 4409; x_wconf 90' lang='lat' dir='ltr'><strong>ad</strong></span> <span class='ocrx_word' id='word_1_281' title='bbox 692 4351 771 4405; x_wconf 86' lang='lat' dir='ltr'><strong>reete</strong></span> <span class='ocrx_word' id='word_1_282' title='bbox 788 4344 1000 4424; x_wconf 86' lang='lat' dir='ltr'><strong>imperandum</strong></span> <span class='ocrx_word' id='word_1_283' title='bbox 1013 4345 1132 4424; x_wconf 80' lang='lat' dir='ltr'><strong>efficiat,</strong></span> <span class='ocrx_word' id='word_1_284' title='bbox 1149 4352 1179 4412; x_wconf 88' lang='lat' dir='ltr'><strong>et</strong></span> <span class='ocrx_word' id='word_1_285' title='bbox 1193 4349 1286 4411; x_wconf 78' lang='lat' dir='ltr'><strong>simul</strong></span> <span class='ocrx_word' id='word_1_286' title='bbox 1308 4359 1410 4413; x_wconf 81' lang='lat' dir='ltr'><strong>eontra</strong></span> <span class='ocrx_word' id='word_1_287' title='bbox 1422 4344 1535 4409; x_wconf 81' lang='lat' dir='ltr'><strong>amilio</strong></span> <span class='ocrx_word' id='word_1_288' title='bbox 1578 4370 1579 4409; x_wconf 87' lang='lat' dir='ltr'>l</span> 
     </span>
     <span class='ocr_line' id='line_1_38' title="bbox 489 4443 1534 4529; baseline 0.004 -22"><span class='ocrx_word' id='word_1_289' title='bbox 489 4464 560 4507; x_wconf 88' lang='lat' dir='ltr'><strong>nam</strong></span> <span class='ocrx_word' id='word_1_290' title='bbox 572 4461 634 4507; x_wconf 92' lang='lat' dir='ltr'><strong>non</strong></span> <span class='ocrx_word' id='word_1_291' title='bbox 650 4443 749 4505; x_wconf 86' lang='lat' dir='ltr'><strong>onium</strong></span> <span class='ocrx_word' id='word_1_292' title='bbox 764 4443 995 4523; x_wconf 87' lang='lat' dir='ltr'><strong>eompetitornm</strong></span> <span class='ocrx_word' id='word_1_293' title='bbox 1008 4452 1037 4507; x_wconf 92' lang='lat' dir='ltr'><strong>et</strong></span> <span class='ocrx_word' id='word_1_294' title='bbox 1048 4445 1287 4514; x_wconf 80' lang='lat' dir='ltr'><strong>adversariorum</strong></span> <span class='ocrx_word' id='word_1_295' title='bbox 1299 4456 1534 4529; x_wconf 71' lang='lat' dir='ltr'><strong>quorumeunque</strong></span> 
     </span>
     <span class='ocr_line' id='line_1_39' title="bbox 489 4540 1536 4627; baseline 0 -20"><span class='ocrx_word' id='word_1_296' title='bbox 489 4546 646 4609; x_wconf 84' lang='lat' dir='ltr'><strong>sedetiam</strong></span> <span class='ocrx_word' id='word_1_297' title='bbox 664 4546 731 4621; x_wconf 78' lang='lat' dir='ltr'><strong>ejus</strong></span> <span class='ocrx_word' id='word_1_298' title='bbox 750 4544 958 4607; x_wconf 70' lang='lat' dir='ltr'><strong>institutorum</strong></span> <span class='ocrx_word' id='word_1_299' title='bbox 973 4560 1007 4607; x_wconf 89' lang='lat' dir='ltr'><strong>ae</strong></span> <span class='ocrx_word' id='word_1_300' title='bbox 1022 4552 1155 4609; x_wconf 84' lang='lat' dir='ltr'><strong>tutorum</strong></span> <span class='ocrx_word' id='word_1_301' title='bbox 1168 4552 1396 4627; x_wconf 76' lang='lat' dir='ltr'><strong>premuniatnr.</strong></span> <span class='ocrx_word' id='word_1_302' title='bbox 1412 4540 1536 4621; x_wconf 77' lang='lat' dir='ltr'><strong>Querul-</strong></span> 
     </span>
     <span class='ocr_line' id='line_1_40' title="bbox 489 4635 1535 4725; baseline -0.011 -18"><span class='ocrx_word' id='word_1_303' title='bbox 489 4647 559 4707; x_wconf 83' lang='lat' dir='ltr'><strong>dem</strong></span> <span class='ocrx_word' id='word_1_304' title='bbox 572 4644 676 4707; x_wconf 83' lang='lat' dir='ltr'><strong>omnia</strong></span> <span class='ocrx_word' id='word_1_305' title='bbox 696 4649 895 4721; x_wconf 77' lang='lat' dir='ltr'><strong>congruenter</strong></span> <span class='ocrx_word' id='word_1_306' title='bbox 909 4644 1102 4725; x_wconf 71' lang='lat' dir='ltr'><strong>intelligenda</strong></span> <span class='ocrx_word' id='word_1_307' title='bbox 1123 4638 1195 4709; x_wconf 83' lang='lat' dir='ltr'><strong>tunt</strong></span> <span class='ocrx_word' id='word_1_308' title='bbox 1207 4648 1297 4711; x_wconf 78' lang='lat' dir='ltr'><strong>edam</strong></span> <span class='ocrx_word' id='word_1_309' title='bbox 1312 4648 1349 4711; x_wconf 90' lang='lat' dir='ltr'><strong>de</strong></span> <span class='ocrx_word' id='word_1_310' title='bbox 1366 4663 1435 4725; x_wconf 79' lang='lat' dir='ltr'><strong>rega</strong></span> <span class='ocrx_word' id='word_1_311' title='bbox 1446 4642 1492 4723; x_wconf 79' lang='lat' dir='ltr'><strong>qui</strong></span> <span class='ocrx_word' id='word_1_312' title='bbox 1503 4635 1535 4697; x_wconf 80' lang='lat' dir='ltr'><strong>iel</strong></span> 
     </span>
     <span class='ocr_line' id='line_1_41' title="bbox 492 4742 1093 4826; baseline 0.003 -21"><span class='ocrx_word' id='word_1_313' title='bbox 492 4744 597 4805; x_wconf 85' lang='lat' dir='ltr'><strong>morbo</strong></span> <span class='ocrx_word' id='word_1_314' title='bbox 612 4742 714 4823; x_wconf 87' lang='lat' dir='ltr'><strong>aliquo</strong></span> <span class='ocrx_word' id='word_1_315' title='bbox 730 4744 777 4807; x_wconf 81' lang='lat' dir='ltr'><strong>vel</strong></span> <span class='ocrx_word' id='word_1_316' title='bbox 794 4745 878 4807; x_wconf 77' lang='lat' dir='ltr'><strong>eonio</strong></span> <span class='ocrx_word' id='word_1_317' title='bbox 893 4753 1093 4826; x_wconf 74' lang='lat' dir='ltr'><strong>repneran‘at</strong></span> 
     </span>
    </p>
   </div>
   <div class='ocr_carea' id='block_1_4' title="bbox 0 0 1805 5675">
    <p class='ocr_par' dir='ltr' id='par_1_6' title="bbox 0 0 1805 5675">
     <span class='ocr_line' id='line_1_42' title="bbox 0 0 1805 5675; baseline 0 0"><span class='ocrx_word' id='word_1_318' title='bbox 0 0 1805 5675; x_wconf 95' lang='lat' dir='ltr'><strong> </strong></span> 
     </span>
    </p>
   </div>
  </div>
 </body>
</html>
