3559 5675
509 859 513 866 ἱ
598 790 705 837 susus.
730 809 767 820 --
783 791 874 837 nasa
894 782 1033 838 odrsvos.
1306 777 1366 839 lbi

283 901 314 956 θ’
325 893 568 976 prescriptionis
588 895 654 974 loge
678 879 1004 975 pacificam'bonornm
1022 898 1241 976 possessiouem
1254 897 1364 959 confir·

282 1003 352 1055 mat.
370 997 511 1057 lamvcro
524 996 561 1056 ad
571 997 749 1056 Statisticam
762 1004 790 1057 at
803 997 838 1056 ad
848 997 1062 1060 OEconomlam
1074 997 1227 1057 Politicam
1240 998 1365 1074 pertinet

281 1095 436 1171 inquirere
460 1113 604 1172 quanam
628 1097 764 1155 omnium
786 1097 1043 1174 opportunissime
1069 1095 1131 1154 slnt
1150 1113 1167 1156 o
1189 1101 1232 1155 tot
1255 1094 1362 1156 modiis

283 1194 443 1273 physicis,
475 1195 587 1272 quibus
616 1195 728 1256 civium
751 1195 870 1256 divitias
893 1202 1003 1272 augere
1028 1185 1150 1255 societas
1170 1199 1275 1274 potest.
1302 1196 1365 1254 lloc
1413 1229 1417 1233 -

282 1311 383 1354 unum
399 1295 450 1355 hlc
464 1311 519 1355 nos
534 1296 566 1354 iu
581 1295 757 1355 memoriam
770 1296 985 1371 revocabimus,
1002 1294 1154 1372 quodiam
1168 1293 1361 1355 antedictum

282 1401 325 1454 est
339 1395 436 1473 (sti),
457 1396 604 1472 quoniam
619 1395 855 1456 ciricsceatum
869 1393 975 1458 ordine
988 1397 1137 1457 materiali
1156 1413 1256 1455 cerum
1269 1395 1364 1472 quod·

282 1493 350 1554 darn
365 1493 469 1554 mnam
487 1493 573 1565 utile,
589 1495 793 1556 auctoritatem
806 1499 902 1556 teneri
912 1495 949 1556 ad
961 1513 1010 1556 eas
1023 1495 1239 1576 comparandas
1248 1495 1364 1556 civibus

282 1595 423 1673 opitulari
446 1613 499 1673 per
524 1611 559 1654 ca
593 1597 755 1672 prasertim
783 1595 896 1674 media,
937 1613 1005 1673 quas
1029 1597 1108 1656 vlres
1140 1594 1364 1654 individuorum

281 1693 442 1770 excedunt,
456 1695 627 1770 cujusmodi
644 1700 715 1754 sunt
728 1695 840 1774 publici
857 1711 993 1756 cursores
1007 1695 1043 1755 ad
1058 1695 1199 1774 epistolas
1212 1694 1365 1754 transmit·

282 1785 402 1869 tendas,
412 1796 467 1855 ria
480 1796 606 1870 ferrata,
619 1797 800 1874 tetagrapha‚
812 1803 841 1856 et
853 1797 910 1857 alia
919 1785 1016 1858 multa
1026 1813 1156 1875 quorum
1166 1812 1221 1874 ope
1231 1795 1366 1856 locorum

281 1893 441 1966 distantia,
462 1897 611 1956 montium
625 1899 807 1975 asperitates,
824 1900 925 1958 oceani
947 1899 1062 1960 furores
1076 1897 1173 1958 multo
1186 1897 1304 1956 minora
1314 1911 1364 1957 cs·

282 1995 415 2056 lacrimis
445 1994 605 2056 hominum
629 2001 658 2056 et
691 1999 837 2058 mercium
871 1997 1088 2060 commeatibus
1119 2005 1149 2059 ei
1176 1999 1364 2076 negotiorum

281 2095 518 2176 promptissimis
534 2097 757 2158 tractationibus
772 2097 925 2159 obstacula
937 2105 1102 2178 opponunt.

320 2197 359 2257 m
373 2197 468 2256 nostri
492 2197 619 2256 instituti
644 2201 731 2270 ratio,
752 2215 849 2274 quum
870 2199 998 2259 morales
1019 2204 1137 2258 tantum
1157 2198 1299 2261 hnmanae
1319 2211 1364 2257 ac·
1481 2195 1485 2202 '

286 2297 372 2356 tionis
388 2297 585 2375 proprietates
600 2315 633 2358 ac
650 2297 730 2374 loges
745 2287 977 2359 considerandae
988 2300 1222 2377 susceperimus,
1236 2295 1367 2375 postulet

290 2399 322 2453 ut
335 2395 370 2454 de
388 2395 499 2456 mediis
520 2395 725 2458 tantummodo
747 2396 921 2468 moralibus,
944 2415 1079 2478 perque
1100 2396 1229 2472 dirigere
1248 2412 1282 2455 ac
1295 2411 1366 2474 per-

290 2495 372 2555 licere
396 2495 622 2558 commerciales
645 2496 806 2557 relationes
821 2503 916 2576 potest
933 2498 1058 2558 societas
1078 2513 1111 2557 ac
1124 2495 1288 2568 debeb-bio
1300 2494 1368 2554 bre·
1418 2525 1423 2534 ·

285 2593 360 2652 riter
375 2593 573 2656 disseramus.
598 2597 741 2684 Quocirca
763 2595 954 2675 pmponenda
976 2597 1111 2674 primum
1133 2601 1178 2657 est
1198 2601 1367 2658 contractus

284 2692 455 2754 bilatcralis
472 2699 608 2756 accurata
621 2697 719 2772 notio;
736 2703 802 2755 tum
815 2713 850 2757 ea
864 2697 1044 2757 mutuationi
1056 2713 1089 2756 ac
1101 2697 1277 2757 lenemtioni
1289 2695 1368 2756 inter

285 2793 420 2883 privatos
433 2795 627 2875 applicanda;
644 2796 773 2874 denique
787 2796 824 2857 ed
839 2796 991 2875 publicam
1007 2798 1178 2858 societatem
1199 2795 1302 2857 eadem
1323 2799 1369 2857 eet

286 2895 487 2957 extendenda.
506 2968 511 2977 ¹

324 2998 398 3056 Μ.
417 2998 485 3056 Pus.
502 2995 585 3058 lto.
596 3028 635 3041 -
652 2996 898 3058 Fundamentalis
922 2999 970 3057 lex
986 2998 1111 3074 justitiae
1136 3012 1191 3076 pro
1214 2998 1369 3056 contractu

286 3096 397 3172 quovis
412 3094 561 3155 bilatcrali
577 3102 619 3156 est
628 3094 765 3157 valorum
779 3098 920 3173 utrinqne
935 3102 1143 3156 mutuatorum
1152 3094 1318 3170 equalitas.

327 3196 425 3255 Pnon.
441 3228 482 3239 -
493 3196 667 3257 Contractus
681 3196 810 3284 quilibet
824 3202 867 3257 est
881 3196 977 3276 pactio
987 3196 1095 3269 libera,
1117 3194 1193 3254 idest
1202 3207 1295 3270 quam
1314 3208 1370 3253 noc

289 3290 433 3355 violentia
447 3302 630 3371 extorqueat,
645 3312 701 3357 nec
712 3298 765 3373 jus
775 3296 939 3374 praevalens
950 3297 1083 3374 imponat
1094 3294 1176 3372 (ott)
1192 3308 1200 3353 z
1215 3294 1370 3355 haecenim

288 3402 333 3455 est
348 3394 428 3464 idea,
443 3412 536 3473 quam
550 3398 671 3456 nomine
691 3405 979 3467 contrectesomnes
998 3396 1213 3472 significamus.
1238 3396 1316 3473 Ergo
1336 3394 1370 3453 in

288 3502 441 3555 contractu
458 3494 603 3554 bilaterali
618 3512 808 3573 unaquaque
822 3513 889 3573 pars
903 3496 991 3556 debet
1009 3496 1081 3555 talia
1099 3498 1171 3573 jura
1186 3494 1290 3554 cedere
1303 3508 1371 3571 quae

289 3594 418 3683 alterius
442 3596 535 3671 pertis
557 3596 722 3655 cessionem
747 3612 781 3655 ai
805 3612 890 3673 aequo
909 3600 1111 3674 compensent.
1131 3592 1217 3667 Quod
1237 3594 1264 3652 si
1277 3592 1371 3652 cessio

290 3695 421 3754 minime
446 3694 483 3754 sit
507 3696 643 3755 alterutri
670 3696 745 3774 parti
777 3694 886 3766 libera,
912 3702 1081 3757 contractus
1101 3694 1149 3755 vel
1179 3708 1370 3769 nequaqnam

291 3792 467 3855 dominium
481 3796 625 3856 transfert
638 3812 736 3856 coram
750 3796 863 3856 ratione
882 3803 912 3856 et
925 3798 1118 3869 conscientia,
1131 3795 1176 3855 vel
1194 3794 1259 3854 baec
1276 3800 1371 3852 trene-

291 3894 363 3955 latio
377 3896 410 3954 in
423 3912 480 3955 sua
492 3896 556 3974 ipsa
571 3895 668 3957 radice
682 3897 835 3973 injustitia
848 3894 914 3955 labe
925 3896 1066 3955 inlicitur.
1078 3895 1169 3971 lltqui
1178 3895 1210 3953 iu
1220 3897 1372 3953 contractu

291 3994 441 4055 bilaterali
463 3995 600 4056 voluntas
625 3998 783 4073 utriusque
809 3980 1011 4055 contrahentis
1034 3999 1078 4053 est
1095 4008 1157 4052 non
1174 3992 1297 4069 quidem
1316 3990 1371 4051 do-

291 4092 398 4170 nandi,
411 4094 463 4153 sed
478 4094 679 4171 permutandi,
696 4094 807 4155 scilicet
821 4093 953 4154 valorem
964 4092 1191 4171 aequivalentem
1204 4090 1368 4150 obtinendi.
1443 4172 1446 4176 ἵ

291 4194 382 4269 Ergo,
398 4194 527 4269 quoties,
555 4194 603 4253 rel
621 4192 726 4254 lraude
741 4194 789 4255 rel
808 4196 840 4255 ti
860 4194 907 4255 uel
922 4200 1004 4254 metu
1019 4195 1132 4271 injuste
1146 4190 1307 4251 imminute
1320 4196 1373 4250 ent

291 4308 415 4369 prorsus
434 4293 563 4353 extincta
582 4294 784 4355 contrahentis
806 4296 837 4355 in
858 4310 1006 4357 musanen
1026 4293 1123 4353 dando
1144 4292 1289 4369 libertate,
1302 4290 1373 4370 plus

292 4392 409 4469 aliquid
424 4392 462 4452 ab
485 4393 537 4452 illo
551 4400 754 4471 extorquetur,
769 4412 861 4473 quern
876 4396 903 4455 is
916 4393 1019 4455 cedere
1030 4393 1186 4467 voluisset,
1201 4392 1279 4453 illud
1301 4391 1371 4471 plus

293 4480 401 4570 prater
434 4492 568 4553 valorem
607 4494 837 4571 aequiualentem
867 4501 912 4555 est
936 4496 1049 4573 injusto
1079 4491 1273 4571 acquisitum,
1296 4492 1374 4551 sicin

294 4594 404 4669 injuste
417 4609 445 4652 a
466 4592 580 4652 latrone
595 4596 738 4671 acquisitu
757 4602 801 4655 est
822 4596 942 4655 viatoris
962 4596 1100 4677 pecunia,
1116 4610 1208 4671 quam
1226 4590 1373 4651 bicinctu

296 4694 400 4753 mortis
420 4691 610 4752 imminentis
629 4694 819 4756 solummodo
833 4696 930 4755 cessit.
952 4696 999 4772 lt,
1020 4696 1046 4755 si
1066 4695 1135 4773 plus
1151 4690 1227 4751 illud
1243 4690 1335 4751 libere
1355 4706 1374 4749 a

206 4836 210 4843 Δ
296 4792 491 4853 contrahente
512 4792 703 4873 concedatur,
726 4794 873 4872 quoniam
879 4796 999 4874 jurium
1017 4796 1143 4855 suornm
1170 4788 1375 4850 alicnabllium
