3559 5675
444 736 506 803 472
689 766 696 779 ·
854 748 934 796 sums
953 744 1114 797 nemeen

445 864 545 937 rente,
555 860 662 939 poterit
674 858 879 922 annuncianes
889 865 956 922 tum
963 856 1174 937 inaudes,{tum
1182 860 1410 941 oppugnationes
1419 876 1486 945 aper·

447 960 706 1039 maregiouibus
717 955 1112 1040 catholicispropulsandae.
1415 960 1427 1041 ξ

447 1164 1493 1205 Μ

880 1390 1022 1468 CAPUT
1044 1390 1089 1467 11.

638 1610 692 1663 ne
710 1606 871 1671 propre·
890 1606 1075 1662 Ιωιωω
1088 1606 1340 1659 customens.

862 2038 1070 2103 unoculus
1094 2041 1117 2103 Ι.

587 2248 634 2315 De
652 2248 849 2313 eoteeooea
868 2248 1044 2312 nectorem
1060 2246 1240 2331 permutor
1256 2255 1397 2335 emente.

495 2468 582 2530 1288.
598 2470 779 2531 Norsrnuu.
800 2499 840 2515 ·-
858 2468 1011 2543 Quoniam
1025 2466 1115 2528 nulla
1125 2468 1250 2529 societas
1261 2472 1362 2546 potest
1373 2462 1508 2527 consetur

451 2570 517 2633 sine
536 2568 684 2651 principio
706 2566 838 2647 quodem
851 2567 931 2643 rivo,
945 2568 1093 2629 unitatem
1107 2572 1304 2630 conservante
1316 2566 1401 2628 illins
1414 2564 1509 2627 recinis

454 2670 694 2750 conspirationis,
717 2669 749 2730 iu
766 2685 828 2747 qua
851 2668 1002 2731 societatis
1024 2670 1121 2749 ipsius
1144 2670 1275 2731 essentia
1296 2670 1355 2730 sita
1375 2665 1508 2744 est(ll'l);

454 2772 513 2835 hoc
526 2771 723 2854 principium,
744 2768 825 2848 quod
847 2770 1005 2831 auclmitae
1019 2769 1140 2847 dieitur,
1155 2769 1213 2829 luit
1227 2769 1294 2832 sinc
1315 2768 1381 2831 ullo
1392 2765 1511 2829 dunioiu

459 2873 590 2938 Ecclesia
604 2891 622 2934 a
636 2872 754 2935 Christo
768 2871 897 2933 Domino
910 2872 1094 2934 institutum.
1109 2873 1183 2947 Quae
1197 2871 1373 2944 sonoritas,
1386 2882 1473 2946 quum
1483 2865 1512 2923 sit
1583 2850 1584 2863 ¹

457 2973 582 3036 nolletis
593 2974 789 3055 principium,
803 2976 834 3034 et
848 2973 914 3052 ipsa
927 2977 973 3032 est
985 2971 1185 3034 essentialiter
1197 2989 1256 3031 unc
1270 2969 1367 3050 (452).
1384 2973 1431 3042 st,
1442 2979 1513 3044 geue

457 3075 561 3138 raliter
577 3074 741 3154 loquendo,
766 3072 885 3135 socialis
899 3074 1061 3135 arroteritae
1079 3078 1176 3154 potest
1194 3089 1260 3134 esec
1278 3087 1344 3134 nna
1355 3071 1403 3132 rel
1414 3083 1512 3130 necnec

455 3175 547 3254 elles,
563 3175 594 3236 iu
615 3187 743 3256 persone
756 3173 878 3254 physice
892 3189 956 3234 una
975 3173 1123 3248 residens,
1148 3172 1196 3235 vel
1213 3169 1411 3254 polymito,
1428 3169 1514 3244 sirius

460 3275 562 3338 unitas
575 3291 627 3354 per
647 3273 791 3334 moralem
803 3271 940 3354 plurium
959 3289 1158 3352 personarum
1170 3287 1354 3334 eonsensum
1373 3268 1514 3332 consuera-

457 3383 508 3438 tur
533 3373 625 3455 (499).
647 3372 851 3446 Quaerendum
864 3389 936 3451 ergo
948 3375 1048 3453 primo
1068 3373 1133 3434 loco
1146 3373 1204 3433 erit
1217 3379 1321 3433 uuum
1348 3365 1516 3444 monarchis

459 3490 500 3537 an
513 3473 704 3556 polyarchies
717 3473 877 3535 auotoritas
891 3490 910 3534 a
923 3469 1042 3535 christo
1060 3473 1188 3535 Domino
1204 3471 1296 3535 inerit
1312 3472 1516 3547 icelesiaepre·

458 3573 563 3655 posita.
586 3573 687 3634 unitas
707 3577 809 3634 autern
824 3572 877 3634 illu
891 3561 1010 3635 socialis
1026 3574 1222 3646 conmutatis,
1242 3589 1342 3650 quum
1363 3573 1516 3631 innumeros

463 3672 676 3754 complectatur
688 3672 828 3735 homines
850 3671 1035 3749 individuos,
1054 3674 1108 3751 qui
1121 3687 1227 3735 omnes
1245 3672 1425 3750 singillatim
1435 3667 1516 3728 elien

461 3773 806 3850 subsunt,eicutomues
818 3772 998 3853 singillatim
1009 3772 1379 3836 hanceocietatemliberc
1391 3765 1515 3832 mecurio.

461 3875 559 3938 eidem
573 3874 653 3936 ultro
666 3873 869 3950 edhaeeerunt,
878 3874 968 3936 dehet
978 3876 1103 3938 omniuo
1112 3873 1190 3936 hauc
1207 3874 1358 3935 sociorum
1370 3863 1516 3932 multitudi-

459 3991 532 4038 nem
543 3977 575 4036 iu
585 3975 674 4056 plura
683 3977 828 4036 mmortr'c
838 3975 960 4038 eibiuni
970 3976 1163 4038 subordinate
1172 3975 1289 4055 partiri,
1299 3974 1399 4054 iisque
1408 3965 1517 4046 singule

457 4077 648 4158 peculiarem
661 4077 867 4138 auctoritatem
880 4077 936 4137 sibi
950 4075 1005 4138 uui
1019 4077 1128 4156 pariter
1139 4074 1366 4137 subordinatum
1375 4069 1515 4152 proficere

459 4179 522 4238 Una
537 4177 590 4238 illa
608 4177 768 4238 auotoritas
791 4175 962 4238 christianae
974 4177 1104 4238 societati
1115 4177 1263 4237 universae
1275 4173 1446 4253 presidens,
1458 4167 1516 4244 quit

459 4277 598 4358 princeps
618 4284 647 4338 et
663 4293 786 4339 summa
807 4282 864 4352 est,
881 4293 985 4342 reram
1004 4294 1039 4339 ac
1058 4277 1216 4358 pauentem
1237 4273 1391 4338 constituit
1404 4269 1515 4332 Proter-

459 4373 554 4436 eiicm
564 4399 577 4449 ‚·
603 4377 797 4456 particulares
810 4393 881 4439 uero
896 4379 1097 4453 auctoritates,
1109 4375 1258 4438 consortia
1271 4370 1446 4452 singulailli
1456 4381 1513 4448 pro·

460 4477 579 4540 turchin
593 4477 788 4538 subordinate
802 4485 948 4556 regentes,
964 4484 1035 4540 suut
1047 4477 1170 4540 totidem
1184 4472 1381 4538 Deelcrrle'oe.
1435 4557 1440 4564 ,

499 4575 589 4640 ereo.
606 4579 674 4638 nos.
686 4574 773 4639 eno.
790 4611 831 4622 -
842 4579 1053 4642 nenorosus
1075 4578 1257 4640 ausoauso
1270 4574 1423 4656 proprium
1435 4568 1516 4644 aare

459 4683 524 4738 tum
539 4683 745 4739 aeterternam
760 4679 912 4742 sociorum
925 4680 1128 4758 operationem
1150 4694 1274 4740 omnem
1293 4675 1428 4738 ordinare
1438 4665 1472 4728 eti
1488 4661 1515 4721 fl·

460 4793 532 4838 uern
546 4777 699 4839 internum
715 4779 769 4841 liui
781 4779 890 4842 ultimo
903 4780 1127 4862 supernaturali
1139 4783 1367 4857 congruentem.
