3559 5675
461 764 465 770 ,
493 751 496 755 ,
552 713 661 760 scuni.
686 731 726 744 -
746 715 832 760 crare
852 715 1043 764 ooooscurus.
1271 699 1330 764 sla

252 815 410 892 quolalius
426 818 596 878 soeielasah
606 819 670 897 ipso
683 818 881 896 gubernanda
891 821 1089 900 protenditur.
1104 822 1221 884 Etenim
1233 838 1328 900 quarn

254 933 394 995 suprema
418 919 575 979 auctoritas
600 919 638 980 sit
666 919 786 979 socialis
813 920 938 980 unitatis
964 922 1123 983 essentiale
1150 923 1330 1001 principium

251 1017 349 1094 (452),
377 1035 534 1096 quumque
558 1037 592 1079 ea
607 1018 726 1096 legibus
740 1017 855 1080 ordinis
869 1021 1043 1101 hypotactici
1064 1021 1332 1102 fundamentalibus

250 1133 394 1196 suprema
408 1120 570 1179 auctoritas
584 1118 691 1180 debeat
704 1120 737 1179 in
753 1120 966 1198 particularem
984 1123 1201 1183 consortiorum
1222 1124 1331 1200 guber·

249 1219 403 1279 nationem
417 1219 610 1296 interuenire,
629 1220 870 1298 quotiescunque
888 1221 1077 1300 particularis
1099 1241 1204 1284 eorum
1226 1229 1331 1285 aueto-

251 1319 323 1378 ritas
347 1335 408 1380 non
432 1319 564 1398 amplius
587 1319 622 1380 ad
649 1319 786 1381 ordinem
809 1321 841 1381 in
862 1321 902 1382 iis
924 1322 1085 1383 tutandum
1105 1323 1329 1403 suffieit(7a5);

249 1419 323 1480 hinc
336 1419 425 1498 plane
451 1419 657 1496 assequitur,
679 1437 741 1497 quo
759 1421 851 1481 latius
865 1423 1008 1483 excrescit
1026 1423 1163 1500 societas,
1181 1439 1216 1484 eo
1234 1425 1331 1501 magis

247 1519 359 1580 dehere
371 1535 544 1598 supremam
564 1520 772 1581 auctoritatem
796 1521 976 1583 intervenire
1000 1523 1037 1582 ad
1057 1522 1245 1602 particularia
1262 1541 1332 1585 oon-

246 1621 342 1682 sortia
353 1636 405 1700 per
415 1636 447 1680 se
459 1620 556 1698 ipsam
571 1620 789 1696 gubernanda:
807 1623 922 1695 l⁰Quia
932 1639 993 1700 quo
1008 1623 1137 1701 amplior
1150 1622 1184 1682 lit
1194 1623 1330 1700 societas,

248 1738 282 1781 eo
296 1719 388 1798 plura
398 1719 582 1781 etvalidiora
593 1721 627 1780 iu
641 1720 747 1781 eadem
758 1720 913 1800 pullulant
924 1722 1120 1784 dissidiorum
1131 1727 1161 1783 et
1174 1722 1333 1786 divisionis

246 1821 407 1901 principia.
423 1821 501 1900 Ergo
521 1825 605 1881 tanto
624 1823 737 1898 majore
758 1822 789 1882 ri
803 1837 959 1884 occurrere
980 1823 1017 1883 lis
1039 1821 1128 1883 debet
1146 1821 1330 1901 principium

247 1922 373 1982 uuihtis
386 1921 515 2000 socialis,
534 1921 616 1999 quod
630 1928 676 1982 est
688 1931 836 2004 suprema
843 1923 1013 1984 auctoritas.
1026 1955 1067 1970 -
1080 1925 1111 1985 2·
1126 1923 1203 1996 Quia
1217 1930 1330 2000 quanto

245 2023 381 2101 amplius
399 2020 585 2100 protenditur
599 2026 629 2083 ct
646 2021 801 2083 invalescit
816 2022 951 2101 societas,
966 2023 1062 2084 auctis
1085 2022 1190 2084 eadem
1214 2023 1331 2085 ratione

245 2123 424 2201 passionum
438 2122 644 2196 irritamentis,
655 2127 738 2182 tantu
751 2122 859 2201 sapius
872 2138 907 2183 ac
922 2121 1040 2184 lucilius
1054 2122 1247 2200 particulares
1260 2139 1331 2183 con·

246 2223 409 2284 sortiorum
423 2221 562 2300 presides
572 2221 748 2283 auctoritate
762 2238 816 2282 sua
826 2227 894 2282 tum
909 2226 1011 2284 contra
1023 2239 1093 2283 suos
1107 2222 1254 2298 subditos,
1265 2227 1330 2284 tum

245 2329 352 2384 contra
373 2321 559 2388 Protaroham
578 2323 681 2401 ipsum
701 2321 872 2382 abutantur.
894 2324 972 2399 Ergo
992 2321 1130 2401 pluribus
1152 2322 1209 2381 erit
1229 2319 1332 2382 aPro·

246 2423 352 2486 tarcha
365 2422 493 2483 vinculis
506 2421 652 2498 illiganda
671 2421 861 2500 particularis
875 2422 1067 2499 singulorum
1084 2426 1113 2483 et
1129 2422 1268 2482 omnium
1282 2437 1331 2481 eo

248 2543 314 2584 rum
337 2521 500 2602 praesidum
514 2521 687 2597 auctoritas,
708 2527 773 2582 tum
788 2527 823 2582 ut
835 2522 989 2590 societatis
1015 2521 1162 2582 universa
1183 2519 1330 2580 unitatem

250 2625 293 2685 illi
305 2639 413 2684 omues
430 2639 484 2700 per
497 2636 691 2683 communem
710 2621 767 2682 suh
787 2637 851 2683 uno
864 2619 1025 2682 Protarcho
1045 2619 1246 2682 obedientiam
1265 2635 1331 2680 ser·

248 2731 327 2801 rent,
342 2730 406 2783 turn
420 2727 455 2782 ut
466 2723 614 2783 consortia
627 2722 747 2799 singula
758 2729 788 2782 et
798 2723 900 2783 omnia
912 2721 1056 2784 adversus
1071 2719 1266 2799 particulares
1279 2737 1331 2781 eas

181 2823 182 2844 ³
245 2824 436 2889 auctoritates
450 2822 629 2884 insolentius
643 2821 830 2884 luxuriantes
843 2823 1093 2901 praemuniantur.
1109 2823 1198 2899 Ergo,
1211 2826 1266 2881 etc.

181 2929 183 2966 ³
288 2926 380 2989 1330.
395 2925 528 2988 Conone.
542 2925 659 2984 -tam
672 2924 803 3001 quisque
815 2922 956 3001 intelligit
969 2929 1083 3001 quanta
1094 2921 1330 2984 essetlanseuis·

181 3047 182 3059 ¹
245 3033 347 3087 tarum
365 3031 396 3085 et
414 3023 638 3085 Gallicanorum
662 3022 860 3102 impudentia,
882 3038 979 3101 quum
998 3022 1077 3098 leges
1095 3019 1269 3099 apostolicas
1292 3016 1329 3077 ad

246 3128 465 3208 Episcoporurn
489 3124 682 3201 singulorum
703 3124 907 3185 ministerium
932 3120 1126 3199 dirigendum
1148 3120 1230 3182 etin
1252 3124 1330 3180 recta

181 3235 182 3238 ’
244 3231 291 3291 ria
304 3224 525 3290 continendum
539 3242 558 3285 a
572 3225 713 3285 Romanis
724 3223 917 3285 Pontificibus
929 3222 1063 3285 conditas
1075 3220 1228 3301 appellare
1240 3218 1329 3279 aude·

244 3329 317 3389 hant
332 3322 462 3405 injustos
475 3324 636 3384 invasimus
657 3322 688 3382 in
701 3320 776 3400 juro
793 3320 967 3401 episcopalia
976 3342 986 3389 ;
1002 3321 1089 3399 quasi
1103 3318 1250 3382 nimirum
1263 3316 1331 3395 Epi·

181 3437 182 3474 ³
242 3428 326 3509 scopi
348 3440 411 3488 nou
432 3430 533 3485 essent
552 3441 589 3485 ex
607 3422 710 3484 divina
730 3422 920 3483 ordinatione
940 3438 1010 3483 ores
1031 3420 1126 3498 Petri,
1148 3435 1183 3480 ac
1205 3414 1329 3498 proinde
1350 3459 1354 3467 .

181 3536 183 3575 1
244 3528 369 3588 aPetrc
389 3521 554 3602 paneade,
575 3520 727 3598 regendae,
746 3519 963 3598 gubernanda.
987 3520 1083 3597 igitur
1101 3518 1180 3597 quod
1199 3519 1329 3596 injustas

244 3628 419 3689 invasiones
435 3623 482 3684 illi
500 3639 553 3702 per
570 3622 756 3699 singularem
774 3622 974 3683 temeritatem
987 3619 1137 3691 dicebant.
1155 3619 1233 3680 nihil
1245 3619 1330 3681 aliud

181 3745 183 3776 1
243 3728 347 3805 reipsa
366 3729 411 3783 est
430 3737 523 3799 qnam
541 3720 731 3801 particularis
749 3718 907 3799 applicatio
927 3718 1007 3797 juris
1030 3717 1115 3778 illius
1137 3716 1328 3794 hypotactici‚

243 3844 299 3906 per
308 3822 392 3903 quod
401 3822 565 3885 auctoritati
579 3820 759 3897 domesticae,
774 3836 803 3880 a.
815 3836 861 3898 9.,
876 3821 929 3897 jus
940 3816 1075 3898 capitalis
1086 3830 1180 3895 poenae
1193 3814 1327 3875 ablatum

244 3933 305 4002 est,
330 3924 458 4002 aliaeque
478 3921 635 4001 permulta
658 3928 730 3982 sunt
747 3920 894 4000 impositu
914 3918 995 3995 leges
1015 3932 1081 3978 eam
1107 3914 1211 3975 multis
1233 3912 1329 3973 modis

244 4026 427 4086 limitaotes.

287 4124 447 4202 Desipiunt
472 4138 542 4199 ergo
563 4121 634 4181 honi
654 4119 796 4198 quidam,
821 4119 874 4197 qui
895 4119 1000 4197 legum
1024 4114 1244 4199 pontificiarum
1267 4108 1353 4175 vim'

245 4224 382 4301 ellugcro
395 4238 426 4282 se
440 4239 526 4301 posse
539 4227 661 4300 sperant
673 4221 786 4297 objecta
799 4220 852 4281 illa
864 4219 981 4281 insulsa
990 4214 1231 4297 quaestiuncula:
1248 4210 1328 4275 Num

245 4326 371 4386 nomam
388 4317 556 4395 tendoinus,
573 4328 607 4378 nt
624 4318 735 4378 ueniam
754 4335 839 4398 aquea
858 4316 1015 4379 benedicta
1031 4311 1181 4398 socienda
1201 4312 1331 4391 occipio·

244 4420 341 4484 mus?
359 4420 469 4497 Nequit
487 4420 616 4498 prolecto
625 4418 813 4495 jocularibus
827 4418 927 4478 verhis
945 4416 1141 4495 Erarrgelium
1157 4414 1327 4475 infirmari:

246 4541 306 4586 nec
323 4521 490 4598 nugatoriae
506 4518 696 4593 ratiuncula,
716 4517 752 4579 ad
773 4519 944 4596 superbiam
966 4535 1000 4579 ac
1020 4518 1213 4579 temeritatem
1230 4514 1333 4576 velan-

247 4626 320 4685 dum
347 4620 543 4699 conquisitae,
568 4622 709 4700 poterunt
733 4632 867 4697 unquam
895 4616 1070 4679 ohedientia
1097 4620 1194 4691 Petro,
1221 4615 1331 4679 Christi

249 4726 378 4798 vicario,
390 4722 524 4799 legitime
538 4718 721 4801 proripienti
736 4725 848 4796 negata
862 4716 961 4779 scelus
971 4732 1122 4779 excusare.
