<?xml version="1.0" encoding="UTF-8"?>
<!DOCTYPE html PUBLIC "-//W3C//DTD XHTML 1.0 Transitional//EN"
    "http://www.w3.org/TR/xhtml1/DTD/xhtml1-transitional.dtd">
<html xmlns="http://www.w3.org/1999/xhtml" xml:lang="en" lang="en">
 <head>
  <title>
</title>
<meta http-equiv="Content-Type" content="text/html;charset=utf-8" />
  <meta name='ocr-system' content='tesseract 3.04.00' />
  <meta name='ocr-capabilities' content='ocr_page ocr_carea ocr_par ocr_line ocrx_word'/>
</head>
<body>
  <div class='ocr_page' id='page_1' title='image "./jurisnaturalisu00bensgoog_0461.png"; bbox 0 0 3559 5675; ppageno 0'>
   <div class='ocr_carea' id='block_1_1' title="bbox 549 781 1317 857">
    <p class='ocr_par' dir='ltr' id='par_1_1' title="bbox 549 781 1317 857">
     <span class='ocr_line' id='line_1_1' title="bbox 549 781 1317 857; baseline 0.033 -26"><span class='ocrx_word' id='word_1_1' title='bbox 549 781 658 835; x_wconf 80' lang='lat' dir='ltr'><strong>sonui.</strong></span> <span class='ocrx_word' id='word_1_2' title='bbox 681 806 720 822; x_wconf 91' lang='lat'><em>-</em></span> <span class='ocrx_word' id='word_1_3' title='bbox 741 784 1036 851; x_wconf 74' lang='lat' dir='ltr'><strong>luciniacensis.</strong></span> <span class='ocrx_word' id='word_1_4' title='bbox 1261 792 1317 857; x_wconf 82' lang='lat' dir='ltr'><strong>tal</strong></span> 
     </span>
    </p>
   </div>
   <div class='ocr_carea' id='block_1_2' title="bbox 521 1068 1134 1251">
    <p class='ocr_par' dir='ltr' id='par_1_2' title="bbox 521 1068 1134 1251">
     <span class='ocr_line' id='line_1_2' title="bbox 521 1068 1134 1251; baseline 0.021 -17"><span class='ocrx_word' id='word_1_5' title='bbox 521 1128 1058 1251; x_wconf 70' lang='lat' dir='ltr'><strong>pilistrinum</strong></span> <span class='ocrx_word' id='word_1_6' title='bbox 1130 1068 1134 1075; x_wconf 57' lang='grc'><em>’</em></span> 
     </span>
    </p>
   </div>
   <div class='ocr_carea' id='block_1_3' title="bbox 413 1366 1174 1467">
    <p class='ocr_par' dir='ltr' id='par_1_3' title="bbox 413 1366 1174 1467">
     <span class='ocr_line' id='line_1_3' title="bbox 413 1366 1174 1467; baseline 0.024 -18"><span class='ocrx_word' id='word_1_7' title='bbox 413 1388 461 1449; x_wconf 82' lang='lat' dir='ltr'><strong>us</strong></span> <span class='ocrx_word' id='word_1_8' title='bbox 482 1366 646 1455; x_wconf 80' lang='lat' dir='ltr'><strong>terium</strong></span> <span class='ocrx_word' id='word_1_9' title='bbox 667 1394 852 1460; x_wconf 73' lang='lat' dir='ltr'><strong>nonensis</strong></span> <span class='ocrx_word' id='word_1_10' title='bbox 873 1396 1174 1467; x_wconf 75' lang='lat' dir='ltr'><strong>consonuuona.</strong></span> 
     </span>
    </p>
   </div>
   <div class='ocr_carea' id='block_1_4' title="bbox 654 1652 925 1672">
    <p class='ocr_par' dir='ltr' id='par_1_4' title="bbox 654 1652 925 1672">
     <span class='ocr_line' id='line_1_4' title="bbox 654 1652 925 1672; baseline 0.011 -3"><span class='ocrx_word' id='word_1_11' title='bbox 654 1652 925 1672; x_wconf 38' lang='grc' dir='ltr'>ᾖ</span> 
     </span>
    </p>
   </div>
   <div class='ocr_carea' id='block_1_5' title="bbox 507 1871 1083 2139">
    <p class='ocr_par' dir='ltr' id='par_1_5' title="bbox 507 1871 1083 2139">
     <span class='ocr_line' id='line_1_5' title="bbox 691 1871 887 1948; baseline 0.015 -3"><span class='ocrx_word' id='word_1_12' title='bbox 691 1871 833 1947; x_wconf 79' lang='lat' dir='ltr'>CAPUT</span> <span class='ocrx_word' id='word_1_13' title='bbox 859 1875 887 1948; x_wconf 88' lang='lat'><strong>1.</strong></span> 
     </span>
     <span class='ocr_line' id='line_1_6' title="bbox 507 2070 1083 2139; baseline 0.023 -19"><span class='ocrx_word' id='word_1_14' title='bbox 507 2072 560 2123; x_wconf 79' lang='lat' dir='ltr'><strong>no</strong></span> <span class='ocrx_word' id='word_1_15' title='bbox 570 2070 910 2139; x_wconf 58' lang='lat' dir='ltr'><strong>mer-irsoum</strong></span> <span class='ocrx_word' id='word_1_16' title='bbox 925 2080 1083 2133; x_wconf 71' lang='lat' dir='ltr'><strong>mma.</strong></span> 
     </span>
    </p>
   </div>
   <div class='ocr_carea' id='block_1_6' title="bbox 693 2276 835 2311">
    <p class='ocr_par' dir='ltr' id='par_1_6' title="bbox 693 2276 835 2311">
     <span class='ocr_line' id='line_1_7' title="bbox 693 2276 835 2311; baseline 0.007 -7"><span class='ocrx_word' id='word_1_17' title='bbox 693 2276 835 2311; x_wconf 47' lang='grc' dir='ltr'><strong>..μή</strong></span> 
     </span>
    </p>
   </div>
   <div class='ocr_carea' id='block_1_7' title="bbox 322 2490 1253 2755">
    <p class='ocr_par' dir='ltr' id='par_1_7' title="bbox 322 2490 1253 2755">
     <span class='ocr_line' id='line_1_8' title="bbox 654 2490 906 2555; baseline 0 -4"><span class='ocrx_word' id='word_1_18' title='bbox 654 2490 859 2555; x_wconf 75' lang='lat' dir='ltr'><strong>Anniculus</strong></span> <span class='ocrx_word' id='word_1_19' title='bbox 883 2496 906 2554; x_wconf 93' lang='lat' dir='ltr'><strong>l.</strong></span> 
     </span>
     <span class='ocr_line' id='line_1_9' title="bbox 322 2660 1253 2755; baseline 0.012 -31"><span class='ocrx_word' id='word_1_20' title='bbox 322 2660 365 2725; x_wconf 71' lang='lat' dir='ltr'><strong>ce</strong></span> <span class='ocrx_word' id='word_1_21' title='bbox 378 2663 559 2727; x_wconf 72' lang='lat' dir='ltr'><strong>christiam</strong></span> <span class='ocrx_word' id='word_1_22' title='bbox 568 2665 711 2727; x_wconf 74' lang='lat' dir='ltr'><strong>resistatis</strong></span> <span class='ocrx_word' id='word_1_23' title='bbox 719 2668 912 2749; x_wconf 75' lang='lat' dir='ltr'><strong>propmfius</strong></span> <span class='ocrx_word' id='word_1_24' title='bbox 927 2667 1055 2753; x_wconf 68' lang='lat' dir='ltr'><strong>optoque:</strong></span> <span class='ocrx_word' id='word_1_25' title='bbox 1067 2669 1253 2755; x_wconf 71' lang='lat' dir='ltr'><strong>definitione.</strong></span> 
     </span>
    </p>
   </div>
   <div class='ocr_carea' id='block_1_8' title="bbox 231 2822 1333 4620">
    <p class='ocr_par' dir='ltr' id='par_1_8' title="bbox 245 2822 1333 3717">
     <span class='ocr_line' id='line_1_10' title="bbox 290 2822 1332 2924; baseline 0.005 -25"><span class='ocrx_word' id='word_1_26' title='bbox 290 2837 376 2904; x_wconf 74' lang='lat'><strong>1263.</strong></span> <span class='ocrx_word' id='word_1_27' title='bbox 400 2846 586 2906; x_wconf 64' lang='lat' dir='ltr'><strong>morincurt.</strong></span> <span class='ocrx_word' id='word_1_28' title='bbox 598 2875 638 2887; x_wconf 92' lang='lat'>-</span> <span class='ocrx_word' id='word_1_29' title='bbox 655 2822 804 2917; x_wconf 76' lang='lat' dir='ltr'><strong>Quoniam</strong></span> <span class='ocrx_word' id='word_1_30' title='bbox 828 2845 976 2906; x_wconf 86' lang='lat' dir='ltr'><strong>societatis</strong></span> <span class='ocrx_word' id='word_1_31' title='bbox 991 2845 1153 2924; x_wconf 84' lang='lat' dir='ltr'><strong>cujuslibet</strong></span> <span class='ocrx_word' id='word_1_32' title='bbox 1175 2852 1286 2907; x_wconf 89' lang='lat' dir='ltr'><strong>natura</strong></span> <span class='ocrx_word' id='word_1_33' title='bbox 1299 2843 1332 2904; x_wconf 85' lang='lat' dir='ltr'><strong>in</strong></span> 
     </span>
     <span class='ocr_line' id='line_1_11' title="bbox 253 2940 1333 3026; baseline 0.001 -27"><span class='ocrx_word' id='word_1_34' title='bbox 253 2940 382 3018; x_wconf 86' lang='lat' dir='ltr'><strong>plurium</strong></span> <span class='ocrx_word' id='word_1_35' title='bbox 399 2944 523 3004; x_wconf 74' lang='lat' dir='ltr'><strong>aritium</strong></span> <span class='ocrx_word' id='word_1_36' title='bbox 538 2942 773 3018; x_wconf 80' lang='lat' dir='ltr'><strong>intelligentium</strong></span> <span class='ocrx_word' id='word_1_37' title='bbox 784 2945 1002 3023; x_wconf 71' lang='lat' dir='ltr'><strong>conspiratione</strong></span> <span class='ocrx_word' id='word_1_38' title='bbox 1015 2946 1048 3006; x_wconf 92' lang='lat' dir='ltr'><strong>in</strong></span> <span class='ocrx_word' id='word_1_39' title='bbox 1060 2944 1154 3006; x_wconf 63' lang='lat' dir='ltr'><strong>mem</strong></span> <span class='ocrx_word' id='word_1_40' title='bbox 1168 2942 1333 3026; x_wconf 84' lang='lat' dir='ltr'>quemdam</span> 
     </span>
     <span class='ocr_line' id='line_1_12' title="bbox 250 3038 1333 3119; baseline 0.006 -27"><span class='ocrx_word' id='word_1_41' title='bbox 250 3045 358 3096; x_wconf 83' lang='lat' dir='ltr'><strong>certum</strong></span> <span class='ocrx_word' id='word_1_42' title='bbox 379 3050 484 3116; x_wconf 82' lang='lat' dir='ltr'><strong>posita</strong></span> <span class='ocrx_word' id='word_1_43' title='bbox 497 3046 541 3098; x_wconf 89' lang='lat' dir='ltr'><strong>cst</strong></span> <span class='ocrx_word' id='word_1_44' title='bbox 556 3038 645 3116; x_wconf 66' lang='lat' dir='ltr'><strong>ltili,</strong></span> <span class='ocrx_word' id='word_1_45' title='bbox 658 3040 711 3115; x_wconf 89' lang='lat' dir='ltr'><strong>qni</strong></span> <span class='ocrx_word' id='word_1_46' title='bbox 724 3041 869 3099; x_wconf 82' lang='lat' dir='ltr'><strong>societatis</strong></span> <span class='ocrx_word' id='word_1_47' title='bbox 883 3040 1014 3119; x_wconf 83' lang='lat' dir='ltr'><strong>alicujus</strong></span> <span class='ocrx_word' id='word_1_48' title='bbox 1024 3039 1229 3101; x_wconf 73' lang='lat' dir='ltr'><strong>camminata</strong></span> <span class='ocrx_word' id='word_1_49' title='bbox 1241 3046 1333 3099; x_wconf 90' lang='lat' dir='ltr'><strong>natu·</strong></span> 
     </span>
     <span class='ocr_line' id='line_1_13' title="bbox 249 3137 1331 3218; baseline 0.006 -26"><span class='ocrx_word' id='word_1_50' title='bbox 249 3151 309 3194; x_wconf 82' lang='lat' dir='ltr'><strong>rain</strong></span> <span class='ocrx_word' id='word_1_51' title='bbox 323 3137 457 3197; x_wconf 84' lang='lat' dir='ltr'><strong>scrutari</strong></span> <span class='ocrx_word' id='word_1_52' title='bbox 469 3137 550 3212; x_wconf 82' lang='lat' dir='ltr'><strong>velit,</strong></span> <span class='ocrx_word' id='word_1_53' title='bbox 574 3139 651 3198; x_wconf 84' lang='lat' dir='ltr'><strong>illul</strong></span> <span class='ocrx_word' id='word_1_54' title='bbox 665 3139 698 3197; x_wconf 91' lang='lat' dir='ltr'><strong>in</strong></span> <span class='ocrx_word' id='word_1_55' title='bbox 719 3140 825 3218; x_wconf 89' lang='lat' dir='ltr'><strong>primis</strong></span> <span class='ocrx_word' id='word_1_56' title='bbox 839 3141 974 3216; x_wconf 84' lang='lat' dir='ltr'><strong>inquirat</strong></span> <span class='ocrx_word' id='word_1_57' title='bbox 985 3146 1112 3218; x_wconf 78' lang='lat' dir='ltr'><strong>oportet,</strong></span> <span class='ocrx_word' id='word_1_58' title='bbox 1125 3141 1252 3218; x_wconf 84' lang='lat' dir='ltr'><strong>quinam</strong></span> <span class='ocrx_word' id='word_1_59' title='bbox 1265 3141 1331 3217; x_wconf 80' lang='lat' dir='ltr'><strong>ejus</strong></span> 
     </span>
     <span class='ocr_line' id='line_1_14' title="bbox 249 3239 1330 3316; baseline 0.005 -24"><span class='ocrx_word' id='word_1_60' title='bbox 249 3239 391 3297; x_wconf 86' lang='lat' dir='ltr'><strong>societatis</strong></span> <span class='ocrx_word' id='word_1_61' title='bbox 419 3250 463 3297; x_wconf 86' lang='lat' dir='ltr'><strong>sn</strong></span> <span class='ocrx_word' id='word_1_62' title='bbox 484 3239 552 3296; x_wconf 87' lang='lat' dir='ltr'><strong>linis</strong></span> <span class='ocrx_word' id='word_1_63' title='bbox 573 3239 721 3316; x_wconf 85' lang='lat' dir='ltr'><strong>proprius.</strong></span> <span class='ocrx_word' id='word_1_64' title='bbox 738 3240 840 3315; x_wconf 80' lang='lat' dir='ltr'><strong>ltaque</strong></span> <span class='ocrx_word' id='word_1_65' title='bbox 858 3239 896 3298; x_wconf 75' lang='lat' dir='ltr'><strong>tle</strong></span> <span class='ocrx_word' id='word_1_66' title='bbox 918 3239 1082 3300; x_wconf 83' lang='lat' dir='ltr'><strong>christiana</strong></span> <span class='ocrx_word' id='word_1_67' title='bbox 1102 3239 1235 3302; x_wconf 78' lang='lat' dir='ltr'><strong>Ecclesia</strong></span> <span class='ocrx_word' id='word_1_68' title='bbox 1248 3253 1330 3316; x_wconf 78' lang='lat' dir='ltr'><strong>quas-</strong></span> 
     </span>
     <span class='ocr_line' id='line_1_15' title="bbox 246 3334 1329 3422; baseline 0.004 -31"><span class='ocrx_word' id='word_1_69' title='bbox 246 3339 379 3398; x_wconf 78' lang='lat' dir='ltr'><strong>rcntrltus</strong></span> <span class='ocrx_word' id='word_1_70' title='bbox 402 3337 582 3422; x_wconf 65' lang='lat' dir='ltr'><strong>noblspuio</strong></span> <span class='ocrx_word' id='word_1_71' title='bbox 599 3337 652 3396; x_wconf 91' lang='lat' dir='ltr'><strong>illa</strong></span> <span class='ocrx_word' id='word_1_72' title='bbox 663 3337 712 3415; x_wconf 88' lang='lat' dir='ltr'><strong>sit,</strong></span> <span class='ocrx_word' id='word_1_73' title='bbox 733 3334 789 3398; x_wconf 91' lang='lat' dir='ltr'><strong>hoc</strong></span> <span class='ocrx_word' id='word_1_74' title='bbox 805 3338 939 3415; x_wconf 88' lang='lat' dir='ltr'><strong>primum</strong></span> <span class='ocrx_word' id='word_1_75' title='bbox 953 3346 998 3398; x_wconf 85' lang='lat' dir='ltr'><strong>est</strong></span> <span class='ocrx_word' id='word_1_76' title='bbox 1017 3336 1239 3418; x_wconf 79' lang='lat' dir='ltr'><strong>explicandum,</strong></span> <span class='ocrx_word' id='word_1_77' title='bbox 1258 3337 1329 3415; x_wconf 87' lang='lat' dir='ltr'><strong>quis</strong></span> 
     </span>
     <span class='ocr_line' id='line_1_16' title="bbox 247 3437 1329 3520; baseline 0.005 -28"><span class='ocrx_word' id='word_1_78' title='bbox 247 3437 311 3496; x_wconf 85' lang='lat' dir='ltr'><strong>linis</strong></span> <span class='ocrx_word' id='word_1_79' title='bbox 324 3441 471 3518; x_wconf 86' lang='lat' dir='ltr'><strong>proprius</strong></span> <span class='ocrx_word' id='word_1_80' title='bbox 485 3439 512 3497; x_wconf 84' lang='lat' dir='ltr'><strong>ci</strong></span> <span class='ocrx_word' id='word_1_81' title='bbox 527 3441 567 3496; x_wconf 88' lang='lat' dir='ltr'><strong>sit</strong></span> <span class='ocrx_word' id='word_1_82' title='bbox 579 3439 904 3516; x_wconf 86' lang='lat' dir='ltr'><strong>propositus,inquc1n</strong></span> <span class='ocrx_word' id='word_1_83' title='bbox 916 3440 1147 3503; x_wconf 79' lang='lat' dir='ltr'><strong>illiusmomhra</strong></span> <span class='ocrx_word' id='word_1_84' title='bbox 1159 3441 1329 3520; x_wconf 82' lang='lat' dir='ltr'><strong>conspirare</strong></span> 
     </span>
     <span class='ocr_line' id='line_1_17' title="bbox 246 3521 1329 3616; baseline 0.002 -22"><span class='ocrx_word' id='word_1_85' title='bbox 246 3539 381 3598; x_wconf 78' lang='lat' dir='ltr'><strong>teneant.</strong></span> <span class='ocrx_word' id='word_1_86' title='bbox 404 3541 452 3600; x_wconf 63' lang='lat' dir='ltr'><strong>lix</strong></span> <span class='ocrx_word' id='word_1_87' title='bbox 463 3539 521 3596; x_wconf 86' lang='lat' dir='ltr'><strong>hoc</strong></span> <span class='ocrx_word' id='word_1_88' title='bbox 532 3539 591 3596; x_wconf 89' lang='lat' dir='ltr'><strong>liue</strong></span> <span class='ocrx_word' id='word_1_89' title='bbox 602 3521 752 3616; x_wconf 85' lang='lat' dir='ltr'><strong>comporto</strong></span> <span class='ocrx_word' id='word_1_90' title='bbox 771 3540 886 3616; x_wconf 75' lang='lat' dir='ltr'><strong>riteque</strong></span> <span class='ocrx_word' id='word_1_91' title='bbox 901 3541 1062 3600; x_wconf 88' lang='lat' dir='ltr'><strong>constituto</strong></span> <span class='ocrx_word' id='word_1_92' title='bbox 1075 3539 1214 3601; x_wconf 78' lang='lat' dir='ltr'><strong>Ecclesia</strong></span> <span class='ocrx_word' id='word_1_93' title='bbox 1223 3537 1329 3599; x_wconf 82' lang='lat' dir='ltr'><strong>delini·</strong></span> 
     </span>
     <span class='ocr_line' id='line_1_18' title="bbox 245 3622 1029 3717; baseline 0.001 -24"><span class='ocrx_word' id='word_1_94' title='bbox 245 3645 284 3696; x_wconf 86' lang='lat' dir='ltr'><strong>no</strong></span> <span class='ocrx_word' id='word_1_95' title='bbox 298 3656 355 3698; x_wconf 86' lang='lat' dir='ltr'><strong>sua</strong></span> <span class='ocrx_word' id='word_1_96' title='bbox 369 3647 480 3717; x_wconf 87' lang='lat' dir='ltr'><strong>sponte</strong></span> <span class='ocrx_word' id='word_1_97' title='bbox 495 3637 668 3698; x_wconf 82' lang='lat' dir='ltr'><strong>cllloroscot.</strong></span> <span class='ocrx_word' id='word_1_98' title='bbox 1025 3622 1029 3631; x_wconf 78' lang='grc'><strong>’</strong></span> 
     </span>
    </p>

    <p class='ocr_par' dir='ltr' id='par_1_9' title="bbox 239 3738 1331 4018">
     <span class='ocr_line' id='line_1_19' title="bbox 283 3738 1331 3820; baseline -0.001 -24"><span class='ocrx_word' id='word_1_99' title='bbox 283 3739 374 3798; x_wconf 81' lang='lat'>1264.</span> <span class='ocrx_word' id='word_1_100' title='bbox 404 3746 473 3800; x_wconf 74' lang='lat' dir='ltr'><strong>ltus.</strong></span> <span class='ocrx_word' id='word_1_101' title='bbox 494 3741 578 3796; x_wconf 69' lang='lat'><strong>621⁸.</strong></span> <span class='ocrx_word' id='word_1_102' title='bbox 597 3769 634 3782; x_wconf 88' lang='lat'><strong>·—</strong></span> <span class='ocrx_word' id='word_1_103' title='bbox 659 3738 811 3814; x_wconf 83' lang='lat' dir='ltr'><strong>Soelctetis</strong></span> <span class='ocrx_word' id='word_1_104' title='bbox 835 3738 1006 3798; x_wconf 79' lang='lat' dir='ltr'><strong>christiana</strong></span> <span class='ocrx_word' id='word_1_105' title='bbox 1029 3739 1100 3803; x_wconf 89' lang='lat' dir='ltr'><strong>finis</strong></span> <span class='ocrx_word' id='word_1_106' title='bbox 1121 3739 1261 3820; x_wconf 89' lang='lat' dir='ltr'><strong>proprius</strong></span> <span class='ocrx_word' id='word_1_107' title='bbox 1285 3742 1331 3797; x_wconf 84' lang='lat' dir='ltr'><strong>est</strong></span> 
     </span>
     <span class='ocr_line' id='line_1_20' title="bbox 242 3837 1328 3918; baseline -0.001 -22"><span class='ocrx_word' id='word_1_108' title='bbox 242 3841 506 3916; x_wconf 77' lang='lat' dir='ltr'><strong>supernaturalem</strong></span> <span class='ocrx_word' id='word_1_109' title='bbox 515 3839 685 3900; x_wconf 83' lang='lat' dir='ltr'><strong>lelicltatcrn</strong></span> <span class='ocrx_word' id='word_1_110' title='bbox 699 3845 849 3918; x_wconf 60' lang='lat' dir='ltr'><strong>aternam,</strong></span> <span class='ocrx_word' id='word_1_111' title='bbox 861 3837 1026 3916; x_wconf 83' lang='lat' dir='ltr'><strong>permedia</strong></span> <span class='ocrx_word' id='word_1_112' title='bbox 1039 3855 1058 3898; x_wconf 90' lang='lat' dir='ltr'><strong>a</strong></span> <span class='ocrx_word' id='word_1_113' title='bbox 1071 3838 1188 3898; x_wconf 84' lang='lat' dir='ltr'><strong>Christo</strong></span> <span class='ocrx_word' id='word_1_114' title='bbox 1201 3837 1328 3898; x_wconf 82' lang='lat' dir='ltr'><strong>Domino</strong></span> 
     </span>
     <span class='ocr_line' id='line_1_21' title="bbox 239 3932 1169 4018; baseline 0.003 -23"><span class='ocrx_word' id='word_1_115' title='bbox 239 3941 420 4018; x_wconf 71' lang='lat' dir='ltr'><strong>praescripta</strong></span> <span class='ocrx_word' id='word_1_116' title='bbox 435 3939 580 4006; x_wconf 81' lang='lat' dir='ltr'><strong>obtinere.</strong></span> <span class='ocrx_word' id='word_1_117' title='bbox 1087 3957 1093 3964; x_wconf 83' lang='lat'><strong>·</strong></span> <span class='ocrx_word' id='word_1_118' title='bbox 1165 3932 1169 3940; x_wconf 75' lang='grc'><em>’</em></span> 
     </span>
    </p>

    <p class='ocr_par' dir='ltr' id='par_1_10' title="bbox 231 4034 1330 4620">
     <span class='ocr_line' id='line_1_22' title="bbox 277 4034 1326 4118; baseline -0.006 -20"><span class='ocrx_word' id='word_1_119' title='bbox 277 4041 375 4099; x_wconf 76' lang='lat' dir='ltr'><strong>Enna.</strong></span> <span class='ocrx_word' id='word_1_120' title='bbox 392 4071 433 4080; x_wconf 95' lang='lat'>-</span> <span class='ocrx_word' id='word_1_121' title='bbox 449 4041 515 4098; x_wconf 85' lang='lat' dir='ltr'><strong>tarn</strong></span> <span class='ocrx_word' id='word_1_122' title='bbox 528 4041 605 4100; x_wconf 81' lang='lat' dir='ltr'><strong>lioro</strong></span> <span class='ocrx_word' id='word_1_123' title='bbox 626 4041 676 4116; x_wconf 83' lang='grc' dir='ltr'>ΙΙΙ,</span> <span class='ocrx_word' id='word_1_124' title='bbox 692 4054 757 4118; x_wconf 91' lang='lat' dir='ltr'><strong>cap.</strong></span> <span class='ocrx_word' id='word_1_125' title='bbox 775 4040 819 4115; x_wconf 78' lang='lat'><strong>1⁰,</strong></span> <span class='ocrx_word' id='word_1_126' title='bbox 837 4039 1023 4099; x_wconf 77' lang='lat' dir='ltr'><strong>ostendimus</strong></span> <span class='ocrx_word' id='word_1_127' title='bbox 1036 4035 1170 4097; x_wconf 86' lang='lat' dir='ltr'><strong>hominis</strong></span> <span class='ocrx_word' id='word_1_128' title='bbox 1183 4034 1326 4093; x_wconf 85' lang='lat' dir='ltr'><strong>ultimum</strong></span> 
     </span>
     <span class='ocr_line' id='line_1_23' title="bbox 236 4131 1328 4218; baseline -0.008 -20"><span class='ocrx_word' id='word_1_129' title='bbox 236 4139 331 4198; x_wconf 84' lang='lat' dir='ltr'><strong>finem</strong></span> <span class='ocrx_word' id='word_1_130' title='bbox 347 4157 408 4201; x_wconf 86' lang='lat' dir='ltr'><strong>sen</strong></span> <span class='ocrx_word' id='word_1_131' title='bbox 429 4142 587 4218; x_wconf 87' lang='lat' dir='ltr'><strong>perlectam</strong></span> <span class='ocrx_word' id='word_1_132' title='bbox 607 4139 781 4200; x_wconf 77' lang='lat' dir='ltr'><strong>felicitatem</strong></span> <span class='ocrx_word' id='word_1_133' title='bbox 805 4153 866 4198; x_wconf 88' lang='lat' dir='ltr'><strong>non</strong></span> <span class='ocrx_word' id='word_1_134' title='bbox 886 4143 974 4217; x_wconf 77' lang='lat' dir='ltr'><strong>poss‘c</strong></span> <span class='ocrx_word' id='word_1_135' title='bbox 990 4137 1024 4196; x_wconf 90' lang='lat' dir='ltr'><strong>in</strong></span> <span class='ocrx_word' id='word_1_136' title='bbox 1035 4136 1130 4195; x_wconf 89' lang='lat' dir='ltr'><strong>ullius</strong></span> <span class='ocrx_word' id='word_1_137' title='bbox 1156 4132 1246 4193; x_wconf 85' lang='lat' dir='ltr'><strong>creati</strong></span> <span class='ocrx_word' id='word_1_138' title='bbox 1258 4131 1328 4190; x_wconf 88' lang='lat' dir='ltr'><strong>boni</strong></span> 
     </span>
     <span class='ocr_line' id='line_1_24' title="bbox 238 4225 1329 4326; baseline -0.008 -28"><span class='ocrx_word' id='word_1_139' title='bbox 238 4243 406 4318; x_wconf 78' lang='lat' dir='ltr'><strong>adeptione</strong></span> <span class='ocrx_word' id='word_1_140' title='bbox 427 4249 600 4315; x_wconf 84' lang='lat' dir='ltr'><strong>consistere,</strong></span> <span class='ocrx_word' id='word_1_141' title='bbox 618 4241 844 4316; x_wconf 85' lang='lat' dir='ltr'><strong>humanamque</strong></span> <span class='ocrx_word' id='word_1_142' title='bbox 861 4248 1014 4310; x_wconf 87' lang='lat' dir='ltr'><strong>naturam,</strong></span> <span class='ocrx_word' id='word_1_143' title='bbox 1032 4225 1215 4326; x_wconf 61' lang='lat' dir='ltr'><strong>⁸simpliciter</strong></span> <span class='ocrx_word' id='word_1_144' title='bbox 1240 4231 1329 4325; x_wconf 80' lang='lat' dir='ltr'><strong>etiarn</strong></span> 
     </span>
     <span class='ocr_line' id='line_1_25' title="bbox 233 4330 1327 4420; baseline -0.007 -22"><span class='ocrx_word' id='word_1_145' title='bbox 233 4351 422 4418; x_wconf 82' lang='lat' dir='ltr'><strong>spectatam,</strong></span> <span class='ocrx_word' id='word_1_146' title='bbox 443 4345 515 4402; x_wconf 88' lang='lat' dir='ltr'><strong>satis</strong></span> <span class='ocrx_word' id='word_1_147' title='bbox 530 4351 629 4420; x_wconf 85' lang='lat' dir='ltr'><strong>aperte</strong></span> <span class='ocrx_word' id='word_1_148' title='bbox 645 4341 702 4410; x_wconf 85' lang='lat' dir='ltr'><strong>hoc</strong></span> <span class='ocrx_word' id='word_1_149' title='bbox 721 4341 863 4415; x_wconf 78' lang='lat' dir='ltr'><strong>clamare,</strong></span> <span class='ocrx_word' id='word_1_150' title='bbox 878 4338 1039 4418; x_wconf 85' lang='lat' dir='ltr'><strong>perlectam</strong></span> <span class='ocrx_word' id='word_1_151' title='bbox 1052 4334 1186 4395; x_wconf 85' lang='lat' dir='ltr'><strong>hominis</strong></span> <span class='ocrx_word' id='word_1_152' title='bbox 1199 4330 1327 4392; x_wconf 88' lang='lat' dir='ltr'><strong>lalicita·</strong></span> 
     </span>
     <span class='ocr_line' id='line_1_26' title="bbox 235 4435 1330 4520; baseline -0.009 -21"><span class='ocrx_word' id='word_1_153' title='bbox 235 4449 298 4501; x_wconf 81' lang='lat' dir='ltr'><strong>tem</strong></span> <span class='ocrx_word' id='word_1_154' title='bbox 315 4459 384 4502; x_wconf 89' lang='lat' dir='ltr'><strong>non</strong></span> <span class='ocrx_word' id='word_1_155' title='bbox 406 4459 492 4520; x_wconf 84' lang='lat' dir='ltr'><strong>posse</strong></span> <span class='ocrx_word' id='word_1_156' title='bbox 511 4443 583 4501; x_wconf 80' lang='lat' dir='ltr'><strong>alini</strong></span> <span class='ocrx_word' id='word_1_157' title='bbox 594 4457 686 4518; x_wconf 82' lang='lat' dir='ltr'><strong>quam</strong></span> <span class='ocrx_word' id='word_1_158' title='bbox 700 4441 794 4500; x_wconf 80' lang='lat' dir='ltr'><strong>inlici</strong></span> <span class='ocrx_word' id='word_1_159' title='bbox 809 4442 997 4517; x_wconf 82' lang='lat' dir='ltr'><strong>possessione</strong></span> <span class='ocrx_word' id='word_1_160' title='bbox 1011 4452 1045 4496; x_wconf 92' lang='lat' dir='ltr'><strong>ac</strong></span> <span class='ocrx_word' id='word_1_161' title='bbox 1056 4435 1198 4495; x_wconf 89' lang='lat' dir='ltr'><strong>iruitionc</strong></span> <span class='ocrx_word' id='word_1_162' title='bbox 1214 4447 1330 4512; x_wconf 86' lang='lat' dir='ltr'><strong>perco-</strong></span> 
     </span>
     <span class='ocr_line' id='line_1_27' title="bbox 231 4522 1329 4620; baseline -0.012 -17"><span class='ocrx_word' id='word_1_163' title='bbox 231 4546 416 4619; x_wconf 70' lang='lat' dir='ltr'><strong>gnitionem</strong></span> <span class='ocrx_word' id='word_1_164' title='bbox 431 4551 601 4604; x_wconf 80' lang='lat' dir='ltr'><strong>clamorem</strong></span> <span class='ocrx_word' id='word_1_165' title='bbox 612 4543 749 4602; x_wconf 90' lang='lat' dir='ltr'><strong>collocari</strong></span> <span class='ocrx_word' id='word_1_166' title='bbox 762 4545 852 4620; x_wconf 65' lang='lat'>(255).</span> <span class='ocrx_word' id='word_1_167' title='bbox 865 4522 909 4601; x_wconf 78' lang='lat' dir='ltr'><strong>lin</strong></span> <span class='ocrx_word' id='word_1_168' title='bbox 919 4536 1120 4600; x_wconf 84' lang='lat' dir='ltr'><strong>intellectuali</strong></span> <span class='ocrx_word' id='word_1_169' title='bbox 1128 4547 1261 4610; x_wconf 82' lang='lat' dir='ltr'><strong>namque</strong></span> <span class='ocrx_word' id='word_1_170' title='bbox 1271 4531 1329 4590; x_wconf 84' lang='lat' dir='ltr'><strong>lno-</strong></span> 
     </span>
    </p>
   </div>
   <div class='ocr_carea' id='block_1_9' title="bbox 230 4632 1450 4722">
    <p class='ocr_par' dir='ltr' id='par_1_11' title="bbox 230 4632 1450 4722">
     <span class='ocr_line' id='line_1_28' title="bbox 230 4632 1450 4722; baseline -0.011 -18"><span class='ocrx_word' id='word_1_171' title='bbox 230 4651 329 4707; x_wconf 84' lang='lat' dir='ltr'><strong>minis</strong></span> <span class='ocrx_word' id='word_1_172' title='bbox 353 4654 466 4706; x_wconf 75' lang='lat' dir='ltr'><strong>tratura</strong></span> <span class='ocrx_word' id='word_1_173' title='bbox 485 4645 650 4706; x_wconf 82' lang='lat' dir='ltr'><strong>necessario</strong></span> <span class='ocrx_word' id='word_1_174' title='bbox 674 4642 884 4722; x_wconf 83' lang='lat' dir='ltr'><strong>consequitur,</strong></span> <span class='ocrx_word' id='word_1_175' title='bbox 900 4639 984 4719; x_wconf 78' lang='lat' dir='ltr'><strong>qnotl</strong></span> <span class='ocrx_word' id='word_1_176' title='bbox 1000 4637 1121 4720; x_wconf 87' lang='lat' dir='ltr'><strong>propria</strong></span> <span class='ocrx_word' id='word_1_177' title='bbox 1133 4643 1164 4696; x_wconf 90' lang='lat' dir='ltr'><strong>et</strong></span> <span class='ocrx_word' id='word_1_178' title='bbox 1178 4632 1331 4714; x_wconf 84' lang='lat' dir='ltr'><strong>primitiva</strong></span> <span class='ocrx_word' id='word_1_179' title='bbox 1446 4707 1450 4710; x_wconf 8' lang='grc' dir='ltr'><em>ῃ</em></span> 
     </span>
    </p>
   </div>
   <div class='ocr_carea' id='block_1_10' title="bbox 228 4736 1330 4826">
    <p class='ocr_par' dir='ltr' id='par_1_12' title="bbox 228 4736 1330 4826">
     <span class='ocr_line' id='line_1_29' title="bbox 228 4736 1330 4826; baseline -0.016 -18"><span class='ocrx_word' id='word_1_180' title='bbox 228 4750 376 4810; x_wconf 86' lang='lat' dir='ltr'><strong>nominis</strong></span> <span class='ocrx_word' id='word_1_181' title='bbox 400 4748 563 4826; x_wconf 75' lang='lat' dir='ltr'><strong>tendentia,</strong></span> <span class='ocrx_word' id='word_1_182' title='bbox 580 4761 642 4806; x_wconf 88' lang='lat' dir='ltr'><strong>nun</strong></span> <span class='ocrx_word' id='word_1_183' title='bbox 665 4746 702 4806; x_wconf 75' lang='lat' dir='ltr'><strong>acl</strong></span> <span class='ocrx_word' id='word_1_184' title='bbox 721 4744 836 4808; x_wconf 81' lang='lat' dir='ltr'><strong>boumn</strong></span> <span class='ocrx_word' id='word_1_185' title='bbox 857 4742 979 4822; x_wconf 77' lang='lat' dir='ltr'><strong>aliquoi</strong></span> <span class='ocrx_word' id='word_1_186' title='bbox 999 4736 1183 4820; x_wconf 81' lang='lat' dir='ltr'><strong>particulare</strong></span> <span class='ocrx_word' id='word_1_187' title='bbox 1200 4739 1330 4792; x_wconf 88' lang='lat' dir='ltr'><strong>tautum·</strong></span> 
     </span>
    </p>
   </div>
   <div class='ocr_carea' id='block_1_11' title="bbox 0 0 1784 5675">
    <p class='ocr_par' dir='ltr' id='par_1_13' title="bbox 0 0 1784 5675">
     <span class='ocr_line' id='line_1_30' title="bbox 0 0 1784 5675; baseline 0 12"><span class='ocrx_word' id='word_1_188' title='bbox 0 0 1784 5675; x_wconf 95' lang='lat' dir='ltr'><strong> </strong></span> 
     </span>
    </p>
   </div>
  </div>
 </body>
</html>
