3559 5675
444 731 507 797 itti
854 746 935 799 sunu
955 746 1114 797 samnius

446 860 526 917 etex
541 849 729 934 puntentur
747 850 938 917 maderiis
956 853 1110 935 potestatis
1128 850 1283 917 eedneere
1301 850 1492 917 moeream.

485 952 732 1020 mereatusne
745 952 829 1018 donet
840 953 1019 1019 uodeoernit
1038 953 1184 1029 Pontifex,
1204 954 1496 1032 quotiereunpxe,etsi

446 1069 509 1117 non
522 1069 660 1133 expreew
677 1056 792 1116 essem
808 1068 842 1115 se
860 1057 896 1115 ni
914 1052 1077 1119 Summum
1091 1051 1265 1116 Pontiiioem
1280 1052 1372 1130 ioqui,
1382 1050 1498 1130 proripui

447 1162 549 1215 tamen
562 1160 597 1218 ut
613 1152 778 1216 doetrioam
792 1168 811 1213 e
823 1170 856 1215 se
867 1152 1008 1219 traditam
1022 1168 1128 1215 omnes
1147 1151 1276 1215 fideliter
1295 1152 1446 1231 exeipiaot3
1459 1168 1498 1213 oo

448 1260 492 1315 tut
512 1252 818 1333 nequiseixefrngart
839 1246 966 1325 auderit
989 1251 1077 1318 utitor
1098 1252 1273 1319 dnoentiious
1292 1253 1369 1317 uem
1385 1253 1501 1330 omnipo

447 1352 537 1419 motis
550 1353 603 1415 iiei
613 1360 643 1414 et
653 1351 863 1431 Apostolorum
877 1353 956 1417 Petri
968 1356 998 1417 et
1016 1352 1114 1427 muti,
1129 1366 1340 1431 oemmamun
1349 1351 1502 1415 emimnsti

448 1467 497 1515 me
512 1449 960 1526 commensurationem
975 1452 1070 1517 utitur
1081 1450 1225 1531 loquendi
1234 1450 1343 1515 forma.

489 1552 563 1624 Qum
576 1550 643 1611 duae
655 1552 766 1628 regule
780 1552 816 1613 ed
828 1552 908 1613 hano
920 1567 1014 1613 onem
1028 1550 1130 1613 reduci
1142 1556 1284 1629 possunt:
1305 1570 1321 1608 u
1334 1552 1376 1611 Ex
1386 1548 1504 1613 esthedra

449 1649 535 1713 docet
547 1666 580 1713 ae
593 1650 727 1713 decernit
739 1652 883 1725 Pontifex,
899 1651 1139 1729 quotieeeunque
1154 1651 1185 1714 in
1200 1650 1322 1729 punitor
1338 1667 1392 1713 suo
1409 1649 1504 1715 durneto

449 1750 514 1829 ipse
529 1750 732 1833 ueierptr'cite
748 1752 797 1812 uei
816 1748 963 1831 inpiirite
983 1750 1114 1811 affirmat
1133 1767 1166 1811 se
1178 1766 1215 1811 ex
1227 1750 1380 1829 pontificia
1399 1750 1505 1813 auotori-

451 1855 509 1914 tate
523 1848 576 1911 ilie
589 1850 694 1913 dooere
705 1868 741 1913 eo
752 1850 949 1914 dominere.»
971 1852 1073 1925 Quum
1093 1851 1176 1912 enim
1189 1850 1284 1929 possit
1297 1850 1351 1913 iiie
1362 1866 1413 1929 pm
1425 1848 1505 1913 lubitu

450 1949 500 2013 vet
519 1956 553 2011 ut
574 1950 695 2031 publiea
714 1951 763 2015 vei
775 1958 808 2015 ut
821 1952 936 2031 priuata
958 1966 1086 2031 persone
1105 1950 1270 2016 Emtesism
1291 1948 1419 2027 eunom,
1437 1946 1507 2009 orio

451 2047 516 2128 ipse
528 2046 630 2127 palam
647 2049 694 2111 rel
710 2050 857 2129 impiieite
867 2050 1047 2113 denuntiare
1060 2064 1200 2127 qutemm
1217 2066 1254 2112 ex
1267 2046 1417 2129 ponomu
1430 2052 1507 2127 pots
1574 2042 1575 2121 ]

452 2153 512 2209 tate
524 2148 564 2209 sit
579 2148 745 2214 loeuturue.

494 2248 550 2309 tibi
563 2266 634 2313 nero
647 2249 785 2313 Pontifex
794 2267 832 2313 er
843 2266 989 2331 suprema
1003 2248 1058 2313 iila
1075 2248 1249 2315 sunonem
1268 2249 1357 2328 ioqui
1369 2265 1400 2311 se
1413 2244 1507 2323 signif·

453 2348 576 2421 eererit,
588 2348 693 2411 nultus
710 2366 805 2425 error,
830 2367 929 2429 neque
942 2351 976 2413 in
989 2349 1056 2416 heo·
1066 2348 1281 2429 signifimtinne
1295 2350 1372 2429 ipse,
1387 2362 1475 2425 neque
1484 2346 1507 2405 it

454 2445 586 2509 doctrine
595 2449 640 2511 sio
651 2448 758 2512 tradite
768 2455 865 2529 potest
882 2450 1006 2515 somno
1020 2450 1172 2529 amptius,
1184 2450 1257 2528 quia
1270 2448 1430 2519 mesiam
1445 2444 1507 2510 deti·

454 2562 525 2627 pere
538 2550 643 2609 Petrus
655 2548 742 2610 nullo
758 2556 845 2629 paeto
857 2557 954 2630 potest
970 2550 1073 2627 (1297,
1088 2548 1144 2629 iii)

498 2649 587 2710 1299.
599 2650 666 2711 Poe.
677 2648 1264 2727 eim-ttonrnostoontoxisgttimus
1275 2648 1393 2711 anulis
1403 2644 1507 2711 interfit

455 2747 630 2809 auctoritato
641 2753 738 2827 potest
760 2749 808 2811 rot
822 2755 883 2811 toto
901 2765 958 2813 suo
973 2765 1110 2825 munere,
1124 2746 1172 2811 vel
1186 2748 1250 2811 utin
1270 2749 1391 2825 jurium
1405 2756 1508 2811 suontii
1574 2742 1575 2787 ἓ

455 2847 673 2928 parteprivsri.
1574 2832 1575 2892 Γ

496 2950 592 3011 Paos.
603 2981 643 2996 -
654 2952 809 3014 nonanus
825 2951 960 3017 Pontifex
978 2967 1154 3031 supremum
1168 2948 1258 3015 habet
1273 2949 1306 3013 in
1318 2947 1509 3013 mirentur

456 3047 604 3111 toritatem
617 3049 846 3124 mouurrltr‘esm,
861 3050 940 3114 idest
949 3065 1073 3132 proretis
1089 3046 1340 3132 independentem.
1356 3051 1432 3126 Ergo
1443 3042 1511 3109 nuile

457 3146 489 3207 in
502 3148 589 3215 terrie
597 3154 644 3210 eet
655 3149 716 3211 alia
729 3151 867 3231 superior
879 3153 1053 3226 auotoritas,
1066 3167 1085 3212 e
1098 3166 1160 3228 qua
1174 3149 1227 3212 ilie
1247 3147 1391 3230 juiierri,
1409 3145 1511 3222 uitaque

455 3247 574 3324 furium
587 3265 714 3310 suorum
728 3257 811 3330 porte
826 3249 948 3331 spoliari
959 3251 1063 3330 possit.

500 3349 588 3410 130⁰.
604 3348 778 3410 conom-
790 3349 946 3428 Siquando
959 3349 1050 3426 igitur
1065 3347 1247 3411 tinineraelis
1259 3347 1407 3424 Pontifex,
1420 3341 1511 3406 divinit
1574 3375 1575 3398 t

458 3445 660 3525 humanisque
672 3449 780 3528 spretis
790 3449 921 3526 iegibus,
935 3449 968 3510 in
982 3447 1083 3510 soeius
1094 3445 1296 3526 quodeunque
1308 3445 1510 3526 protutorem,

458 3545 582 3609 nullum
595 3552 684 3610 tanta
696 3549 859 3612 calamitati
878 3546 1046 3614 remedium
1067 3565 1085 3612 e
1109 3547 1288 3610 Christianis
1311 3545 1411 3611 afferri
1423 3551 1511 3624 poseat,

459 3651 567 3728 preter
577 3647 727 3726 supptioes
739 3648 777 3712 ed
792 3651 901 3724 mum,
916 3654 946 3708 et
968 3647 1006 3708 ad
1029 3647 1200 3712 Pontificem
1221 3647 1324 3726 ipsum
1338 3658 1448 3726 preces.
1462 3643 1513 3702 iiuo

458 3744 610 3823 pertinent
619 3747 751 3808 eelebree
764 3753 899 3830 vetorum
912 3747 1086 3810 sententie:
1100 3746 1206 3812 Primo
1220 3741 1342 3808 Sedere
1356 3739 1512 3821 eemiuju·

458 3840 594 3922 dicutur,
607 3844 1016 3927 Petrusjadr'cofomnereto
1030 3847 1143 3909 nemine
1149 3843 1316 3925 judicetur.
1333 3845 1512 3924 idipsumxu·

460 3947 570 4008 femin
592 3947 698 4008 ordine
711 3948 778 4026 ipso
800 3954 924 4010 externo
935 3953 963 4010 et
978 3945 1134 4026 temporali
1160 3946 1321 4008 usuvenire
1344 3943 1468 4006 vidimus
1484 3937 1512 3998 ii·

459 4044 515 4106 bro
528 4045 552 4106 x
565 4045 684 4126 (1024ss
705 4048 738 4108 io
752 4063 814 4125 quo
832 4047 938 4108 ordine
961 4046 1116 4126 temporoii
1143 4047 1282 4126 prineope
1305 4045 1428 4108 omnino
1446 4037 1512 4102 inde

459 4145 607 4224 pendens,
624 4153 777 4226 utrunque
796 4165 850 4226 per
872 4148 1038 4211 immonem
1052 4145 1242 4225 tyrannidem
1265 4146 1298 4208 in
1316 4161 1387 4208 suos
1406 4139 1510 4223 populo

461 4248 573 4319 seriae,
588 4263 605 4308 a
629 4245 713 4308 nuile
727 4255 828 4310 mmen
848 4247 908 4312 alie
921 4253 1017 4328 potent
1039 4249 1192 4328 superiore
1207 4247 1379 4310 austeritate
1389 4237 1510 4323 indistrie

461 4347 534 4416 nisi,
545 4363 564 4408 a
575 4347 730 4427 temporati
738 4348 843 4412 ordine
856 4349 980 4428 egressi,
991 4347 1027 4410 ad
1037 4347 1265 4412 eooieeiastioam
1275 4345 1401 4410 Romani
1412 4335 1509 4406 Ponti

461 4447 505 4508 eis
517 4451 693 4528 potestatem
705 4447 808 4526 popuii
822 4448 983 4513 miserrimi
994 4447 1181 4526 confugiant.

498 4547 693 4608 Teterrimem
702 4563 771 4607 eam
782 4549 981 4612 calamitatem
991 4549 1127 4612 Euolesiae
1135 4547 1274 4626 subjugo
1284 4547 1399 4610 soeleeti
1408 4547 1507 4608 Prom-

461 4651 526 4732 ὼε
537 4648 669 4728 insaniit
681 4646 817 4712 Christus
836 4653 984 4719 Dominus
996 4646 1350 4732 mpientiseimooomiiio
1362 4637 1506 4712 uoluiiuli·

462 4748 581 4833 quoodo
601 4751 783 4833 permittere,
798 4760 833 4815 ut
853 4753 1038 4816 tuooienttus
1053 4751 1133 4834 spuo
1159 4767 1266 4816 omnes
1289 4753 1439 4820 neuim»
1457 4751 1504 4804 ¹²⁰⁰
