3559 5675
482 776 544 841 m
891 790 971 836 ruera
991 786 1152 835 strumus

480 898 595 963 bilibus
608 896 700 959 celtus
711 894 860 957 utendum
871 896 930 977 sit,
945 911 1017 973 ergo
1025 900 1124 977 potest
1132 892 1252 957 socialis
1261 896 1413 958 auctoritas
1425 894 1522 957 ciuiliter

478 1000 518 1063 ad
531 1013 692 1061 oommrme
710 993 825 1057 honum
847 1001 878 1057 et
899 993 1022 1057 subdes
1042 998 1071 1053 et
1091 992 1220 1055 mobiles
1242 993 1373 1055 lortunas
1393 994 1521 1075 possidm
1579 1034 1580 1037 κ

477 1100 598 1184 quoda
615 1112 722 1160 earum
738 1094 887 1177 possessio
906 1094 992 1157 utilis
1003 1093 1041 1155 ad
1064 1094 1222 1177 publicum
1239 1094 1354 1159 bonum
1373 1102 1414 1157 cst
1423 1118 1432 1173 3
1450 1094 1522 1173 utilis,

475 1204 616 1281 inquam
629 1196 678 1259 sel
696 1196 876 1259 adanorum
900 1194 1025 1270 civium,
1047 1196 1102 1274 qui
1127 1194 1188 1256 illis
1207 1200 1344 1273 utantur,
1368 1196 1523 1257 adsentatio

473 1320 560 1379 nem,
571 1301 620 1365 vel
632 1299 669 1362 ad
687 1298 830 1361 mdalom
844 1297 995 1374 ordinem,
1007 1298 1063 1379 qui
1086 1296 1147 1358 illis
1162 1298 1306 1377 indigeat,
1326 1294 1522 1379 protegendum.

473 1404 510 1467 ln
544 1402 656 1464 harum
688 1404 791 1461 autern
821 1416 925 1461 rerum
956 1398 1085 1461 civiliter
1119 1414 1329 1479 possessarum
1361 1396 1523 1459 seminem
1579 1438 1580 1479 3

472 1504 555 1565 tione
575 1498 740 1565 ordinanda
762 1498 882 1561 socialis
903 1497 1009 1561 eadem
1033 1500 1194 1560 auctoritas
1216 1497 1371 1579 politicum
1387 1495 1524 1559 dominium

471 1608 599 1667 exercet.
1579 1618 1580 1665 t

511 1704 590 1765 llioc
602 1718 672 1765 sero
685 1699 878 1779 inuuigim,
893 1716 991 1779 quum
1004 1700 1129 1763 societas
1138 1700 1289 1780 quapiam
1304 1698 1451 1777 universa,
1461 1715 1483 1756 o.
1492 1715 1524 1777 p,

470 1804 588 1867 colonia
601 1800 752 1882 quadan,
771 1818 789 1862 e
810 1802 906 1881 patrio
928 1800 1005 1879 solo,
1027 1803 1181 1879 regionem
1195 1800 1304 1863 incolis
1318 1814 1440 1861 ramam
1457 1813 1525 1859 oocu-

469 1910 589 1985 patura,
610 1902 751 1979 emigrat,
774 1899 850 1961 dum
871 1899 1022 1961 individui
1044 1902 1160 1981 quique
1173 1900 1245 1961 socii
1260 1904 1290 1960 et
1310 1899 1462 1961 auctoritas
1479 1896 1526 1975 ipsa

465 2000 722 2068 mausum
744 2017 888 2079 agrorum
908 2017 987 2079 quos
1010 2001 1145 2079 legitime
1166 2004 1327 2081 occupant,
1348 1997 1525 2079 proprietatem

467 2102 641 2182 ωφιίωιιῑ,
659 2100 790 2162 societati
804 2100 953 2162 universe
973 2100 1067 2163 simul
1087 2100 1203 2180 acquiri
1218 2097 1344 2181 politice
1365 2104 1455 2159 totum
1470 2093 1526 2157 illud

467 2201 664 2280 temitorium,
677 2198 760 2279 quod
772 2216 808 2263 ea
818 2198 897 2261 velle
912 2216 944 2262 se
957 2197 996 2261 ad
1007 2199 1165 2279 publicum
1175 2199 1291 2262 ltonum
1302 2197 1439 2261 ordinare
1449 2195 1526 2277 palen
1579 2262 1580 2291 ,

469 2299 641 2363 denuntiat.
1147 2342 1152 2349 .
1579 2292 1580 2373 l

506 2402 613 2481 ltaque
625 2400 694 2462 due
706 2399 893 2462 conditiones
904 2398 941 2461 ad
956 2399 1014 2461 lale
1030 2399 1202 2463 dominium
1216 2398 1438 2479 acquirendum
1450 2394 1527 2475 requi·
1579 2382 1580 2395 ¹

467 2508 590 2583 runnu,
603 2498 723 2562 utilitas
734 2502 782 2562 rea·
799 2499 967 2581 postulatae,
979 2503 1009 2561 et
1026 2498 1149 2561 siatmtio
1158 2497 1277 2583 publice
1292 2498 1445 2562 declarata
1465 2496 1527 2557 illius

358 2634 363 2641 ·
467 2598 648 2683 oeeopaode
662 2596 701 2661 ed
720 2598 808 2660 illam
830 2600 864 2659 in
885 2598 1044 2679 publicum
1058 2598 1173 2662 bonum
1188 2598 1403 2663 ordinandam.
1419 2598 1449 2659 si
1469 2594 1529 2656 euin

467 2704 592 2765 metas
605 2701 707 2783 palam
728 2716 791 2763 non
808 2700 956 2779 signilicet
971 2719 1003 2764 se
1025 2719 1091 2765 rem
1108 2702 1194 2765 illam
1207 2719 1369 2785 occupare,
1390 2702 1467 2763 deest
1481 2712 1529 2778 pro

468 2802 617 2882 mulgntio
630 2800 716 2864 illius
728 2802 812 2878 lacti,
826 2818 917 2882 aquo
935 2804 989 2884 jus
1010 2802 1139 2866 dominii
1153 2802 1273 2866 socialis
1286 2804 1448 2868 enecatur.
1462 2796 1530 2878 ltptt'

468 2903 650 2966 inhumana
668 2903 808 2965 societate
829 2907 972 2964 erumna
995 2909 1113 2964 tanturn
1129 2903 1202 2966 ortlo
1224 2903 1442 2968 consideratam.
1462 2903 1530 2976 lngo,

468 3005 627 3066 utiactum
640 3001 718 3064 illud
738 3002 943 3084 occupationis
956 3007 1060 3082 aptum
1081 3003 1120 3066 sit
1138 3001 1176 3066 ad
1190 3001 1269 3066 illud
1284 3005 1337 3084 ius
1358 2999 1530 3084 gignendum,

470 3120 591 3168 necesse
603 3111 650 3166 est
662 3102 740 3165 illud
754 3109 876 3166 externe
889 3103 1065 3180 significari.
1082 3105 1114 3166 Si
1127 3122 1199 3166 vero
1213 3122 1289 3168 usus
1302 3122 1409 3168 rerum
1424 3102 1530 3174 illarum,

469 3221 548 3286 quas
560 3206 686 3267 sociatu
703 3221 735 3266 se
753 3200 792 3265 ad
805 3219 968 3266 commune
989 3203 1106 3266 bonum
1127 3222 1273 3288 occupare
1295 3205 1462 3278 denuntiat,
1476 3197 1532 3262 nihil

470 3305 508 3368 ad
536 3303 679 3378 socialem
702 3301 840 3366 ordinem
863 3303 996 3380 eonlert,
1023 3303 1078 3366 illa
1103 3303 1293 3368 denuntiatio
1321 3305 1467 3385 primatia
1490 3295 1533 3374 legi

472 3405 585 3468 amoris
610 3403 849 3466 internetionalis
874 3403 1067 3484 adversatur,
1090 3405 1210 3483 jubenti
1236 3406 1369 3467 aliarum
1402 3401 1534 3466 nationun

473 3503 592 3570 boam
605 3503 683 3567 velle
698 3523 706 3562 ε
721 3503 798 3566 alias
810 3519 945 3584 mmque
959 3505 1096 3568 nationes
1110 3505 1166 3569 illa
1185 3505 1362 3568 excluderet
1382 3505 1421 3568 alt
1441 3519 1491 3565 usu
1505 3498 1535 3559 τά

475 3603 534 3666 sihi
549 3601 679 3665 inutilis.
693 3602 775 3678 Quin
787 3603 850 3666 imo
861 3603 933 3665 talis
946 3602 1134 3667 denuntiatio
1143 3605 1187 3666 rei
1200 3605 1331 3668 societati
1347 3603 1463 3666 inutilis
1473 3615 1537 3664 oct·

476 3710 554 3786 patae
566 3707 644 3766 esset
656 3703 690 3766 in
702 3719 735 3764 se
745 3703 811 3784 ipsa
822 3703 1071 3778 contradictoria;
1085 3705 1159 3784 quia
1173 3712 1246 3768 tunc
1258 3705 1387 3768 societas
1401 3703 1536 3768 affirmaret
1579 3775 1580 3780 ἵ

478 3818 588 3865 serem
607 3801 665 3864 sibi
683 3797 815 3862 mutilem
828 3818 976 3884 occupare
989 3809 1024 3864 ut
1044 3803 1129 3868 illam
1147 3803 1184 3867 ed
1202 3821 1384 3866 communem
1402 3801 1535 3865 autoire
1579 3851 1580 3860 ,

477 3901 608 3966 ordinet.

520 4003 650 4068 Concu.
673 4003 705 4066 3.
721 4035 763 4051 -
775 4003 818 4067 Ex
837 4003 920 4068 hisco
942 4001 1086 4068 omnibus
1108 4003 1186 4068 illud
1209 4005 1303 4068 etiam
1328 4005 1432 4086 colligi
1453 4005 1535 4086 potest

480 4105 554 4186 quid
564 4121 674 4184 nempe
687 4104 766 4166 inter
778 4122 882 4168 rerum
894 4104 1027 4168 satorem
1038 4107 1071 4168 iu
1081 4105 1188 4168 ordine
1199 4105 1332 4186 politico,
1346 4113 1377 4170 et
1388 4101 1537 4170 wentae

480 4206 613 4268 valorem
628 4204 661 4264 in
675 4205 778 4266 ordina
791 4206 886 4268 cirico
898 4203 1027 4268 intersit.
1043 4205 1131 4268 l’alor
1142 4207 1256 4270 scilicet
1273 4207 1416 4288 politicus
1429 4197 1537 4268 consistit

481 4305 515 4366 iu
530 4303 658 4366 utilitate
670 4302 714 4363 rei
728 4302 765 4363 ad
785 4304 922 4366 ordinem
935 4289 1087 4382 socialem,
1103 4305 1188 4370 valor
1198 4307 1311 4370 civicus
1324 4309 1358 4370 in
1379 4306 1496 4370 utilitate
1506 4294 1537 4358 rei

479 4402 518 4465 ad
539 4399 673 4464 hominis
698 4399 847 4466 individui
870 4407 984 4468 victum
1013 4413 1042 4469 et
1065 4407 1194 4472 cultum.
1222 4410 1361 4472 Jamsero
1388 4402 1537 4470 individuae

480 4497 584 4576 homo,
601 4499 717 4560 ratione
727 4504 757 4560 et
767 4517 858 4564 seusu
871 4511 1024 4580 consens,
1039 4505 1199 4568 utilitatem
1208 4521 1359 4588 sarpedon
1373 4505 1467 4566 levem
1478 4493 1538 4576 capit

481 4615 498 4660 e
517 4597 620 4672 mous,
634 4615 710 4677 quas
723 4601 799 4663 ratio
818 4601 875 4664 sibi
894 4619 1019 4684 prorsus
1032 4605 1156 4669 inutiles
1166 4605 1305 4686 judicat:
1324 4603 1442 4666 socialis
1458 4603 1537 4661 sucu

480 4697 563 4772 ordo,
578 4715 676 4778 quum
687 4707 769 4764 totus
782 4701 821 4764 sit
831 4702 957 4768 rationis
971 4705 1160 4770 ordinatrioie
1171 4721 1262 4788 opus,
1277 4703 1402 4768 nullum
1414 4699 1536 4764 adeun,

480 4795 557 4857 idest
580 4798 699 4864 nullam
722 4803 894 4881 utilitatem,
918 4803 1050 4884 prebere
1074 4814 1181 4888 potest,
1204 4807 1264 4870 nisi
1287 4803 1536 4872 nonanoeane
