3559 5675
551 788 659 837 suuua.
681 809 721 825 ·-
741 792 825 840 uara
845 794 1034 842 nuoorcruus.
1276 774 1337 839 tlt

311 894 452 955 laon·
475 894 580 957 Omnis
604 898 751 958 societatis
773 897 914 960 humana
935 898 1004 960 finis
1030 899 1217 979 particularis
1231 900 1338 961 imme·

274 991 365 1053 dietus
375 998 419 1053 est
431 992 502 1056 cralo
515 994 640 1072 quidam
651 1003 791 1059 externus
804 999 901 1076 (735).
916 1000 992 1059 Nam
1005 998 1139 1059 hnmana
1156 998 1281 1060 societas
1293 1000 1338 1059 est

277 1108 307 1153 ea
320 1107 379 1171 qua
390 1089 526 1153 homines
545 1093 623 1155 inter
636 1112 669 1157 se
691 1098 928 1193 couJungtpin
946 1098 1089 1158 Homines
1102 1101 1202 1157 autem
1220 1111 1337 1173 neque-

184 1214 185 1245 :
274 1197 324 1251 unt
334 1190 480 1252 socialiter
493 1196 636 1273 conjungi
651 1183 894 1284 immediatesslrls'i
907 1181 1038 1258 e'rtemis
1048 1196 1197 1273 uinculis3
1210 1196 1281 1274 quia
1293 1197 1339 1257 in·

278 1299 369 1353 ternos
391 1292 522 1355 aliorum
546 1312 653 1357 sensus
675 1313 736 1358 non
759 1287 926 1375 agnoscunt
948 1297 1008 1359 nisi
1026 1314 1080 1379 per
1093 1298 1180 1376 signa
1193 1304 1336 1378 externa:

271 1400 310 1455 est
322 1398 418 1455 autem
431 1394 553 1455 evidens
573 1396 706 1458 internos
720 1398 870 1460 sociorum
891 1415 998 1460 sensus
1012 1399 1148 1475 cognosci
1160 1398 1198 1458 ah
1212 1396 1280 1458 aliis
1291 1414 1338 1458 so

271 1490 320 1553 ciis
331 1498 474 1573 oportere,
488 1499 523 1553 ut
536 1493 568 1553 hi
587 1511 657 1555 cum
679 1494 739 1557 illis
752 1501 925 1577 conspirarit
944 1496 1036 1577 (427),
1059 1514 1168 1578 nempe
1179 1504 1214 1558 ut
1224 1496 1338 1577 judicia

271 1598 300 1652 et
313 1592 478 1654 voluntates
492 1610 575 1667 suas,
587 1594 668 1656 unde
684 1596 812 1657 actiones
826 1596 991 1676 profluunt,
1006 1596 1041 1659 ad
1061 1596 1177 1677 judicia
1188 1602 1218 1658 et
1228 1596 1339 1657 volun-

272 1696 338 1753 tates
349 1690 478 1753 aliomm
495 1695 644 1755 sociorum
653 1696 849 1757 conforment.
864 1699 941 1775 Ergo
954 1696 1118 1758 christiana
1128 1697 1260 1770 societas,
1276 1699 1339 1760 sivo

268 1794 398 1871 Ecclesia,
422 1801 470 1857 est
484 1794 645 1857 hominum
665 1796 846 1859 coordinatio
861 1804 982 1858 esterna
992 1798 1031 1858 ad
1046 1815 1097 1859 eos
1116 1799 1148 1859 in
1160 1803 1339 1878 supernatu-

269 1892 323 1953 rale
337 1892 453 1956 bouum
478 1892 627 1958 schristo
646 1897 773 1959 Domino
794 1903 996 1959 monstratum
1016 1897 1221 1978 perducendos
1234 1897 1341 1961 idonea

268 2000 293 2054 et
304 1992 413 2056 efficax.
426 1996 503 2070 Quae
515 1995 640 2075 quidem
653 2004 773 2058 externa
783 1998 977 2071 coordinatis
992 2000 1026 2059 in
1035 1997 1164 2077 singulis
1175 1998 1339 2061 individuis

276 2102 404 2175 spectata,
423 2098 533 2175 nequit
546 2102 612 2177 apta
628 2105 835 2178 stratumne,
850 2086 909 2161 nisi
923 2100 1077 2161 internum
1089 2098 1169 2160 iniis
1182 2100 1342 2177 rereragi·

268 2203 332 2273 gnat
346 2205 466 2259 motum
478 2198 510 2258 in
522 2197 598 2259 illutl
611 2198 726 2260 bonum
738 2199 964 2280 supernaturale
972 2214 983 2276 3
996 2198 1079 2277 quia,
1094 2201 1153 2260 uisi
1173 2199 1255 2262 hunc
1273 2217 1340 2262 mo·

268 2302 325 2358 tum
335 2314 434 2361 revera
445 2298 553 2379 pariat,
562 2314 623 2361 nou
633 2306 679 2361 est
693 2300 796 2377 ellicarr
809 2298 846 2361 ad
859 2299 1002 2360 ultimum
1015 2299 1106 2361 finem
1117 2298 1337 2376 attingendum.

268 2402 309 2475 ιιι,
323 2405 474 2476 quatenus
487 2400 520 2459 in
534 2400 671 2461 societate
685 2400 750 2481 ipsa
768 2400 858 2477 viget,
877 2399 929 2460 illa
939 2406 1061 2461 externa
1072 2400 1254 2462 coordinatio
1269 2408 1339 2463 tnrrc

268 2504 326 2575 apta
342 2506 371 2563 et
391 2507 477 2565 recta
492 2510 550 2578 est,
564 2520 660 2580 quum
675 2520 728 2583 per
749 2520 781 2565 se
794 2508 840 2566 est
853 2501 960 2563 idonea
974 2501 1011 2562 ad
1025 2501 1210 2580 gignendum
1229 2504 1261 2563 in
1275 2502 1341 2563 sin-

268 2601 337 2677 gulis
347 2605 433 2665 sociis
450 2602 538 2663 illum
549 2607 664 2665 motum
676 2605 707 2664 in
717 2603 809 2664 finam
817 2603 961 2663 ultimum
973 2603 1231 2682 supernaturalem
1241 2604 1337 2685 (735).

304 2704 440 2767 lamrero
460 2705 616 2785 proprium
629 2702 809 2766 auctoritatis
827 2703 977 2782 objectum
993 2705 1025 2765 in
1041 2721 1223 2783 unaquaque
1245 2706 1340 2769 socie-

182 2841 183 2851 ι
271 2808 323 2867 tate
336 2811 379 2868 est
392 2806 476 2868 bono
492 2804 595 2868 sociali
613 2804 771 2867 corisulere
786 2802 886 2883 (tco);
913 2804 993 2883 quotl
1016 2804 1130 2867 bonum
1145 2805 1252 2868 sociale
1265 2822 1341 2869 con-

182 2949 198 2998 3
273 2905 341 2966 sistit
359 2908 391 2968 iu
413 2905 622 2968 conseruando
642 2922 675 2967 ac
694 2905 874 2985 perficiendo
899 2905 952 2967 illo
977 2905 1082 2966 ordine
1102 2907 1155 2983 qui
1175 2907 1340 2984 uuicuique

183 3051 200 3090 ,ι
271 3007 378 3086 proprie
394 3007 560 3087 competit:
575 3007 649 3084 utria
663 3013 693 3066 et
712 3007 744 3066 in
759 3006 815 3066 hoc
830 3005 935 3066 ordine
949 3005 1004 3064 sita
1018 3011 1062 3064 cst
1084 3021 1215 3084 presens
1229 3007 1340 3065 turtius·

181 3086 188 3101 μ
273 3108 413 3186 cujusque
428 3107 578 3168 societatis
591 3112 712 3182 natura,
735 3113 770 3166 ιιι
786 3121 883 3186 nuper
897 3104 1045 3174 uidimus;
1061 3111 1091 3164 et
1103 3120 1156 3183 per
1170 3101 1250 3166 hunc
1262 3105 1341 3165 ordi-

189 3259 199 3286 ί,
272 3223 335 3268 nem
347 3223 543 3286 unaquaeque
557 3206 702 3268 ultimum
716 3223 807 3268 suum
829 3205 921 3265 finem
940 3205 1120 3282 assequitur.
1138 3205 1214 3281 Ergo
1235 3211 1339 3266 aucto·

181 3290 200 3371 s.
270 3308 353 3370 ritatis
367 3307 575 3372 ecclesiastica
587 3307 742 3386 proprium
757 3305 906 3383 objectum
919 3311 964 3365 est
973 3321 1146 3366 conservare
1157 3320 1190 3366 ac
1199 3303 1340 3384 perficere

182 3477 201 3495 Ἴ,
272 3413 419 3472 artemam
443 3407 604 3470 hominum
623 3407 876 3471 coordinationem
896 3405 1034 3467 idoneam
1055 3403 1094 3465 ad
1106 3404 1293 3482 gignendum
1308 3405 1340 3464 in

182 3570 183 3574 ,
271 3507 393 3585 singulis
414 3515 534 3588 motum
558 3501 591 3569 in
614 3507 706 3570 ιἰιιιιιι
728 3507 872 3569 ultimum
896 3506 1158 3586 supernaturalem
1179 3521 1198 3564 a
1221 3505 1340 3568 Christo

269 3609 610 3672 llominomonstratum.

181 3684 197 3788 ,Ἴ
305 3714 397 3774 1290.
416 3715 552 3776 Conone.
568 3743 605 3758 -
617 3710 908 3788 Distinguendusest
917 3709 1010 3788 igitur
1019 3715 1152 3773 accurrate
1166 3709 1197 3769 in
1210 3708 1340 3772 Ecclesia

181 3790 198 3811 '³
268 3809 370 3890 duplex
382 3812 457 3876 ortlo
470 3812 595 3874 actionis
610 3828 663 3872 seu
679 3817 789 3882 motus.
806 3811 880 3870 alter
895 3807 1106 3886 iadr'ur'dualio,
1121 3809 1195 3869 alter
1207 3808 1338 3869 emiolia.

181 3903 198 4013 ’ἦ
270 3913 359 3992 Atque
378 3915 409 3975 in
432 3919 517 3976 motu
532 3913 655 3991 quidem
677 3895 855 3974 individuali
879 3909 1013 3973 hominis
1027 3913 1058 3970 in
1079 3909 1172 3970 finem
1194 3909 1338 3970 ultimum

275 4015 531 4094 supernaturalem
545 4015 649 4076 omnia
669 4019 741 4076 sunt
759 4030 859 4094 perse
877 4014 997 4074 interna
1015 4018 1044 4072 et
1064 4010 1244 4090 spiritualia,
1257 4011 1340 4088 prin·

272 4113 392 4192 alpium,
415 4115 487 4176 linis
509 4122 537 4176 st
553 4114 663 4177 media.
685 4115 869 4194 Principium
894 4129 1025 4190 namque
1040 4110 1131 4192 hujus
1146 4109 1340 4172 motusindi-

274 4211 400 4276 vidualis
412 4220 457 4276 est
469 4213 641 4293 conjunctio
653 4213 795 4274 humanae
810 4213 919 4274 mentis
931 4227 1000 4272 cum
1013 4209 1134 4270 lulinita
1144 4209 1273 4270 l'eritate
1286 4224 1341 4286 per

272 4310 368 4389 fidere,
385 4322 416 4376 et
429 4315 570 4380 humanm
584 4314 747 4376 uoluntatis
760 4330 813 4394 per
827 4313 1012 4375 claritatem.
1034 4312 1116 4374 Finis
1139 4316 1184 4372 est
1203 4312 1255 4372 Dei
1269 4327 1340 4389 pos-

182 4486 183 4497 }
272 4415 359 4474 sessio
374 4419 485 4477 aeterna
500 4433 553 4494 par·
575 4415 713 4476 saionem
733 4415 800 4491 ejus
820 4411 1001 4474 iutuiticam.
1020 4409 1153 4473 lletlium
1174 4416 1218 4472 est
1232 4427 1340 4492 super-

181 4498 187 4519 '
275 4514 418 4576 naturalis
431 4516 526 4592 gratia
538 4519 670 4578 mantem
681 4514 814 4576 hominis
829 4514 994 4585 illustrans,
1009 4512 1194 4574 uoluntatem
1209 4512 1338 4573 excitam

270 4617 298 4670 et
315 4615 470 4692 roborans,
484 4622 581 4677 totum
602 4617 758 4678 hominem
773 4631 905 4696 purgans
920 4631 954 4676 ac
977 4614 1123 4675 reficiens.
1147 4609 1228 4673 Nihil
1237 4618 1337 4672 autem

182 4685 190 4713 ⁴
273 4711 302 4772 in
314 4711 362 4774 his
382 4716 524 4778 omnibus
541 4722 588 4777 est
605 4716 686 4794 quotl
706 4733 759 4796 per
779 4731 811 4778 se
831 4713 888 4776 sub
909 4729 1016 4796 sensus
1032 4729 1066 4774 ac
1086 4713 1164 4780 vires
1178 4712 1338 4773 hominum

182 4784 188 4815 ⁵
273 4809 363 4890 eadat,
384 4830 417 4876 ac
434 4817 561 4895 proinde
578 4817 655 4878 nihil
674 4816 755 4896 quotl
777 4833 830 4895 per
848 4831 880 4876 sc
901 4813 1012 4875 directa
1035 4813 1177 4874 humanae
1194 4812 1251 4873 ulli
1270 4827 1340 4873 auc·
