3559 5675
466 792 527 855 tto
872 805 953 853 sums
971 805 1131 851 seumsns

464 920 599 978 ciclum
613 912 839 992 gubernandam
861 930 961 991 neque
973 919 1020 973 eat
1033 911 1213 983 necessaria,
1226 925 1325 987 neque
1341 925 1432 988 perse
1445 909 1511 969 utilis

465 1024 522 1093 est,
534 1014 781 1093 nequohumane
800 1019 915 1075 natura
925 1019 1137 1074 consentanea.
1155 1009 1338 1087 Ergotorma
1350 1008 1511 1087 polrarchirs

464 1124 510 1179 est
520 1134 557 1177 ca
566 1132 635 1193 que
649 1112 834 1175 ethnarchia
847 1115 1001 1175 conuenit.

506 1216 595 1274 tant.
615 1214 744 1274 Coeum.
769 1208 798 1273 i.
815 1211 1018 1285 -Quoniam
1039 1210 1075 1271 de
1096 1210 1235 1289 pluribus
1253 1209 1371 1288 populis
1392 1210 1514 1287 reciproce

462 1312 732 1395 independentibus
742 1312 792 1373 hic
800 1328 901 1373 sermo
910 1320 955 1372 est
963 1314 1080 1388 (tatu),
1091 1328 1221 1389 quorum
1235 1311 1389 1371 associatio
1398 1311 1517 1388 estplane

464 1412 762 1488 voluntaris(1220),
776 1412 971 1473 manifestum
981 1416 1028 1471 est
1039 1411 1248 1471 auctoritatem
1259 1408 1469 1469 ethnarcbicem
1477 1424 1517 1485 per

465 1529 511 1589 se,
521 1512 581 1572 nisi
594 1509 739 1591 peculiari
751 1518 836 1591 pacto
852 1510 888 1571 ad
905 1528 999 1571 unam
1013 1510 1149 1586 aliquam
1161 1525 1322 1587 personam
1336 1508 1517 1579 transierum,

465 1612 499 1673 in
519 1612 674 1671 nauonum
691 1612 829 1671 omnium
849 1612 1063 1671 associatorum
1082 1610 1281 1669 consensione
1298 1608 1426 1668 residere
1442 1606 1516 1683 (tot),

464 1726 595 1788 marum
609 1710 747 1771 omnium
760 1710 893 1787 denique
903 1716 950 1770 est
962 1715 1057 1770 certas
1075 1710 1187 1769 formas
1201 1710 1392 1786 constinrere,
1403 1725 1452 1787 per
1461 1724 1518 1784 quas

465 1809 519 1870 illa
532 1810 661 1871 esmoeri
674 1809 792 1870 debeat.
806 1810 902 1872 lledio
912 1825 977 1869 arro
985 1809 1146 1869 auctoritas
1156 1807 1360 1884 ethnarchica‚
1369 1806 1519 1867 nationibus

464 1908 636 1969 obrutanis
648 1909 792 1970 omnibus
806 1908 982 1989 praesidens,
998 1924 1092 1986 penes
1106 1910 1277 1969 Romanum
1287 1905 1458 1969 Pontificem
1467 1906 1518 1965 tuit.

465 2008 696 2069 lithnarchicam
704 2010 795 2069 etiam
807 2015 982 2087 potestatem
994 2008 1027 2067 in
1036 2008 1139 2086 plures
1152 2014 1257 2083 gentes
1268 2010 1459 2087 imperatores
1467 2007 1521 2064 Ger·

466 2106 574 2167 menie
595 2112 761 2183 gesserunt.
784 2106 938 2168 renuncia
957 2105 1068 2168 deinde
1088 2106 1251 2167 theocrana
1266 2112 1297 2166 et
1316 2122 1402 2166 sacro
1417 2102 1521 2181 lmpem
1577 2143 1578 2152 1

466 2208 618 2287 collapsis,
637 2208 774 2269 eamdem
788 2208 870 2287 apud
891 2208 989 2268 varias
1011 2210 1137 2286 Europa
1154 2216 1259 2284 gentes
1278 2207 1451 2286 Principum
1462 2220 1520 2264 oon·

466 2322 573 2367 sensus
586 2307 806 2368 administrarit
819 2308 852 2366 in
870 2308 964 2387 pactis
979 2323 1014 2366 ac
1030 2306 1196 2367 sindonibus
1214 2322 1276 2367 non
1292 2306 1412 2383 panem,
1430 2304 1522 2381 quitus

465 2412 580 2467 mutue
589 2422 696 2467 carum
709 2406 869 2467 relationes
883 2406 1014 2467 definita
1027 2412 1110 2465 sunt.
1423 2390 1429 2395 ’

506 2507 654 2575 Attamen,
670 2506 817 2582 qnoniam
832 2506 998 2565 universati
1016 2506 1083 2581 iam
1102 2504 1258 2565 deficiente
1273 2504 1473 2564 infirmiorum
1484 2518 1523 2560 ns·
1577 2577 1578 2586 ἵ

467 2606 584 2667 tiormm
599 2613 765 2685 patronoac
778 2604 1118 2681 vindicc,metuen‹lum
1128 2622 1250 2684 semper
1259 2612 1317 2683 est,
1330 2622 1371 2666 ne
1385 2616 1523 2685 paucamu

467 2705 584 2782 aliquot
601 2706 759 2767 munuum
778 2705 856 2765 inter
872 2722 905 2765 sc
919 2708 1151 2781 coniunctorum
1164 2707 1361 2785 praepotentia
1376 2712 1523 2766 ceterarum

467 2806 570 2867 miuus
588 2804 753 2866 valentium
771 2809 843 2883 jura
858 2808 1084 2885 opprimantur3
1106 2806 1259 2882 magisne
1277 2806 1425 2883 magistu
1444 2803 1525 2865 diosa

467 2905 637 2966 minoribus
663 2907 827 2984 prasertim
857 2905 1033 2966 nationibus
1055 2906 1217 2984 persentiri
1242 2905 1367 2966 ridetur
1389 2905 1526 2966 necessitas

467 3003 664 3066 ethnarchioae
674 3004 834 3082 cuiusdam
859 3006 1044 3066 auctoritatis
1064 3005 1260 3080 universalis,
1280 3021 1352 3084 quae
1372 3003 1525 3085 popuiomu
1577 3020 1578 3075 4

467 3105 698 3182 omniumjura,
717 3103 800 3182 quod
824 3105 953 3168 Romani
964 3105 1115 3166 Pontificis
1125 3106 1200 3166 olim
1220 3103 1389 3166 theocratia
1404 3103 1526 3184 prestitit,
1577 3086 1578 3113 ¹

467 3213 572 3266 nonna
582 3204 771 3283 prevalentis
780 3205 992 3281 cujuscunque
1002 3206 1135 3264 nationis
1148 3206 1360 3281 aggressiones
1369 3203 1527 3265 defendatur

468 3311 597 3364 tueatur.
608 3301 936 3383 lamrerojndiyeutio,
947 3319 1014 3380 qua
1023 3305 1180 3364 societates
1189 3305 1380 3366 voluntarias
1388 3315 1527 3378 earumque

467 3404 579 3464 turmae
591 3419 644 3481 per
656 3402 792 3464 utilitatis
803 3405 998 3466 excitamenta
1009 3405 1296 3484 determinatffitl),
1313 3407 1345 3465 vi
1359 3406 1450 3486 pollet
1465 3406 1529 3462 insu·

468 3502 606 3580 perabili,
621 3503 739 3578 quoties
753 3505 848 3564 amice
866 3520 937 3564 curn
957 3507 1029 3581 jure
1045 3507 1237 3584 componitur
1258 3515 1351 3583 atque
1364 3508 1397 3565 in
1417 3503 1529 3566 morien

469 3606 581 3660 meum
595 3601 770 3662 connititur.
795 3603 981 3682 ltagnopere
994 3605 1087 3680 igitur
1101 3607 1288 3684 sperandum
1306 3615 1366 3678 est,
1382 3606 1472 3666 muita
1481 3607 1530 3681 jau

469 3699 577 3762 meula
594 3699 787 3780 (populorum
809 3717 941 3780 namquo
962 3705 1054 3764 vitam
1079 3706 1211 3780 meula,
1229 3707 1309 3766 sicut
1329 3708 1421 3768 vitam
1440 3701 1530 3765 intiri-

469 3798 598 3860 duorum
613 3801 685 3861 anni
700 3803 880 3878 metiuntur)
897 3819 1090 3881 nequaquam
1111 3801 1191 3865 elabi
1213 3822 1313 3883 posse,
1333 3809 1412 3884 quin
1430 3805 1531 3864 unirer-

468 3899 540 3960 salis
564 3899 613 3960 hic
635 3901 820 3980 principatus
846 3901 1061 3963 ethnarchicus
1084 3904 1196 3963 iterum
1220 3908 1432 3966 constituatur.
1456 3903 1530 3977 Cujus

467 3998 590 4074 quidem
605 4000 788 4078 principatus
804 4017 931 4061 munere
949 4004 1061 4079 partim
1077 4003 1252 4080 iunguntur
1266 4003 1360 4066 hodie
1375 4001 1531 4084 potentiue

466 4099 603 4177 quadam
615 4101 751 4180 plurium
768 4103 928 4162 nationum
948 4105 1103 4165 societates
1116 4123 1171 4166 seu
1185 4107 1411 4178 trenorciense,
1425 4115 1529 4184 quarum
1577 4104 1578 4161 l

468 4201 625 4260 auctoritas
637 4200 831 4262 ethnarchica
845 4204 1028 4264 senatoriam
1042 4207 1172 4266 iormam
1183 4209 1336 4282 imitatur,
1351 4210 1430 4268 sicut
1443 4208 1531 4265 nom·

468 4313 578 4358 uorum
593 4299 770 4360 Pontificum
786 4300 951 4362 theooratia
965 4306 1171 4383 principatum
1194 4307 1425 4384 patriarchalem
1442 4301 1530 4362 reicre

469 4395 528 4456 het.
559 4397 756 4458 particulares
780 4417 850 4460 rero
873 4403 1030 4462 minorum
1056 4405 1218 4464 nationum
1239 4397 1448 4465 toederatioues
1471 4398 1529 4458 suu

467 4499 578 4572 future
592 4493 638 4553 illi
658 4496 840 4558 ethnarchiae
855 4501 1036 4562 universalis
1052 4503 1238 4562 ordinationi
1257 4511 1391 4564 sternere
1403 4499 1528 4562 ridentur.

466 4593 784 4673 sicutmuuicipiorum
795 4597 958 4674 ordinatio,
967 4601 1138 4663 medicare
1147 4610 1280 4680 peracta,
1288 4603 1407 4664 uirilem
1417 4599 1529 4662 omniun

467 4690 668 4768 amanteum
682 4696 738 4756 sub
750 4699 839 4758 unico
856 4701 1001 4762 nationali
1013 4703 1185 4782 principatu
1198 4703 1328 4765 demum
1343 4703 1449 4764 attulit.
1577 4702 1578 4739 l

1577 4820 1578 4867 t
