3559 5675
474 743 531 802 itio
877 753 1136 800 conmemorans
1179 800 1181 803 .

471 861 641 940 qualitatem
665 867 694 920 et
711 859 910 938 quantitatem
926 859 1043 936 jurium
1067 857 1155 919 alteri
1174 873 1193 918 a
1211 873 1245 918 se
1257 855 1427 918 traditomnr
1438 857 1516 919 detur·

472 963 569 1020 minat
584 961 676 1037 itini).
693 959 782 1036 Atqui
800 959 830 1018 in
844 958 1082 1020 commodatione
1101 957 1155 1035 qui
1172 973 1237 1016 rem
1250 956 1425 1031 commodat,
1437 956 1518 1016 mlum

472 1077 563 1120 usum
584 1061 627 1120 rei
642 1059 756 1120 tradere
769 1057 832 1118 vuit
849 1059 948 1136 q927);
965 1059 998 1118 in
1010 1058 1197 1118 mutuatione
1211 1062 1313 1117 contra
1327 1065 1459 1117 mutuans
1468 1074 1518 1116 ren
1591 1046 1592 1085 ἶ

472 1166 564 1222 totam
580 1158 674 1238 ipsam
686 1160 866 1219 mutuatario
876 1158 977 1218 tradit.
994 1161 1072 1234 Ergo
1084 1158 1117 1217 in
1128 1156 1364 1218 commiuatione
1375 1156 1519 1216 dominium

473 1261 516 1321 rei
530 1259 727 1322 commodanti
743 1265 870 1337 perstat3
890 1259 923 1318 in
938 1259 1125 1318 mutuatione
1136 1257 1306 1317 dominium
1326 1255 1370 1315 rei
1385 1257 1480 1346 transit
1491 1254 1520 1314 ad

434 1439 436 1444 Δ
474 1360 701 1444 mutuatarium.
719 1359 836 1419 Etenim
847 1357 1109 1433 commodatarius,
1133 1357 1277 1432 quoniam
1287 1355 1385 1415 solum
1396 1355 1437 1414 rei
1447 1371 1520 1413 usum
1591 1388 1592 1419 2

474 1459 575 1532 habet,
584 1475 644 1518 non
654 1457 792 1536 potestde
804 1457 857 1517 iila
868 1457 1036 1536 disponere,
1049 1455 1432 1517 debeteamdemnumerice
1440 1460 1521 1532 postea
1591 1474 1592 1477 ¹

474 1557 607 1618 reddere.
621 1559 699 1632 Ergo
711 1557 754 1616 rei
768 1556 939 1615 dominium
953 1571 1014 1614 non
1028 1554 1129 1614 habet.
1142 1555 1179 1612 itt
1192 1560 1336 1613 mutuans
1349 1553 1389 1612 ita
1401 1569 1458 1612 rem
1469 1567 1522 1610 mc·
1591 1610 1592 1617 ,

474 1657 601 1718 tuamne
614 1657 710 1727 tradit,
723 1661 756 1714 ut
766 1655 792 1714 ei
806 1655 956 1732 permittat
965 1669 1028 1713 rem
1041 1668 1093 1732 pro
1102 1650 1261 1712 snolnbito
1272 1652 1420 1710 dimittere
1432 1651 1523 1709 autde·

475 1765 601 1830 struere,
617 1755 781 1816 dummodo
797 1770 851 1814 suo
867 1761 996 1832 tempore
1015 1770 1076 1814 uon
1089 1752 1213 1830 quidem
1223 1768 1289 1811 rem
1299 1752 1386 1812 iiiam
1395 1753 1524 1810 numeriae
1591 1764 1592 1835 ζ

474 1857 623 1930 eamdem,
643 1856 693 1915 sed
709 1853 843 1930 ejusdem
861 1854 968 1934 speciei
982 1853 1168 1912 tantumdem
1187 1851 1233 1912 itti
1253 1853 1366 1913 reddat.
1382 1853 1452 1929 Ergo
1467 1867 1523 1910 mu·
1591 1890 1592 1907 ι

477 1956 621 2016 tuatarius
636 1955 725 2013 habet
740 1955 875 2014 absolute
885 1956 938 2030 jus
956 1953 999 2013 rei
1014 1970 1067 2030 pro
1080 1970 1137 2013 suo
1154 1953 1297 2013 arbitratu
1319 1951 1523 2029 consumende3

478 2073 511 2115 aa
523 2060 674 2132 propterea
684 2053 853 2112 dominium
866 2053 896 2112 in
905 2067 1019 2113 occasu
1031 2052 1144 2128 integre
1153 2053 1329 2112 trausiettur
1338 2048 1525 2112 necessarium
1591 2066 1592 2103 ι

476 2170 577 2213 rerum
589 2159 791 2213 mutuaturum
801 2159 951 2212 araturam.
964 2153 1054 2228 Atqui
1065 2151 1168 2213 omnia
1178 2167 1246 2228 qum
1257 2152 1426 2212 dominium
1435 2151 1473 2210 rei
1481 2166 1525 2208 cn·

388 2275 390 2280 ’
472 2255 607 2331 juspiam
619 2263 853 2332 corisequuntur,
870 2252 1080 2328 naturaiijure
1095 2253 1244 2330 perducat
1256 2253 1294 2312 ad
1310 2253 1398 2314 illum
1416 2269 1465 2328 qm
1479 2247 1525 2309 tale
1591 2302 1592 2319 ,

475 2351 644 2413 dominium
659 2351 757 2412 habat.
772 2355 860 2429 Ergo,
877 2360 933 2413 etc.

514 2453 584 2512 93t.
601 2455 667 2512 roa.
684 2453 766 2514 456¹.
785 2456 846 2514 Lex
860 2456 905 2514 2³.
918 2486 958 2496 -
971 2452 1217 2513 Fundamentalis
1230 2452 1277 2513 lex
1292 2451 1481 2515 mutuationit
1491 2453 1525 2509 est

475 2553 682 2628 aequivalentia
695 2553 902 2632 promissionis
915 2559 945 2613 et
958 2555 1090 2630 pecuniae
1105 2555 1268 2631 praesentis.
1591 2548 1592 2631 ζ

516 2653 699 2714 Notandum.
719 2683 759 2698 -
778 2654 925 2725 Quoniam
951 2654 1099 2714 mutuatio
1124 2656 1257 2731 pecunie
1279 2656 1425 2734 praecipua
1444 2658 1484 2714 est
1500 2667 1525 2710 ac
1591 2722 1592 2733 χ

475 2752 606 2812 maxime
622 2755 741 2827 usitata,
755 2753 863 2815 idcirco
882 2754 1102 2814 mutuationem
1116 2755 1251 2832 pecunie
1269 2753 1410 2834 (deinceps
1426 2758 1525 2814 mutua·
1591 2756 1592 2763 ’

474 2852 586 2915 tionem
599 2853 772 2933 simpliciter
785 2855 1018 2934 appellabimus.

516 2956 604 3015 Pacu.
627 2968 691 3015 nos.
707 2986 747 2999 -
761 2958 783 3015 1⁴·
785 2956 1007 3017 undamentalis
1018 2954 1067 3015 lex
1076 2956 1198 3032 justitiae
1210 2972 1263 3035 pro
1276 2963 1426 3018 contractu
1437 2954 1525 3035 quotis

471 3053 618 3115 bilateraii
630 3062 686 3128 est,
698 3061 733 3115 ut
746 3054 876 3116 vidimus
891 3072 926 3115 n⁰
936 3056 1008 3126 922,
1021 3053 1160 3116 valorum
1173 3056 1318 3132 utrinque
1340 3062 1525 3117 mutuatorum

475 3155 642 3231 equalitas,
655 3155 802 3214 nimirum
821 3154 978 3231 aequalitas
991 3155 1051 3215 dati
1071 3161 1102 3215 et
1113 3157 1233 3234 accepti.
1253 3158 1345 3237 Atqui
1366 3158 1398 3216 in
1415 3153 1527 3234 pecunie

473 3256 660 3314 mutuatione
683 3254 771 3313 datur
788 3255 928 3331 pecunia,
950 3260 980 3313 et
1001 3254 1145 3333 accipitur
1161 3255 1360 3315 restitutionis
1378 3252 1526 3333 prouisum.

474 3354 550 3427 Ergo
565 3353 604 3412 ita
618 3350 704 3411 debet
719 3350 781 3411 iieri
796 3352 955 3427 mutuatio,
969 3359 1003 3412 ut
1016 3353 1211 3414 restitutionis
1232 3354 1391 3433 promissio
1411 3347 1527 3431 presenti
1591 3431 1592 3436 ἵ

472 3452 606 3531 pecunie
622 3448 810 3526 equivaleat.

512 3549 763 3613 arenosam.
784 3580 814 3595 -
832 3548 1035 3613 restitutionis
1052 3552 1211 3631 promissio
1230 3552 1385 3614 numum
1409 3538 1527 3631 prasenti
1591 3583 1592 3610 r

473 3648 606 3728 pecuniae
615 3645 703 3728 plane
716 3648 883 3725 aequivalet,
897 3650 1049 3711 interdum
1063 3650 1214 3712 inferioris
1226 3652 1336 3713 valoris
1352 3658 1405 3714 est.

513 3750 606 3809 Pnon.
633 3750 663 3807 t·
687 3762 772 3809 nans.
788 3780 828 3794 -
840 3750 1082 3828 Quotiescunque
1100 3758 1245 3811 mutuans
1271 3752 1440 3813 absolutam
1455 3746 1529 3808 habet

472 3848 696 3923 certitudinem,
716 3848 777 3909 iore
796 3856 830 3910 ut
861 3852 1009 3927 promissa
1032 3850 1181 3911 restitutio
1203 3866 1222 3910 a
1242 3852 1427 3913 mutuatario
1443 3860 1528 3909 revera

472 3946 534 4018 fiat,
550 3946 613 4008 hec
635 3948 793 4026 promissio
814 3964 936 4026 prorsus
960 3950 1097 4027 praesenti
1119 3950 1252 4027 pecuniae
1270 3948 1428 4028 aequivalet
1445 3943 1528 4023 :quin

472 4047 543 4119 imo,
561 4046 670 4107 valoris
694 4048 779 4107 iliius
801 4048 937 4107 dominio
950 4047 1040 4125 piane
1063 4054 1189 4125 retento,
1208 4051 1365 4127 pertatem
1383 4044 1527 4109 mutuatio

473 4162 542 4206 nern
566 4146 696 4225 pondere
718 4154 748 4206 et
771 4147 849 4207 moia
872 4164 1004 4225 pecuum
1025 4147 1180 4207 liberatur.
1208 4149 1299 4224 Atqui
1319 4148 1384 4209 haec
1401 4140 1529 4209 certitudo

472 4262 549 4323 saepe
565 4246 702 4305 habetur.
724 4248 799 4305 Nam
819 4247 1103 4323 quotidiehomioes
1121 4247 1167 4308 rei
1189 4248 1416 4327 prudentissimi
1435 4257 1528 4321 argeu-

472 4345 555 4405 tariis
569 4344 727 4422 pecuniam
745 4360 831 4403 suern
844 4345 978 4419 tradunt,
994 4355 1030 4404 ut
1043 4349 1272 4424 promissionem
1284 4346 1474 4408 restitutionis
1482 4338 1528 4401 siti

471 4444 543 4503 alibi
565 4442 705 4503 iacienda
722 4444 863 4521 accipiant
882 4458 891 4502 ε
911 4444 989 4505 hanc
1001 4454 1103 4506 autem
1118 4447 1348 4524 premissionem
1371 4462 1432 4507 nou
1444 4441 1528 4504 sotum

472 4546 626 4619 tantidem,
642 4544 690 4604 sed
714 4546 809 4624 piaris
824 4546 916 4605 etiam
927 4562 1020 4623 quam
1043 4550 1202 4626 pecuniam
1222 4554 1397 4627 praesentem
1410 4543 1527 4607 meent:

469 4642 548 4718 quod
564 4644 695 4722 proiecto
715 4659 776 4703 non
797 4644 941 4720 iacerent,
960 4644 1018 4703 nisi
1031 4644 1189 4704 certissimi
1203 4652 1304 4705 emant
1328 4661 1361 4705 se
1386 4640 1527 4723 pecuuitffl

470 4757 555 4803 suam
569 4744 611 4803 sie
629 4758 690 4803 non
704 4758 790 4821 posse
807 4745 951 4806 amittere.
968 4744 1004 4803 Et
1023 4762 1093 4805 vero
1109 4751 1152 4804 tot
1167 4746 1316 4823 tantisque
1334 4744 1455 4808 mutetis
1468 4754 1527 4797 rou·
