3559 5675
569 768 739 815 555515.-
761 768 846 817 ussa
869 770 1001 819 assinos.
1111 828 1112 833 ἵ
1268 758 1327 827 3311

270 875 335 947 Ergo
353 872 392 931 ita
410 873 529 933 societas
548 873 756 953 consponeuda
774 884 828 952 esi,
842 875 1006 939 utsocialis
1024 876 1186 937 auctoritas
1195 876 1222 937 ri
1233 876 1327 947 515155

267 972 362 1050 polleat
374 972 409 1031 ad
424 973 605 1051 privatorum
621 975 790 1035 simultates
800 992 832 1035 ac
843 976 945 1037 turbas
957 975 1156 1055 dissipandas,
1167 976 1327 1057 ripolilr'co

268 1071 297 1130 nl
311 1064 486 1133 seditionum
508 1074 635 1153 impetus
653 1076 843 1152 rridreoudus,
859 1078 887 1135 51
908 1074 1011 1137 bellico
1026 1075 1060 1137 ad
1077 1076 1207 1137 hostium
1230 1079 1330 1141 incur·

267 1175 353 1233 siones
367 1174 583 1251 propellendas.
1276 1192 1278 1199 '

300 1271 379 1331 ltro.
396 1276 527 1335 Cocum.
545 1309 583 1318 —
602 1276 718 1355 Triplex
739 1276 803 1335 broc
818 1275 927 1336 virium
949 1276 1106 1337 socialium
1121 1278 1233 1357 species
1250 1295 1332 1339 auo·

266 1371 304 1429 bis
314 1372 516 1449 distinguitur,
532 1375 604 1451 quia
617 1374 746 1452 siugulis
760 1374 822 1435 illis
841 1375 998 1439 distinctus
1008 1376 1076 1437 finis
1095 1382 1139 1437 esl
1150 1362 1327 1459 propositus.

268 1471 371 1532 t'r'oicur
385 1490 517 1551 namque
535 1476 651 1553 primae,
661 1473 799 1554 polr'ticus
811 1474 959 1547 secundm,
983 1472 1216 1535 internofr'ouclir
1237 1479 1330 1539 tortia

268 1570 325 1629 linis
338 1578 388 1631 est.
409 1574 434 1633 Α
458 1572 517 1632 line
538 1581 638 1633 autem
661 1592 717 1634 suo
734 1574 861 1635 facultas
885 1590 1013 1651 quaque
1036 1574 1165 1654 speciem
1183 1578 1332 1653 propriam

268 1670 369 1749 accipit.
384 1674 525 1733 Attamen
545 1674 589 1733 nil
604 1680 694 1751 vetat,
714 1674 789 1751 quin
812 1690 892 1734 unus
907 1673 1048 1751 idemque
1067 1680 1248 1735 armatorum
1266 1675 1340 1735 ordo

268 1773 363 1849 triplici
389 1772 440 1835 illo
468 1772 566 1835 officio
589 1774 743 1853 fungatur,
762 1775 927 1854 prasertim
950 1774 1029 1853 apud
1052 1776 1207 1837 societates
1233 1790 1337 1835 recens

268 1880 364 1941 555155,
382 1872 459 1952 apud
476 1890 565 1950 quas,
580 1873 655 1933 dum
670 1872 729 1935 illae
742 1876 854 1936 sensim
865 1871 1053 1951 adolescunt,
1070 1879 1100 1935 et
1123 1873 1333 1953 simpliciorem

266 1973 391 2033 socialem
409 1975 631 2051 organismum,
646 1980 676 2033 51
688 1976 799 2036 arctius
811 1977 843 2037 iu
857 1976 937 2037 idom
955 1981 1093 2037 cerrtrum
1108 1974 1334 2063 coactaspoliti·

266 2077 472 2149 raspotestates
494 2088 557 2135 csse
579 2087 701 2133 necesse
722 2079 777 2134 est.
803 2076 904 2151 ltaque
928 2090 1025 2135 unum
1049 2072 1122 2133 illud
1149 2074 1194 2133 vis
1218 2072 1336 2135 socialis

267 2172 491 2231 instrumentum
504 2170 645 2231 omnibus
657 2175 809 2233 munitum
823 2190 887 2233 esse
899 2173 986 2233 debet
1000 2172 1204 2249 facultatibus,
1219 2189 1287 2251 qua
1300 2172 1336 2235 ad

268 2270 372 2331 1155155
384 2287 517 2332 munera
529 2270 681 2349 implenda
693 2272 834 2333 idoneum
850 2271 926 2331 illud
943 2270 1085 2335 alliciant.

304 2370 382 2431 unt.
407 2372 481 2433 Pus.
504 2370 575 2430 555·
589 2403 627 2413 -
645 2371 694 2432 llis
707 2371 832 2449 publicas
845 2370 984 2449 perfectio
1004 2388 1022 2431 a
1040 2376 1170 2449 quatuor
1187 2371 1334 2451 capitibus

267 2470 380 2548 pendet:
403 2469 441 2529 ab
459 2468 624 2529 obstaculis
635 2486 689 2548 per
710 2470 795 2529 illam
815 2469 991 2549 superandis
1004 2477 1033 2530 51
1046 2469 1084 2530 55
1096 2466 1263 2534 securitatis
1277 2478 1334 2535 ste·

267 2570 368 2631 5111515
381 2568 549 2632 obtinentia
561 2568 695 2631 breviore
709 2576 841 2649 ternpore
859 2588 894 2633 ac
909 2572 1025 2633 minore
1040 2578 1174 2651 sumptu.

300 2673 413 2733 Errare.
431 2704 472 2713 -
485 2668 645 2730 facultatis
662 2671 810 2747 cujusque
832 2658 971 2751 perfectio
990 2675 1052 2755 Ι1515
1070 2671 1205 2749 prorenit
1218 2688 1235 2731 a
1250 2669 1339 2751 plena

268 2768 323 2828 finis
335 2768 431 2829 eidem
447 2768 561 2846 proprii
577 2768 785 2829 consecutione
800 2768 872 2845 (20).
898 2769 988 2846 litqui
1013 2770 1058 2829 vis
1072 2767 1191 2849 publica
1209 2768 1246 2831 ad
1270 2783 1337 2829 ma·

267 2869 371 2929 feriales
391 2883 502 2928 causas
520 2866 648 2946 publicas
667 2866 799 2929 felicitati
821 2867 971 2928 obstantes
991 2867 1169 2930 auferendas
1190 2868 1338 2928 destinata

263 2975 320 3028 cst:
335 2975 424 3046 atque
445 2965 568 3029 euidens
586 2971 632 3026 est
643 2972 725 3027 tanto
738 2967 990 3028 accommodatius
1005 2966 1043 3026 ad
1057 2965 1199 3028 socialem
1214 2966 1338 3026 felicita-

264 3074 315 3127 tem
328 3067 390 3130 liaeo
412 3065 573 3128 obstacula
590 3064 713 3139 auferri,
734 3073 848 3144 quanto
864 3065 957 3154 plura
976 3070 1003 3126 et
1017 3081 1087 3126 cnm
1111 3065 1226 3124 minore
1250 3063 1338 3124 detri-

264 3177 365 3243 mento,
379 3154 501 3246 quanto
516 3167 603 3226 citius
617 3173 645 3226 et
663 3182 734 3226 cum
747 3165 854 3226 tutiore
867 3182 901 3226 ac
921 3163 1072 3226 stabiliore
1087 3164 1167 3224 exitu
1184 3161 1237 3223 illa
1248 3179 1334 3242 supe

263 3278 368 3329 raulur.
385 3271 482 3344 Ergo,
498 3273 554 3326 etc.

300 3372 534 3431 1115115555.
558 3401 592 3410 -
611 3367 660 3428 l'is
675 3365 802 3444 publica
816 3366 958 3445 perfectio
979 3365 1115 3442 sequitur
1133 3365 1278 3424 rationem
1292 3361 1339 3424 di·

263 3475 363 3530 rectam
374 3467 602 3530 obstaculorum
617 3473 646 3525 et
665 3467 844 3541 securitatis,
863 3468 1013 3527 inversam
1031 3465 1216 3544 temporiset
1234 3469 1339 3544 sump-

263 3575 354 3644 tuum,
369 3567 551 3644 utquisque
566 3565 653 3626 facile
671 3551 821 3644 intelligit.
846 3565 985 3640 damner-o
999 3584 1034 3628 es
1055 3565 1170 3627 diversa
1187 3565 1245 3640 1555
1263 3564 1340 3626 5515·

264 3670 348 3743 tione,
363 3684 459 3746 quam
475 3665 511 3726 ad
523 3665 603 3736 bina
621 3666 721 3744 priora
735 3671 765 3724 et
785 3665 822 3726 ad
846 3666 917 3728 bina
929 3667 1093 3746 posteriora
1114 3664 1178 3726 555
1196 3666 1343 3726 elementa

264 3772 397 3850 perfectio
416 3768 463 3827 vis
487 3765 614 3846 publicae
638 3764 740 3842 habet,
768 3763 910 3839 efficitur,
942 3770 975 3825 ut
998 3763 1182 3844 perdifficilis
1206 3767 1341 3844 potestati

264 3868 525 3946 coristitueutiapta
531 3866 616 3944 publi
625 3866 712 3926 55515
721 3863 870 3929 ordinatio
880 3881 946 3924 esse
958 3864 1078 3924 debeat.
1092 3862 1162 3924 lude
1172 3865 1284 3924 etenim
1297 3867 1340 3942 lit,

264 3980 306 4050 ut,
323 3975 474 4049 quantum
489 3965 676 4044 perfectiouis
690 3966 721 4024 51
733 3963 838 4026 sociali
849 3981 885 4024 er
906 3962 1041 4042 priorum
1061 3962 1279 4024 elementorum
1293 3966 1342 4024 in-

265 4071 422 4132 crementis
432 4065 554 4140 accedit,
565 4065 751 4127 tantumdem
765 4065 809 4124 illi
821 4063 1035 4142 consequentia
1047 4059 1188 4122 binorum
1200 4065 1340 4140 posterio

262 4187 327 4231 rum
339 4174 524 4231 incrementa
537 4165 669 4225 demant.
685 4166 744 4240 Sic,
754 4165 807 4226 ubi
823 4161 938 4241 maiora
951 4161 1090 4240 quadarn
1105 4160 1258 4222 obstacula
1276 4163 1342 4224 viu-

265 4270 354 4332 cenda
372 4270 445 4342 siut,
466 4265 597 4326 militum
618 4281 779 4326 numerum
799 4279 909 4340 augere
933 4260 1294 4348 plurimum'erpedirot:
1316 4269 1346 4323 at

266 4371 415 4450 copiarum
429 4365 635 4444 multiplicatio
648 4372 677 4425 et
690 4364 801 4424 ciuium
816 4361 1045 4452 multitudiniet
1057 4362 1155 4424 aerarii
1169 4362 1276 4440 opibus
1286 4378 1343 4424 no-

266 4475 350 4530 ceret
364 4471 453 4542 item,
464 4467 509 4526 vis
520 4464 660 4525 militaris
670 4463 861 4542 amplificatio
871 4463 908 4523 ad
921 4465 1133 4542 promptiorem
1144 4465 1345 4544 tutioremque

269 4567 463 4641 obtinendum
477 4567 592 4627 exitum
612 4564 810 4626 conduceret:
826 4564 912 4624 atrei
928 4563 1056 4642 publico
1070 4565 1221 4627 securitati
1242 4565 1347 4631 sedero

270 4669 404 4744 obesset;
418 4669 491 4746 quia
513 4664 631 4729 facilius
644 4665 790 4726 exercitus
809 4662 968 4726 validiores
983 4664 1144 4728 militarem
1160 4666 1347 4744 tyrannidem

271 4768 385 4830 civibus
396 4766 565 4850 imponunt,
579 4763 758 4843 faciliusque
770 4779 787 4824 a
800 4761 930 4824 factiosis
944 4762 1120 4828 bominibus
1140 4780 1246 4832 corum
1266 4780 1349 4843 5555
