3559 5675
456 708 515 773 ihi
855 724 935 769 roan
955 721 1116 771 serenans

498 828 587 890 1283.
613 824 744 890 Concae.
778 830 805 885 l.
830 859 868 869 -
891 824 1028 888 Ecclesiae
1053 825 1147 903 igitur
1171 829 1328 889 auotoritas
1348 830 1495 908 spiritualis,

452 928 592 1009 quemvis
617 927 811 1007 temporalem
830 927 1055 991 ethnarehicern
1078 930 1283 991 auctoritatem
1301 930 1498 992 dhrieu‘anitatis
1583 953 1584 962 ¹

450 1029 685 1109 haudquaquam
704 1034 787 1105 gerat
804 1028 975 1108 directaque
994 1029 1159 1107 gubernet,
1189 1030 1354 1111 plurimum
1372 1038 1458 1093 tamen
1473 1033 1499 1092 in

452 1129 537 1193 illam
563 1128 705 1191 indirecte
724 1130 840 1211 poterit,
856 1128 1026 1193 deliniendo
1039 1129 1149 1191 seilicet
1165 1131 1240 1209 quid
1262 1131 1334 1193 tides
1354 1132 1497 1203 ehrbtiena,

450 1230 521 1309 quid
537 1230 675 1293 Ecolesiae
696 1230 841 1291 utilitates
860 1229 898 1291 ab
912 1230 1090 1292 ethnerchia
1114 1231 1278 1296 christiane
1298 1236 1330 1295 in
1345 1234 1428 1295 variis
1442 1232 1500 1293 orsi·

450 1331 683 1411 buspostulent.

487 1430 616 1495 ῦοιοιι.
633 1436 662 1491 d.
679 1462 716 1475 —
732 1429 774 1491 m
788 1430 948 1509 postremis
961 1429 1080 1493 duabus
1093 1433 1429 1510 positionibushacdno
1441 1441 1502 1495 sunt

450 1532 540 1615 plane
562 1536 737 1613 comperta:
758 1528 796 1591 ad
817 1532 980 1593 essentiam
1001 1531 1140 1595 videlieet
1158 1534 1329 1597 christiana
1347 1534 1503 1597 ethnarchia

449 1634 611 1715 pertinere,
629 1639 693 1694 tum
707 1637 741 1692 ut
754 1630 873 1693 duabus
885 1633 1114 1695 auetoritatibus
1124 1634 1276 1698 distinctis
1285 1636 1502 1713 eagubernetnr‚

450 1741 514 1799 tum
526 1739 561 1795 ut
575 1735 642 1811 ejus
667 1732 826 1795 auctoritas
846 1730 962 1796 ordinis
985 1734 1153 1797 materialis
1166 1736 1205 1797 eh
1225 1737 1397 1798 auctoritate
1409 1734 1503 1795 ordinis

448 1833 613 1915 spiritualis
627 1833 784 1910 dirigatur.
795 1834 896 1907 Quare
911 1833 1071 1914 temporali
1080 1836 1250 1899 auctoritati
1258 1837 1293 1897 in
1306 1836 1503 1898 christianitate

449 1951 567 2017 semper
580 1934 637 1995 erit
653 1950 767 1993 semeae
778 1938 806 1993 et
825 1930 1023 1993 ineluctabilis
1036 1933 1100 2007 oia,-
1115 1936 1284 1997 auctoritati
1298 1952 1368 1997 vero
1379 1934 1505 2015 spiriuali

449 2036 505 2101 erit
529 2050 648 2113 semper
669 2050 814 2095 summum
833 2030 901 2114 jas.
921 2035 988 2107 Quo
1010 2040 1112 2097 umen
1136 2052 1279 2116 supremo
1303 2035 1436 2098 Ecclesia
1450 2037 1506 2115 jure

448 2152 605 2213 nunquam
620 2133 793 2214 temporalis
815 2134 976 2195 auctoritas
998 2134 1030 2196 in
1052 2138 1288 2215 rectojustoqne
1304 2154 1365 2198 usn
1389 2153 1445 2197 sne
1462 2152 1505 2214 pe

448 2236 562 2299 aeuus
577 2232 716 2315 impediri
731 2234 840 2313 poterit
848 2248 859 2310 ;
879 2234 1019 2312 quiajos
1034 2241 1113 2299 recto
1123 2238 1269 2314 justoque
1284 2238 1358 2299 usui
1379 2235 1507 2317 potestatis

446 2335 630 2403 contrarium
643 2339 688 2399 est
708 2334 906 2397 essentialiter
919 2351 1041 2397 cessum
1055 2341 1085 2398 et
1107 2337 1251 2413 nullrrm;
1275 2345 1356 2401 esset
1375 2337 1450 2402 euim
1463 2334 1506 2415 jar
1583 2329 1584 2372 i

448 2438 568 2517 noa-ias
584 2435 682 2515 (357).
1583 2497 1584 2512 p

488 2538 578 2603 mat.
594 2541 663 2600 Pes.
678 2536 762 2599 634¹.
777 2570 819 2583 -
830 2538 975 2617 Suprema
986 2537 1219 2601 Christianitatis
1231 2542 1395 2605 auctoritas
1410 2548 1507 2621 tempe
1583 2525 1584 2542 ¹

447 2642 522 2707 ralis
544 2642 651 2721 nequit
670 2638 800 2701 residere
819 2640 850 2700 in
872 2655 1001 2717 persone
1024 2640 1088 2701 nlla
1110 2658 1179 2719 quae
1199 2640 1371 2705 christiana
1394 2642 1508 2706 Ecclesia

449 2743 620 2809 membrum
635 2756 696 2803 uon
714 2741 763 2801 eit.
1294 2751 1298 2757 ·

447 2903 456 2910 .
488 2849 581 2908 Peos.
605 2877 640 2888 -
675 2845 706 2902 ιο
728 2842 885 2922 Propriam
908 2847 939 2903 et
958 2842 1115 2905 essentiale
1137 2859 1252 2904 munus
1276 2852 1325 2915 est
1345 2845 1509 2909 auctoritatis

448 2942 825 3012 ethnarchieo-ohrlstienae
839 2941 986 3004 utilitates
1006 2951 1038 3005 et
1049 2943 1207 3006 commoda
1218 2945 1392 3009 christiana
1403 2948 1509 3010 euna·

447 3049 523 3114 chia
536 3062 696 3127 procurem
712 3043 830 3124 (1282).
847 3045 914 3106 Non
924 3048 1024 3122 potest
1042 3051 1144 3107 anum
1164 3046 1509 3110 christiaumethnarehie

447 3147 644 3214 commodavi
665 3145 754 3208 olheii
775 3144 942 3206 suicurare
956 3143 1024 3221 ille,
1038 3145 1093 3224 qui
1116 3146 1145 3206 ri
1159 3146 1356 3225 professionis
1379 3165 1441 3210 sua
1451 3147 1510 3209 reli-

447 3251 538 3330 giosae
549 3255 596 3310 est
613 3243 826 3309 christianitati
839 3243 929 3322 plane
948 3243 1099 3307 intensus.
1116 3248 1234 3322 Pugnat
1244 3249 1328 3308 enim
1338 3263 1509 3310 cummen-

448 3350 512 3414 tieli
526 3363 629 3412 rerum
639 3345 757 3420 ordine,
767 3350 813 3420 ut,
825 3346 918 3422 eujus
932 3344 1074 3422 religiosa
1091 3345 1236 3424 professio
1250 3352 1295 3407 est
1308 3344 1510 3409 christianitati

449 3449 583 3526 inimica,
605 3444 703 3508 eidem
715 3458 828 3506 munus
850 3441 1068 3505 christianitati
1093 3446 1290 3506 essentialiter
1300 3447 1433 3509 amicum
1444 3464 1511 3509 eom

449 3553 584 3615 mittatur
600 3568 607 3607 ι
623 3546 696 3624 quia
708 3543 820 3624 duplici
838 3543 988 3604 contrario
1003 3540 1150 3624 principio
1168 3555 1326 3624 eogeretur
1337 3548 1442 3609 eadem
1451 3563 1510 3628 per·
1583 3534 1584 3539 ’

449 3669 524 3718 sone
533 3649 614 3712 idem
625 3647 776 3726 objectum
789 3651 817 3706 et
832 3661 934 3706 amare
943 3651 973 3704 et
980 3643 1091 3721 adime,
1102 3645 1184 3723 qnod
1200 3651 1245 3708 est
1257 3647 1411 3711 evidenter
1418 3649 1512 3710 absur-

447 3754 618 3818 dissimum.
631 3750 668 3812 ht
689 3747 864 3826 quicunque
887 3761 906 3805 a
930 3744 1097 3807 christiana
1116 3745 1249 3809 Erelesie
1262 3748 1383 3812 alienus
1399 3749 1512 3828 cathos

448 3856 515 3936 ipso
528 3849 704 3929 religionem
719 3845 874 3926 profitetur
897 3843 1116 3906 Christianitati
1139 3845 1304 3909 inimicam.
1329 3851 1448 3912 Etenim
1465 3848 1510 3908 hm

448 3956 515 4036 ipso
525 3951 608 4032 quod
617 3955 690 4012 esta
703 3946 866 4009 christiana
880 3945 1027 4022 religiono
1040 3946 1173 4023 alienus,
1183 3946 1262 4009 hane
1274 3950 1452 4028 religionem
1461 3947 1509 4009 ial-

447 4068 512 4116 nam
522 4048 649 4130 judicat,
662 4040 907 4126 saltemproetice
916 4059 929 4102 .·
944 4044 1135 4122 nequeenim
1148 4050 1243 4126 potest
1251 4046 1331 4108 haue
1341 4049 1506 4127 religionem

447 4169 548 4216 reram
560 4147 697 4228 quidem,
708 4143 759 4205 sed
769 4159 830 4205 non
844 4141 1054 4219 obligatoriam
1065 4141 1248 4220 existimare,
1260 4163 1357 4224 qurum
1372 4163 1407 4207 ea
1418 4163 1508 4227 perpe·

447 4260 500 4315 tuo
512 4251 619 4316 mmet
632 4261 667 4308 ac
675 4249 854 4324 protestetur
865 4257 900 4304 se
911 4241 1032 4303 unicam
1045 4255 1145 4306 veram
1153 4259 1218 4306 osse
1229 4260 1264 4306 ee
1275 4245 1335 4307 Deo
1346 4257 1458 4324 gratem
1470 4261 1507 4304 re

446 4349 601 4428 legionem,
613 4345 725 4423 totique
737 4342 874 4404 humano
887 4339 991 4418 generi
1002 4339 1223 4417 obligatoriam.
1240 4344 1279 4405 ht
1297 4361 1370 4406 vero
1385 4345 1437 4424 qni
1449 4343 1507 4406 reli·

446 4452 567 4529 gionem
578 4447 712 4525 aliquam
721 4441 962 4519 tusamjuoioat,
976 4440 1099 4503 inimico
1109 4447 1139 4504 et
1152 4443 1269 4506 infenso
1280 4445 1408 4508 inillam
1417 4446 1506 4508 animo

451 4548 603 4612 evidenter
612 4544 742 4606 ducitur.
760 4542 849 4620 Ergo.
861 4545 917 4602 ete.

486 4643 519 4705 2⁰
538 4648 573 4706 lu
596 4640 683 4704 nulla
697 4639 846 4716 societate,
862 4641 1075 4718 cujuscunque
1098 4636 1153 4701 illa
1172 4641 1292 4719 generis
1311 4643 1361 4724 sit,
1383 4648 1507 4708 eensctrr

446 4759 533 4824 posse
544 4758 615 4806 eum
625 4739 799 4802 auctoritate
812 4737 897 4800 illius
910 4736 1058 4799 societatis
1072 4743 1190 4822 propria
1204 4759 1330 4821 praeesse
1343 4746 1397 4825 qui
1411 4740 1505 4806 nonsit
