3559 5675
543 787 652 836 sunus.
681 805 713 821 —
739 792 824 839 sinen
845 792 1037 843 ouonacruus.
1266 782 1325 845 533

250 888 383 963 Ecclesia,
398 898 502 972 preter
517 892 697 975 Scripturas,
710 896 801 961 aliam
810 900 1017 963 auctoritatem
1032 898 1233 967 infallibilem.
1249 906 1322 967 Nam

249 992 408 1053 consistorii
430 997 586 1075 sententia,
602 997 628 1057 si
641 1004 685 1058 est
698 997 844 1073 lallibilis,
859 1000 977 1064 nullam
996 1008 1092 1082 potest
1111 1006 1234 1083 gignere
1247 1005 1324 1068 ohli-

249 1091 395 1167 gaticnem
410 1092 493 1155 illius
504 1097 695 1177 accipiendae,
709 1105 744 1160 ut
762 1098 894 1161 vidimus
910 1099 989 1164 libro
1004 1118 1113 1180 vrrt,n.
1129 1104 1204 1183 8753
1219 1108 1325 1185 nequit

248 1198 342 1255 autem
357 1194 420 1256 ulla
431 1197 530 1274 vigere
540 1198 682 1276 obligatio
692 1199 833 1262 doctrinm
848 1204 1020 1283 cujuspiam
1035 1203 1182 1283 religiosa
1193 1204 1323 1269 exterius

249 1299 369 1369 tantum,
389 1298 455 1358 sine
469 1300 587 1360 interna
599 1302 785 1375 assensione,
804 1304 994 1383 accipienda,
1008 1312 1042 1367 ut
1054 1306 1158 1368 eodem
1169 1306 1324 1388 lihropro·

249 1392 346 1458 hatum
356 1402 414 1472 est,
425 1413 457 1457 n.
471 1399 542 1461 876.
554 1399 645 1478 Atqui
656 1402 918 1479 protestantismns
928 1403 985 1466 hoc
999 1407 1130 1469 maximo
1140 1408 1245 1469 asserit
1256 1408 1325 1470 nul·

249 1492 317 1568 lam,
331 1498 624 1578 praterSoripturas,
642 1518 707 1562 esse
723 1502 930 1563 auctoritatem
946 1504 1144 1568 inlallihilem.
1164 1509 1252 1588 Ergo,
1265 1515 1322 1575 eto.

286 1594 564 1659 memorantium
586 1607 672 1661 secta
695 1617 772 1681 pene
791 1590 1076 1667 omnas'ediderunt
1102 1607 1239 1687 publicas
1255 1608 1325 1672 fidoi

248 1694 455 1773 contessiones,
466 1717 542 1778 quas
554 1706 587 1761 ut
600 1703 764 1779 genuinam
773 1702 885 1765 Christi
896 1709 926 1767 et
934 1706 1145 1786 Apostolorum
1158 1708 1325 1773 doctrinam

248 1798 464 1875 exosculantur,
480 1818 662 1879 summoque
675 1802 709 1863 in
720 1802 834 1865 honore
848 1804 973 1867 habent.
985 1808 1052 1868 lam
1066 1807 1113 1869 ha
1128 1806 1196 1870 fidei
1210 1809 1324 1872 conses-

249 1898 340 1961 siones
352 1918 414 1963 non
424 1908 499 1963 sunt
510 1905 666 1984 Scriptura
682 1922 781 1978 sacra,
797 1907 893 1969 silleo
904 1907 1011 1988 placat.
1027 1909 1105 1987 Ergo
1112 1916 1193 1987 sunt,
1207 1910 1239 1972 in
1250 1926 1324 1987 pro·

250 2005 415 2065 tutantium
441 2007 600 2081 sententia,
622 2004 795 2068 traditiones
817 2008 1040 2071 ecclesiastica:
1056 2010 1208 2073 continent
1229 2010 1323 2083 enim,

250 2118 346 2165 sonim
361 2105 494 2185 jndicio,
510 2106 704 2169 christianam
725 2107 903 2187 doctrinam,
919 2128 972 2190 per
985 2127 1157 2173 sermonem
1178 2128 1239 2173 nou
1253 2113 1327 2191 qui·

249 2203 339 2265 dama
356 2208 417 2267 ileo
434 2207 607 2269 immediate
619 2208 775 2285 dictatum,
791 2209 843 2269 sed
857 2227 876 2271 a
888 2209 1162 2290 petrihus‘eorum,
1177 2210 1325 2273 Mehnoh·
1421 2289 1424 2299 Ι

249 2302 351 2383 mone,
375 2308 505 2379 Bucero,
538 2306 667 2385 aliisquo
697 2308 791 2385 hujus
813 2308 919 2369 tarino
941 2308 1120 2371 hominihus
1143 2310 1321 2389 proiectum.

250 2402 398 2467 Sermones
411 2412 518 2467 autem
532 2406 684 2486 ejusmodi
693 2423 756 2468 non
770 2424 789 2467 a
803 2409 863 2469 lieo
877 2408 1000 2488 proiecti
1015 2407 1198 2485 immediate,
1212 2409 1324 2486 quihus

250 2502 375 2567 doetrma
390 2506 561 2568 christiana
579 2524 649 2569 cum
661 2507 835 2568 auctoritate
849 2507 974 2569 indubia
987 2508 1175 2570 contineatur
1188 2512 1218 2569 et
1231 2506 1326 2585 expli·

251 2612 336 2684 cetur,
352 2614 429 2668 sunt
450 2607 580 2687 proiecto
599 2608 804 2670 ecclesiastieae
818 2606 1002 2670 traditiones.
1020 2612 1099 2687 Ergo
1117 2608 1327 2688 protestantica

252 2684 411 2784 superstitio
439 2707 628 2784 traditiones,
648 2712 806 2786 tamquam
829 2708 899 2770 fidei
916 2708 1066 2789 regulam,
1082 2709 1212 2771 admittit
1233 2710 1326 2773 simul

251 2821 281 2866 ac
292 2810 412 2887 respuit.
436 2809 525 2888 Ergo,
542 2814 599 2871 eto.

286 2908 316 2968 4⁰
335 2911 365 2970 Si
379 2909 545 2988 Scriptura
565 2915 636 2971 sunt
656 2916 781 2971 eatenus
794 2909 864 2971 fidei
884 2910 1007 2989 regula,
1027 2917 1177 2990 quatenus
1191 2910 1230 2972 ab
1244 2927 1325 2973 uno·

251 3025 361 3088 quoque
382 3010 503 3089 privata
516 3010 760 3089 interpretatione
775 3010 975 3090 explicantur,
1000 3026 1043 3072 aa
1064 3015 1136 3071 sunt
1150 3009 1207 3072 hoc
1220 3011 1326 3074 eudem

252 3107 332 3170 modo
346 3110 416 3172 fidei
441 3108 547 3186 regula
564 3127 619 3190 pro
639 3109 794 3172 catholicis
805 3127 891 3188 aeque
910 3127 944 3170 ac
963 3127 1018 3190 pro
1031 3108 1231 3172 heterodoxis.
1248 3113 1326 3192 Ergo

251 3209 395 3273 catholicis
409 3217 459 3273 est
472 3211 714 3271 manifestissime
727 3213 780 3288 ius
794 3207 959 3272 retinenda
978 3225 1039 3271 suae
1058 3210 1325 3290 interpretationis,

252 3327 310 3387 qua
320 3314 419 3374 viram
437 3311 574 3373 Ecclesia
588 3311 776 3372 autoritatem
789 3309 920 3388 postulat
929 3314 959 3370 et
972 3309 1197 3389 protestanticos
1208 3328 1326 3374 errores

251 3410 375 3474 damnat.
402 3412 498 3490 ntum
512 3417 612 3473 umen
631 3415 828 3491 protestantes
842 3407 996 3470 catholicis
1011 3409 1194 3490 irascuntur,
1214 3427 1326 3490 eosque

251 3511 367 3574 internis
389 3510 549 3591 suppliciis
572 3511 719 3572 devorent
736 3509 869 3589 eoquod
889 3525 977 3570 suam
997 3509 1219 3589 scripturarum
1234 3515 1325 3574 inter-

251 3615 443 3688 pretationem
462 3613 540 3674 hona
553 3610 611 3672 fide
624 3613 782 3673 retineant.
798 3613 876 3688 Ergo
896 3609 952 3672 hoc
969 3611 1036 3689 ipso
1052 3617 1163 3688 negant
1180 3615 1327 3694 privatam
1444 3627 1447 3634 ⁴

252 3713 469 3792 scripturarum
483 3713 759 3793 interpretationem
768 3711 936 3788 unicuique
954 3709 1109 3790 sufficer03
1126 3712 1208 3791 quud
1227 3721 1327 3776 nmen

252 3813 338 3876 simul
351 3813 515 3876 affirmant.

287 3917 319 3975 5⁰
337 3917 455 3978 Passim
466 3915 600 3977 clamitat
614 3913 823 3994 protestantica
833 3913 953 3974 insania
966 3909 1089 3974 liberum
1104 3912 1327 3995 scripturarum

251 4017 398 4096 totiusque
420 4017 578 4094 religionis
587 4033 719 4088 women,
732 4015 769 4076 ad
781 4013 984 4076 immutabilia
992 4013 1120 4075 humani
1132 4013 1250 4091 generis
1256 4015 1330 4091 jura

252 4118 410 4194 pertinens,
428 4134 459 4178 se
473 4116 657 4192 christianis,
671 4114 811 4193 quihusa
824 4115 960 4176 Romana
980 4113 1113 4176 Ecclesia
1128 4113 1227 4176 fuerat
1241 4129 1329 4192 erep-

251 4218 323 4290 tum,
343 4220 472 4280 feliciter
491 4216 665 4278 reddidisse.
690 4217 780 4294 Atqui
812 4221 912 4276 tamen
935 4215 1157 4296 scripturarum
1178 4214 1329 4293 totiusque

253 4319 406 4396 religionis
424 4337 544 4380 eramen
565 4336 599 4380 ac
613 4317 766 4395 judicium
785 4318 822 4379 ab
836 4316 967 4395 singulis
989 4315 1131 4377 fidelibus
1153 4316 1329 4378 institutum

252 4421 370 4497 regibus
387 4438 423 4484 ao
435 4420 622 4502 principibus
640 4419 723 4481 laicis
737 4418 948 4497 subdiderunt,
964 4418 1108 4497 aquibus
1130 4417 1254 4479 luerunt
1267 4432 1330 4479 non

252 4537 315 4584 raro
329 4523 548 4586 crudelissimis
558 4520 724 4601 suppliciis,
734 4537 788 4600 per
795 4519 955 4581 barbaram
965 4536 1087 4600 prorsus
1099 4519 1329 4598 christianisque

252 4623 346 4686 adhuc
354 4624 522 4686 inauditam
532 4622 762 4696 immanitatem,
771 4617 868 4681 allecti
879 4621 932 4698 qui
943 4620 1054 4682 vellent
1068 4617 1168 4700 libem,
1182 4621 1329 4683 nimirum

253 4723 335 4785 aliter
348 4743 385 4788 ac
405 4726 427 4789 ii
441 4726 592 4808 principes
611 4727 777 4798 oenmmnt,
793 4720 963 4802 Scripturas
974 4723 1147 4786 examinare
1166 4739 1201 4787 ac
1215 4721 1252 4784 de
1271 4725 1332 4783 tota
