3559 5675
597 770 703 815 sunna.
727 789 765 800 -
788 768 872 817 mnan
894 768 1041 814 saturnus.
1145 790 1148 797 ·
1317 746 1353 808 et

271 875 541 953 r·otnutaria,.sed
564 862 663 938 sotum
680 873 779 955 quoad
798 880 866 956 ejus
887 876 1111 949 formationem,
1130 879 1159 933 at
1178 887 1238 933 non
1257 868 1355 948 quoad

272 980 343 1055 ejus
362 983 507 1038 naturam
526 984 557 1038 et
575 978 676 1036 tinem.
698 979 801 1054 ltaque
820 978 973 1053 integrum
994 976 1051 1035 tuit
1074 972 1255 1050 conjugibus
1277 968 1355 1031 velte

272 1085 327 1141 aut
354 1095 421 1140 non
448 1078 527 1139 velte
556 1072 784 1138 matrimonium
792 1100 801 1154 3
824 1083 855 1138 at
876 1076 954 1137 illud
976 1075 1052 1137 velle
1073 1080 1175 1136 contra
1198 1069 1353 1133 naturales

271 1181 340 1257 ejus
355 1180 547 1241 conditiones
562 1188 592 1239 et
607 1180 846 1256 consequentias,
863 1176 986 1257 perinde
1004 1181 1081 1237 esset
1099 1192 1133 1236 ae
1146 1173 1222 1235 velle
1238 1169 1353 1233 ordinis

271 1280 429 1342 naturalis
453 1280 639 1340 eversionem
666 1285 696 1339 et
714 1279 863 1340 creatoris
880 1276 1099 1338 intentionibus
1122 1279 1221 1355 aperte
1247 1272 1354 1332 obluc-

271 1382 348 1448 tari;
366 1380 448 1441 sicut
467 1379 582 1440 ordinis
601 1380 714 1440 eversio
731 1385 809 1440 esset
828 1378 907 1439 velte
928 1384 1060 1439 creatum
1079 1392 1133 1437 ens
1153 1372 1315 1453 quodpiam
1336 1388 1355 1431 a

272 1480 419 1541 Creatore
433 1478 654 1557 independens,
671 1479 748 1540 reite
762 1483 947 1541 contractum
962 1478 1028 1538 sine
1042 1476 1247 1537 conditionum
1261 1471 1355 1549 aequi·

273 1585 344 1641 tate.
367 1572 608 1639 Matrimonium
621 1580 712 1654 igitur
728 1579 783 1640 imi
801 1578 921 1640 cuidam
942 1582 1081 1638 enatura
1094 1570 1290 1637 determinato
1304 1588 1354 1631 es·

274 1678 447 1741 sentialiter
474 1678 634 1756 subditum
658 1679 714 1740 hoc
736 1679 797 1739 fine
817 1684 902 1739 certae
921 1678 1060 1757 quedam
1075 1676 1156 1753 leges
1179 1670 1355 1733 ineluctabi-

273 1779 343 1839 liter
352 1778 553 1840 determinari
563 1778 683 1851 debent,
698 1779 809 1858 quibus
821 1779 944 1839 societas
956 1776 1085 1839 obnoxia
1096 1776 1164 1849 erit,
1174 1780 1203 1836 et
1215 1790 1232 1833 a
1242 1770 1355 1850 quihus

274 1896 340 1941 sese
352 1883 502 1960 conjuges
515 1880 646 1941 eximere
658 1878 744 1941 nullo
757 1884 842 1959 pacto
855 1884 1007 1959 poterunt.

687 2126 894 2191 tuttcdnus
916 2131 954 2190 li.

512 2340 556 2403 De
566 2346 690 2423 proprio
702 2340 888 2404 matrimonii
899 2340 958 2425 fine
972 2342 1120 2405 naturali.

320 2560 388 2620 807.
405 2562 477 2620 Pos.
494 2559 578 2620 388.
594 2591 633 2605 -
646 2560 827 2622 Matrimonii
846 2560 918 2623 finis
931 2560 1077 2623 naturalis
1095 2565 1139 2621 est
1153 2556 1282 2619 humani
1302 2573 1356 2637 ge·

280 2658 360 2719 uarie
373 2664 521 2739 perpetua
536 2660 718 2738 propagatio.

318 2760 416 2822 hon.
439 2790 479 2805 -
506 2764 535 2819 1⁰
550 2760 772 2823 Matrimonium
793 2763 826 2823 in
849 2762 996 2825 creatoris
1021 2761 1186 2823 intentione
1207 2777 1272 2823 esse
1294 2777 1356 2822 non
1416 2744 1419 2751 Δ

277 2861 366 2922 aliter
378 2860 498 2924 ostendi
513 2867 620 2940 potest,
635 2880 735 2941 quarn·
746 2881 782 2925 er
800 2881 836 2926 eo
853 2865 935 2943 quod
955 2865 1075 2927 Creator
1092 2863 1166 2925 vetit
1184 2863 1357 2924 humanum

276 2979 378 3038 genus
393 2961 530 3022 hominis
544 2963 640 3041 ipsius
657 2979 749 3043 cpera
767 2964 940 3043 perpetuari
964 2965 1039 3042 (pos.
1061 2963 1142 3038 384).
1165 2965 1243 3038 Ergo
1260 2977 1357 3022 unum

277 3061 357 3122 iilud
372 3061 456 3139 quod
471 3062 504 3122 in
518 3063 710 3124 matrimonio
728 3063 767 3125 ab
786 3063 964 3125 hominibus
982 3062 1127 3136 ineundo,
1142 3063 1261 3122 Creator
1280 3060 1357 3138 ruit,

277 3170 324 3224 eat
336 3163 469 3223 humani
481 3166 600 3241 generis
613 3173 756 3246 perpetua
767 3166 950 3245 propagatio.
968 3167 1058 3242 Ergo,
1075 3167 1131 3224 etc.
1377 3245 1380 3250 ,

320 3267 354 3323 2·
368 3263 552 3324 Matrimonii
564 3263 634 3326 finis
648 3267 836 3343 cognoscitur
850 3283 886 3327 ex
900 3263 1004 3327 effectu
1022 3264 1058 3324 ad
1080 3279 1171 3342 quem
1190 3260 1358 3341 producen-

281 3361 355 3424 dum
374 3363 546 3442 conjugatis
568 3366 740 3442 coniunctio
759 3371 804 3429 est
817 3351 994 3428 naturaliter
1007 3371 1077 3445 apta
1092 3365 1166 3443 (88).
1188 3365 1262 3424 Nam
1277 3359 1356 3439 quod

279 3462 464 3525 naturaliter
474 3480 603 3543 quaque
616 3482 663 3527 res
677 3467 785 3528 ultimo
799 3466 946 3547 producit,
961 3465 1037 3526 iilud
1051 3469 1097 3527 est
1114 3465 1247 3544 primum
1268 3462 1299 3522 iu
1314 3463 1360 3524 in-

280 3564 416 3624 tentione
430 3562 590 3639 creatoris,
605 3567 658 3644 qui
678 3565 757 3627 vires
775 3566 812 3626 ad
834 3566 926 3626 tatem
947 3565 1085 3628 etinctum
1106 3562 1293 3642 gignendum
1313 3559 1375 3625 illi

279 3663 323 3723 rei
337 3661 434 3723 dedit.
449 3663 540 3740 Atqui
556 3661 685 3725 ultimus
698 3665 867 3744 conjugalis
887 3665 1109 3744 conjunctionis
1127 3663 1247 3725 effectus
1269 3666 1360 3722 natu·

280 3762 354 3823 ratis
366 3769 415 3823 est
431 3761 565 3823 tiliorum
579 3767 755 3842 procreatio.
777 3768 850 3827 Nam
863 3765 1013 3847 voluptas,
1029 3780 1096 3842 quae
1116 3761 1358 3841 conjunctionem

281 3862 455 3924 maritatam
467 3859 606 3941 precedit
617 3870 647 3924 et
659 3865 828 3944 comitatur,
844 3865 877 3925 in
890 3865 983 3944 prolis
996 3864 1217 3942 conceptionem
1236 3877 1271 3922 ac
1289 3877 1361 3940 pro·

281 3964 467 4024 munnam
482 3967 512 4022 et
529 3963 592 4043 ipsa
605 3963 726 4026 desinit.
747 3967 825 4042 tirgo
845 3963 982 4045 voluptas
1004 3979 1065 4025 non
1082 3969 1126 4024 est
1147 3962 1216 4022 finis
1237 3962 1265 4023 ei
1286 3977 1360 4022 ccu-

278 4063 433 4141 junctioni
446 4079 465 4122 a
479 4068 586 4124 natura
599 4065 740 4144 praefixus
753 4081 761 4126 ι
775 4067 938 4145 prasertim
952 4057 1049 4145 quum
1063 4065 1200 4144 votuptas
1213 4079 1359 4124 sensuum

281 4179 445 4241 nunquam
464 4163 505 4223 sit
523 4164 668 4226 naturalis
682 4165 752 4226 imis
773 4165 915 4228 humane
938 4167 1062 4228 actionis
1078 4151 1186 4241 ultius,
1200 4163 1281 4243 quod
1292 4164 1357 4240 jam

282 4263 475 4326 ostendimus
492 4263 570 4325 lituo
591 4267 616 4341 l,
633 4281 697 4344 cap.
719 4269 751 4342 2,
767 4272 826 4327 art.
845 4267 875 4346 3,
898 4271 927 4328 et
944 4265 1021 4328 libro
1041 4269 1094 4342 tit,
1119 4281 1183 4346 cap,
1210 4267 1238 4337 t,
1254 4269 1311 4326 ert.
1324 4265 1355 4328 2.

282 4365 373 4442 Ergo,
388 4371 448 4426 eto.

322 4467 393 4528 888.
407 4462 543 4526 cenom
557 4499 596 4509 —-
609 4467 790 4529 Matrimonii
803 4466 873 4529 tinia
887 4473 933 4531 eet
946 4472 1121 4550 perpetuare
1134 4465 1291 4529 hominem
1304 4463 1357 4544 qui

284 4566 335 4628 Dei
348 4567 498 4627 attributa
513 4566 690 4643 admiretur,
703 4565 797 4630 mum
815 4569 904 4648 colat,
927 4569 962 4630 ad
984 4571 1038 4632 Dei
1057 4569 1275 4650 pussessionem
1293 4583 1360 4646 per·

283 4669 394 4730 veniat.
411 4667 504 4746 Atqui
524 4668 616 4731 horno
629 4685 684 4730 nec
700 4670 753 4731 diu
769 4671 906 4743 existere,
926 4687 980 4733 nec
1000 4672 1183 4749 gravissimis
1206 4669 1268 4730 iltis
1289 4683 1359 4743 erga

285 4769 380 4829 iteum
394 4766 504 4828 ottieiis
517 4769 686 4832 satisfacere
704 4775 807 4852 potest,
829 4772 887 4833 nisi
902 4775 933 4834 et
951 4771 1106 4854 physicam
1128 4777 1157 4833 et
1180 4768 1324 4832 moralem
1343 4785 1360 4828 a
