3559 5675
433 726 493 790 'tuti
832 742 913 789 renis
931 741 1094 789 namnam

473 850 524 909 ΙΙΙ.
540 848 647 911 Omnis
661 849 798 927 princeps
811 847 989 925 grsrisnmc
1005 846 1105 911 cilicio
1120 850 1240 911 unctu
1259 864 1370 911 rerum
1382 863 1513 911 morum

434 947 614 1027 populorum
628 948 754 1019 bouum.
770 962 873 1009 rerem
884 947 1071 1023 felicitatem,
1091 947 1176 1009 omui
1195 947 1296 1009 studio
1306 948 1513 1025 omnibusque

435 1046 531 1109 nrodis
542 1048 572 1109 in
586 1049 654 1125 ejus
666 1054 804 1128 potestate
815 1048 932 1127 positis,
945 1064 1116 1127 procurrere.
1127 1048 1221 1127 Atqui
1229 1048 1407 1127 primumet
1419 1048 1514 1109 maxi·

434 1162 520 1209 mum
534 1146 714 1228 populorum
727 1148 842 1210 bonum
852 1153 987 1210 estsere
998 1154 1168 1227 samteque
1177 1147 1333 1225 religionis
1344 1146 1471 1226 adeptio
1484 1155 1515 1207 et

434 1246 639 1325 conservati03
654 1264 688 1309 ac
702 1248 768 1307 siue
787 1264 859 1309 vers
881 1247 939 1309 hac
958 1247 1105 1326 religione
1123 1245 1245 1309 nullum
1266 1245 1383 1307 homiui
1405 1264 1514 1307 rerum

434 1348 561 1425 bonum,
574 1346 661 1409 nulls
680 1364 750 1409 rera
765 1347 890 1411 felicitas
903 1364 969 1409 esse
988 1352 1098 1427 potest,
1112 1354 1148 1409 ut
1158 1352 1274 1409 consui
1288 1364 1327 1407 ex
1340 1347 1382 1407 iis
1397 1364 1470 1425 que
1483 1349 1515 1407 iu

435 1448 512 1509 libro
523 1449 560 1509 ΙΙΙ
573 1446 794 1529 disputavimus
802 1446 840 1507 de
852 1446 986 1509 hominis
992 1446 1054 1507 une
1066 1447 1099 1507 iu
1112 1447 1171 1508 rita
1179 1447 1318 1525 presenti
1326 1446 1416 1522 (ἥδ,
1430 1448 1513 1520 272).

436 1552 511 1625 ilrgo
526 1550 558 1611 in
571 1548 649 1611 hsnc
662 1550 791 1609 maxime
804 1564 909 1610 curam
921 1548 1096 1611 incumbere
1107 1547 1291 1609 christianus
1304 1548 1448 1625 princeps
1461 1546 1515 1607 de·

435 1650 496 1725 bet,
512 1655 546 1710 ut
556 1664 658 1711 rerem
673 1656 867 1729 sanctamque
886 1648 1076 1726 religionem,
1084 1649 1172 1726 juris
1182 1646 1337 1727 potestatis
1350 1646 1516 1709 ecciesias-

434 1750 498 1811 tice
515 1748 630 1811 decreta
651 1756 680 1809 et
695 1750 821 1823 monita,
840 1746 980 1810 detendat
1002 1763 1293 1826 equorumruuque
1308 1746 1449 1807 hostium
1461 1764 1516 1807 serr

434 1848 592 1911 fraudibus
602 1866 656 1909 scu
670 1848 711 1925 ri,
724 1866 777 1930 per
790 1848 896 1910 omnis
908 1846 1045 1908 subsidia
1055 1863 1124 1926 que
1143 1847 1175 1907 in
1193 1848 1261 1925 ejus
1275 1846 1332 1906 sint
1353 1854 1514 1925 potestate.

474 1948 522 2009 tt'.
536 1948 676 2028 Princeps
688 1949 754 2025 lege
765 1947 894 2009 mnrrsli
907 1946 1239 2009 teneturauctoritstem
1251 1962 1340 2006 suam
1352 1944 1517 2007 effimciter

435 2048 522 2123 tueri,
536 2063 570 2109 ac
584 2046 708 2125 proinde
725 2048 816 2109 ctiam
831 2046 885 2108 itta
903 2053 1067 2126 protegere,
1081 2062 1149 2123 que
1167 2052 1240 2107 sunt
1251 2047 1441 2107 auctoritatis
1454 2064 1516 2107 sue

434 2146 623 2209 munimenta
632 2152 662 2208 et
672 2146 809 2227 presidis
818 2162 941 2228 prorem
950 2148 1130 2209 necessaria.
1142 2146 1407 2224 requiemnon
1417 2148 1517 2211 lateu-

434 2246 526 2323 tibus,
541 2248 727 2327 precipuum
737 2248 922 2311 suctoritstie
937 2247 1048 2318 omnis,
1061 2246 1226 2325 presertim
1240 2263 1310 2307 rerc
1321 2245 1470 2327 politice,
1482 2264 1517 2308 ae

435 2362 555 2427 prorsus
570 2347 772 2408 necessarium
787 2346 962 2425 presidium
979 2352 1011 2407 st
1023 2346 1111 2424 quasi
1125 2345 1362 2407 tundamentum
1384 2354 1435 2407 est
1447 2350 1515 2409 sio·

434 2462 536 2507 cerum
560 2445 663 2526 populi
687 2462 757 2523 erga
782 2445 962 2523 religionem
983 2447 1133 2521 inedium,
1147 2452 1182 2506 ut
1193 2446 1336 2525 superius
1349 2446 1458 2523 (¹3¹7,
1475 2449 1514 2525 ΙΙ)

433 2546 590 2627 probatum
615 2552 669 2607 est.
688 2542 771 2621 (leid
791 2547 873 2607 euim
896 2545 1054 2608 emmer
1074 2544 1206 2607 mribus
1227 2544 1304 2625 leges
1322 2547 1516 2628 proficiat?

435 2648 530 2709 liores
544 2652 644 2707 autem
659 2646 753 2707 bonos
766 2646 863 2707 tscera
876 2662 911 2708 ao
922 2662 1041 2709 semre
1050 2647 1130 2709 nihil
1144 2654 1252 2727 preter
1267 2648 1450 2726 religionem
1464 2668 1517 2731 po

435 2748 500 2807 test.
517 2746 594 2823 Ergo
609 2760 671 2822 qus
684 2744 750 2823 lege
764 2744 897 2807 naturali
915 2744 1067 2825 publicam
1088 2762 1177 2807 suam
1194 2748 1405 2809 auctoritatem
1419 2756 1517 2828 prote·

434 2863 504 2924 gere
518 2847 656 2926 princeps
670 2851 798 2924 tenetur,
813 2845 918 2908 eadem
937 2847 1090 2926 obligatur
1100 2853 1256 2927 protegere
1274 2850 1382 2910 omnia
1391 2867 1465 2928 que
1478 2853 1516 2912 ad

434 2945 568 3006 divinam
579 2946 753 3024 religionem
769 2947 801 3006 in
816 2945 998 3028 populorum
1010 2947 1122 3008 animis
1131 2945 1291 3008 terendam
1305 2949 1517 3028 mundamque

435 3051 658 3188 pervicaci&
670 3125 847 3203 cutidiana,
858 3143 929 3204 quas
943 3133 991 3190 est
1002 3127 1139 3190 erumna
1151 3133 1182 3191 rt
1191 3127 1420 3210 lineamentum
1440 3131 1517 3192 scri·

436 3223 519 3302 tatis,
532 3243 651 3308 semper
663 3233 693 3290 et
710 3227 798 3292 dictis
811 3234 841 3289 et
854 3225 941 3290 lactis
962 3227 1075 3305 docuit,
1095 3231 1244 3310 prmepes
1255 3229 1441 3292 consum
1450 3249 1518 3293 esec

436 3327 526 3388 alten
536 3327 712 3390 constitutos
724 3331 791 3408 ejus
803 3331 946 3408 prunnos
959 3345 995 3390 ac
1006 3329 1191 3408 delenscrcs3
1203 3347 1292 3392 suem
1304 3334 1518 3394 monerem

434 3433 464 3488 et
478 3427 640 3504 pomonam
654 3429 804 3510 principes
814 3429 924 3492 debsre
933 3446 1055 3511 semper
1065 3432 1205 3494 &deeius
1216 3437 1354 3511 paratam
1369 3431 1518 3492 ulribere

311 3586 315 3594 ,
435 3525 471 3588 ad
488 3529 558 3606 ejus
570 3525 688 3590 decreta
703 3528 822 3608 tegibus
839 3529 983 3594 civilibus
995 3537 1027 3594 et
1045 3532 1144 3609 rigore
1163 3547 1323 3613 penarum
1333 3531 1520 3594 sustinenda

436 3633 466 3690 et
479 3627 515 3690 ad
528 3629 663 3706 publicos
676 3631 743 3692 tidei
759 3631 928 3694 christiane
937 3632 1039 3694 husus
1047 3634 1176 3713 pervim
1192 3633 1368 3696 invadentes
1378 3651 1519 3715 wmpee

437 3727 546 3792 candos
561 3745 715 3792 armorum
728 3732 758 3794 ri
768 3735 799 3792 st
807 3731 1015 3794 conterendos.

478 3831 552 3892 nam
568 3828 610 3910 1⁰,
624 3831 862 3910 quotiescunque
876 3833 1029 3912 principes
1036 3833 1193 3896 chnsdsui
1205 3849 1294 3914 opem
1307 3833 1452 3896 Eoclmie
1462 3836 1519 3897 ali·

437 3927 506 3990 cubi
520 3929 699 4009 periclitanti
717 3935 747 3990 et
769 3930 887 4006 legibus
903 3939 933 3992 et
950 3932 1043 3994 mesia
1065 3933 1217 4009 tuterunt,
1236 3932 1346 3994 iisdem
1367 3935 1519 3996 mammas

436 4031 546 4106 gratiss
559 4029 598 4090 ob
610 4045 678 4090 aum
692 4045 813 4092 causam
829 4037 894 4092 tum
909 4031 1034 4094 Romani
1045 4033 1204 4095 Ponddms
1216 4037 1283 4094 tum
1293 4033 1433 4096 muenia
1447 4053 1518 4113 ege·

342 4143 355 4164 ·
438 4135 528 4208 ruut;
551 4143 656 4190 eorum
679 4147 751 4211 erge
774 4131 969 4194 christianam
995 4133 1174 4211 religionem
1196 4133 1297 4196 studia
1319 4135 1520 4198 vehementer

439 4227 620 4308 laudarunt;
636 4245 687 4292 cos
699 4245 878 4310 magnopere
902 4231 1011 4294 hortati
1034 4239 1106 4294 sunt
1126 4239 1284 4312 pergerent
1298 4251 1391 4314 porro
1410 4235 1519 4297 eadem

440 4325 498 4387 fide
516 4329 739 4408 wmuntuqne
757 4329 919 4392 Ecclesium
940 4329 1049 4395 sirristi
1069 4331 1175 4394 eodem
1197 4331 1287 4394 modo
1310 4341 1471 4414 protegere
1483 4349 1519 4396 ec

441 4427 516 4486 tueri
526 4441 536 4504 ;
555 4445 660 4491 eorum
673 4429 798 4506 auxilia,
823 4429 927 4508 utique
940 4447 994 4510 per
1015 4449 1171 4494 armorum
1185 4435 1275 4494 etiam
1287 4435 1351 4494 viru
1375 4437 1521 4515 suppedi-

441 4525 540 4604 tanda,
548 4529 812 4592 contrahereticos
826 4531 1046 4596 tumultuantes
1057 4533 1257 4612 postularunt
1271 4537 1394 4596 liscum
1406 4538 1519 4613 stagno

439 4627 643 4700 Comtantiun
659 4645 730 4691 curn
751 4629 937 4703 Theodosio,
951 4647 1021 4692 curn
1042 4629 1201 4694 Pulcheris
1215 4638 1245 4694 et
1262 4634 1426 4710 ltaroisuo,
1446 4653 1517 4696 curn

438 4727 573 4806 turtinis,
586 4743 655 4795 cum
671 4731 850 4808 turtiniaco,
865 4731 996 4812 aliisque
1012 4733 1120 4796 veteris
1134 4735 1250 4796 mmani
1266 4735 1386 4816 imperii
1401 4737 1517 4817 princi·
