3559 5675
446 739 510 802 ‘llil
850 691 930 798 snae
950 747 1111 798 namatus

450 865 596 940 Quanam
608 857 655 922 oa
677 859 806 922 rationes
823 858 897 934 sint,
917 857 1022 937 paneis
1034 851 1242 934 explicandum
1254 858 1310 933 est,
1323 860 1359 918 ut
1370 855 1499 936 intelliga-

449 969 499 1024 tur
511 977 572 1040 qno
580 959 776 1022 laudamento
788 957 893 1037 legalis
909 957 1022 1020 ienorn
1035 955 1176 1018 honestas
1189 954 1319 1018 insistat.

486 1061 555 1124 937.
574 1061 645 1124 Pos.
659 1059 745 1122 los.
758 1089 797 1104 -
807 1057 912 1120 Civilis
927 1056 1087 1120 aaaemritas
1103 1054 1213 1134 utique
1229 1071 1356 1118 suorum
1370 1071 1499 1118 eommer-

446 1164 503 1240 ola,
516 1167 663 1242 quantum
674 1165 781 1240 potest,
795 1165 914 1223 tenetur
926 1173 1111 1238 promovere.

485 1264 580 1324 Paos.
594 1291 633 1306 -
647 1260 750 1324 Civilis
760 1259 921 1322 ademptas
930 1258 997 1320 sine
1010 1257 1103 1318 dubio
1115 1262 1231 1318 tenatur
1242 1272 1414 1336 promovere
1422 1256 1498 1328 illud.

448 1359 527 1440 quod
539 1365 596 1436 *est
613 1358 728 1420 boam
750 1363 780 1419 et
799 1357 943 1420 omnibus
965 1355 1131 1420 indiuiduis
1150 1361 1181 1418 et
1202 1355 1371 1436 particulari
1388 1357 1501 1420 satietati

447 1461 596 1522 universa
618 1457 845 1535 numerarium,
873 1463 904 1518 et
920 1455 1101 1518 anniversalis
1127 1457 1239 1518 amoris
1260 1455 1359 1518 ollioio
1384 1455 1502 1536 postula·

448 1568 506 1622 tur.
521 1560 611 1640 lllqui
625 1558 683 1620 tale
704 1559 819 1624 bonum
841 1558 907 1620 sine
919 1557 1013 1619 dubio
1035 1561 1108 1618 sunl
1126 1555 1228 1618 nivilla
1249 1573 1354 1618 rerum
1370 1573 1503 1618 nommet-

443 1662 499 1722 cia.
531 1660 606 1722 llam
635 1663 667 1720 1⁰
693 1657 827 1720 humana
853 1656 1010 1718 indiuidua
1031 1656 1161 1737 proleetn
1185 1657 1239 1735 jus
1265 1655 1377 1717 habent
1398 1655 1503 1736 partim

443 1756 536 1842 pandi
557 1757 656 1830 anias
677 1773 748 1838 opes
771 1773 807 1820 ae
829 1757 965 1835 fruetus,
985 1773 1056 1835 qua
1076 1757 1195 1831 Creator
1213 1757 1246 1817 in
1264 1772 1341 1818 usus
1360 1756 1503 1818 hommum

441 1875 495 1940 per
508 1857 642 1920 diversas
655 1872 690 1918 se
699 1871 778 1935 sepe
792 1857 1010 1920 remotissimas
1028 1855 1169 1933 regiones
1182 1854 1403 1920 disseminavit.
1417 1855 1448 1918 ld
1458 1873 1504 1917 an·

440 1965 502 2024 lem
523 1957 589 2018 sina
614 1955 791 2018 commercio
824 1955 959 2030 obtinere
977 1956 1066 2020 nullo
1088 1954 1179 2028 modo
1200 1961 1309 2034 potest.
1332 1955 1504 2018 commerata

443 2075 574 2136 aramque
591 2057 655 2118 sola
667 2061 739 2122 sunt
756 2073 824 2134 que
838 2055 962 2134 tigrium
974 2063 1065 2134 atque
1080 2054 1206 2118 ietidnm
1219 2055 1325 2136 pelles,
1341 2072 1411 2134 qun
1420 2052 1502 2116 lloln

440 2165 471 2225 et
481 2157 595 2222 ceilam
608 2162 754 2232 aromata,
764 2173 833 2234 quie
843 2174 954 2218 aurum
962 2156 1162 2218 Perusianum
1171 2163 1201 2216 et
1209 2155 1434 2230 Calilomiensn
1445 2169 1504 2232 qna

443 2255 601 2320 tioloondae
622 2255 793 2316 adamantes
808 2263 837 2318 et
850 2255 1004 2318 Comorini
1024 2257 1206 2332 margaritas
1225 2255 1381 2334 Europnis
1395 2254 1503 2335 prabet.

441 2361 602 2434 Quumque
611 2354 713 2433 homo,
724 2356 913 2418 eaCreatnria
921 2354 1070 2432 instituto,
1081 2353 1270 2416 sitdominus
1279 2355 1505 2418 terrnuoiverae

437 2456 695 2534 statariumque
710 2455 764 2518 illa
783 2453 841 2516 lert
853 2461 945 2532 atque
957 2455 1024 2534 alit,
1044 2454 1102 2518 hoe
1115 2471 1173 2516 suo
1192 2453 1330 2518 dominio
1352 2455 1439 2518 aliter
1453 2452 1504 2514 lrui

439 2571 532 2634 qnam
544 2554 795 2616 mmmereiorun
809 2569 865 2633 ope
877 2554 993 2631 nequit

479 2657 514 2716 2⁰
525 2653 571 2717 ad
583 2652 732 2716 sooielatis
745 2649 937 2732 particularis
947 2653 1137 2716 maudalem
1150 2653 1367 2735 perlectionem
1385 2655 1442 2716 tria
1453 2653 1507 2716 hee

439 2759 512 2816 etant
524 2752 709 2816 necessaria:
729 2750 758 2810 l.
772 2757 806 2814 ut
817 2753 1037 2832 permutatione
1047 2771 1155 2818 eorum
1166 2771 1238 2834 quae
1247 2754 1341 2818 habet
1352 2753 1506 2835 superflua,

439 2855 537 2936 possit
553 2853 613 2915 stoi
626 2858 655 2914 et
673 2854 840 2918 οοοοοεοοίο
859 2869 1032 2934 comparare
1049 2861 1080 2917 et
1092 2871 1164 2917 suas
1184 2871 1258 2935 opes
1276 2872 1409 2933 augeam
1431 2860 1460 2918 a.
1481 2858 1510 2913 ut
1588 2883 1589 2890 κ

439 2970 588 3031 congrues
616 2954 763 3015 utilitates
791 2969 828 3015 er
859 2970 1007 3016 manuum
1036 2970 1164 3018 suarum
1187 2956 1330 3035 operibus
1355 2953 1506 3037 pereipiat3
1588 2975 1589 2978 ¹

441 3058 472 3119 3.
491 3058 527 3117 ul
542 3051 682 3134 poledras
699 3050 850 3131 utilesque
865 3058 957 3129 artes,
974 3070 1043 3132 qaae
1056 3054 1136 3134 apud
1149 3053 1226 3117 alios
1238 3056 1369 3135 populos
1382 3054 1508 3126 floreant,

441 3154 592 3223 addiscere
610 3160 640 3215 et
658 3154 723 3233 ipsa
737 3159 827 3231 atque
850 3168 988 3218 erereere
1002 3153 1106 3233 possit.
1128 3156 1219 3233 Auni
1236 3155 1295 3217 tria
1307 3155 1374 3217 lane
1386 3170 1448 3217 non
1459 3150 1510 3216 ali·

442 3262 488 3317 ter
513 3268 607 3334 quam
625 3268 678 3333 per
697 3252 914 3315 eommereiurn
934 3254 1227 3333 possuntonttneri,
1255 3261 1291 3316 ut
1315 3260 1363 3317 est
1386 3253 1510 3317 evidens.

443 3357 520 3417 Nam
532 3353 564 3413 in
578 3350 636 3411 laon
649 3349 715 3429 ipso
729 3352 910 3413 commercia
925 3353 1104 3432 masistunt,
1118 3354 1150 3415 in
1162 3354 1394 3417 transvehendis
1403 3370 1439 3416 ae
1450 3368 1512 3433 per·

444 3450 600 3519 mutandis
619 3446 701 3529 apud
722 3448 797 3513 alias
815 3456 920 3527 genus
938 3468 1006 3529 que
1020 3452 1136 3532 populo
1149 3454 1260 3531 suique
1278 3454 1437 3534 superlitas
1448 3454 1511 3519 etat

446 3556 509 3621 siva
525 3559 612 3615 terro
631 3548 747 3612 lruetua
766 3550 829 3611 sisa
848 3565 1000 3613 manuum
1019 3568 1120 3632 opera.
1139 3554 1175 3615 ln
1188 3552 1246 3615 hoe
1264 3560 1370 3617 autem
1388 3553 1513 3636 plurium

446 3670 482 3721 ae
494 3652 681 3716 diuersorum
698 3648 877 3731 populorum
897 3654 1035 3713 assueto
1051 3658 1082 3713 et
1096 3641 1326 3733 eonsuetudise,
1340 3673 1437 3736 quam
1451 3670 1514 3735 per·

446 3760 536 3841 patna
553 3747 702 3833 elnamodl
721 3748 867 3812 mareium
886 3751 1067 3831 permutatio
1079 3753 1227 3835 postulat,
1243 3760 1323 3819 artes
1336 3772 1375 3819 ae
1393 3752 1515 3819 οοίοοῑίο

446 3856 485 3925 alt
497 3854 565 3919 allia
579 3852 612 3915 in
621 3850 696 3915 alios
710 3850 836 3934 populos
850 3866 906 3915 aua
914 3858 1018 3935 sponte
1035 3860 1212 3919 transeunt:
1234 3857 1288 3937 qui
1301 3856 1515 3921 transitusaine

448 3954 697 4025 momentorum
708 3950 843 4017 subsidio
854 3952 1053 4018 dillleillimna
1070 3962 1159 4019 esset.

489 4060 522 4125 3⁰
535 4053 721 4125 commeruit
739 4052 817 4117 inter
836 4054 934 4117 sarias
951 4059 1055 4135 aanor
1070 4055 1134 4119 deri
1153 4062 1319 4137 amoenat,
1334 4056 1397 4121 nisi
1409 4056 1515 4121 mutuis

447 4159 527 4227 later
541 4174 575 4221 se
586 4154 784 4220 humanitatis
802 4159 832 4217 et
846 4153 1061 4219 benesolentin
1081 4154 1187 4219 oilleiia
1204 4156 1424 4221 devinciamur.
1446 4158 1516 4236 Ergo

447 4258 638 4331 summersis,
651 4257 727 4320 dum
746 4254 877 4319 societati
894 4256 1006 4335 auique
1020 4256 1191 4337 particulari
1209 4258 1399 4320 materialem
1413 4256 1517 4338 perrea

447 4362 560 4428 donem
579 4356 915 4433 adamantinorum
932 4354 1175 4419 eldeaeissimnm
1192 4358 1376 4439 principiam
1398 4356 1517 4420 assoeia·

447 4464 538 4535 lionla
550 4460 742 4526 universalis.
758 4476 820 4539 qna
834 4458 971 4521 naturale
981 4464 1163 4539 presentans
1174 4460 1355 4523 universalis
1368 4457 1516 4522 eharitatis

445 4562 525 4627 inter
535 4560 674 4623 homines
687 4558 872 4623 observatur.
892 4560 929 4621 lit
941 4574 1012 4621 vero
1025 4560 1124 4621 sartos
1135 4566 1222 4622 terrae
1232 4560 1348 4623 lruetm
1365 4560 1517 4637 radamus

444 4668 560 4731 suurn
572 4678 644 4743 opes
658 4661 690 4723 ln
705 4660 804 4725 varlas
817 4659 955 4737 regloms
968 4656 1187 4738 distribuendo,
1202 4660 1333 4741 idipsum
1348 4662 1419 4723 sine
1430 4657 1517 4723 dultin

445 4765 599 4825 Grmlora
612 4758 732 4843 populis
744 4759 865 4839 unani
877 4760 1055 4838 sult‚quod
1067 4760 1108 4825 ab
1119 4758 1287 4825 individuis
1299 4778 1356 4842 per
1369 4762 1517 4825 variarum
