3559 5675
552 760 660 807 susus.
685 780 723 793 -
743 760 829 807 uranu
849 760 982 807 bucinus.
1252 740 1311 806 stt·

265 868 379 929 muueris
394 868 579 941 accusatorii3
600 866 712 947 publici
725 866 848 929 demum
863 868 1031 929 administri
1046 870 1173 946 possunt
1185 866 1231 927 rel
1245 884 1309 927 rem

262 948 387 1046 ignorare,
407 967 454 1028 rel
472 984 534 1027 rem
549 969 668 1044 ignavia
688 969 850 1045 negligere,
865 968 913 1027 vel
932 982 987 1027 sue
1005 972 1158 1045 potestate,
1177 967 1309 1027 insontes

262 1064 417 1141 mussando,
432 1066 531 1127 abuti..
543 1067 714 1127 'tribunalis
732 1083 802 1143 ergo
814 1066 912 1126 aditus
924 1068 986 1143 juri
999 1065 1107 1126 uiolsto
1125 1066 1165 1125 ita
1178 1070 1223 1126 est
1238 1082 1311 1145 ape-

261 1164 375 1242 riendus,
386 1174 420 1227 ut
434 1171 485 1227 irae
497 1174 527 1229 et
537 1168 697 1229 calmnuiae
713 1168 913 1247 precludatur
922 1182 932 1243 ;
947 1174 975 1228 et
992 1170 1182 1243 magistratus
1202 1166 1312 1245 aliquis

261 1266 324 1346 apud
345 1267 469 1345 tribunal
495 1285 584 1329 omne
608 1268 785 1329 statuendus
807 1273 863 1344 est,
891 1270 1063 1345 incorrupta
1078 1268 1134 1328 title
1149 1274 1177 1329 ct
1191 1268 1312 1345 probata

260 1365 399 1443 prudentia
416 1368 605 1446 conspicuus,
626 1367 662 1427 ad
683 1384 775 1444 quem
795 1367 940 1445 pertineat
953 1365 1060 1430 delicta
1074 1382 1261 1444 quecunque
1275 1364 1311 1425 ad

259 1462 369 1524 tribunal
380 1463 505 1535 deterre,
515 1480 682 1542 eorumque
695 1465 896 1541 coguitionem
910 1480 944 1525 ae
958 1464 1146 1543 punitionem
1159 1480 1314 1544 exposcere

259 1581 285 1622 ac
296 1580 468 1641 promovere.
870 1631 875 1637 ,
996 1584 1001 1590 ’

289 1661 316 1722 3⁰
334 1663 384 1723 Ubi
403 1666 467 1741 jam
483 1664 630 1726 musard
651 1663 769 1744 judices
790 1663 887 1726 delate
909 1666 958 1741 sit,
980 1664 1176 1742 quarendum
1197 1670 1314 1741 estque

260 1762 442 1837 iterationes,
457 1763 569 1824 iudicia
586 1769 616 1825 et
633 1769 812 1840 argumenta
830 1765 891 1824 sint
905 1763 1098 1841 exploranda,
1114 1778 1181 1839 qua
1192 1762 1314 1839 plenam

259 1877 337 1923 unsa
349 1863 549 1939 coguitionem
563 1863 724 1941 prebeant.
736 1866 773 1924 nt
784 1864 928 1925 incausis
939 1862 1062 1941 quidem
1076 1862 1214 1923 ciuilibus
1229 1861 1315 1921 nulls

259 1961 347 2021 iterum
365 1962 418 2023 bac
437 1964 467 2023 in
491 1981 524 2023 re
542 1963 704 2024 difficultas
723 1964 860 2025 occurrit.
883 1966 922 2024 nt
940 1965 972 2023 in
991 1964 1092 2025 causis
1104 1963 1315 2024 criminalibus

258 2060 368 2122 dubitari
386 2070 497 2141 potest,
515 2069 617 2122 utrum
638 2064 733 2140 aptior
751 2061 787 2122 ad
808 2064 974 2123 societatem
996 2062 1141 2125 tuendam
1153 2065 1191 2123 sit
1203 2066 1252 2125 via
1268 2062 1314 2123 in-

258 2161 392 2238 quisitorio
403 2177 442 2222 an
455 2160 508 2221 uie
517 2166 708 2221 accusatorio.
722 2162 806 2221 Viam
817 2162 1038 2238 inquisitoriam
1051 2164 1126 2223 ratio
1138 2162 1315 2240 procedendi

258 2260 438 2340 undequaque
453 2267 568 2322 secreta
581 2263 700 2340 proprie
714 2263 883 2322 constituit:
903 2260 941 2321 ad
957 2278 1050 2338 quam
1068 2262 1219 2339 pertinent
1231 2262 1316 2340 pari-

258 2362 293 2417 ter
306 2368 409 2422 secreta
427 2360 620 2437 investigatio
634 2367 664 2420 et
677 2362 789 2421 secreta
802 2360 959 2422 discussio.
977 2362 1094 2434 Quibus
1105 2360 1223 2421 duobus
1236 2360 1318 2420 titut

257 2458 327 2519 uuita
340 2460 392 2537 rei,
407 2462 535 2521 testium
549 2466 579 2521 et
591 2461 774 2521 accusatoris
792 2467 900 2521 mutua
913 2462 1088 2539 compositio
1104 2466 1134 2521 et
1142 2460 1317 2539 disceptatio

258 2556 431 2639 adhibeatur,
463 2561 551 2622 nulla
582 2561 693 2622 indicia
719 2568 750 2621 et
776 2569 955 2639 argumenta
982 2560 1039 2622 nisi
1067 2564 1174 2642 scripta
1204 2561 1317 2621 admit·

259 2662 355 2719 tantur.

288 2758 324 2819 id
341 2760 566 2840 inquisitoriam
586 2760 732 2821 rationem
752 2762 903 2840 pertinere
926 2778 1047 2842 quoque
1067 2766 1205 2824 censetur
1227 2760 1318 2821 crite·

257 2858 321 2920 rium
336 2879 410 2940 pare
430 2861 543 2942 legate,
557 2861 637 2940 quod
658 2875 778 2924 summu
795 2865 951 2925 severitate
972 2883 990 2925 a
1007 2864 1110 2940 J‘udice
1128 2863 1316 2941 sequendum

256 2960 348 3033 sitite
365 2969 399 3024 ut
419 2969 526 3025 contra
544 2963 629 3022 illius
646 2963 768 3039 regulas
786 2964 907 3041 proprio
925 2969 954 3022 et
969 2965 1069 3031 nativo
1081 2979 1171 3024 seusu
1187 2967 1320 3040 acceptas

256 3075 422 3139 quemquam
443 3061 601 3123 absoluere
619 3067 672 3122 aut
685 3061 885 3122 condemnere
896 3061 993 3139 judici
1007 3077 1165 3138 nunquam
1180 3061 1277 3121 liceat.

289 3162 489 3239 licentrario,
503 3162 583 3220 riam
604 3161 817 3222 accusatoriam
839 3161 1027 3222 constituunt
1046 3161 1195 3222 accusatio
1217 3159 1320 3236 aliquo

256 3265 328 3336 pacto
340 3262 477 3340 publica,
489 3261 636 3322 discussio
648 3261 743 3322 libera
754 3267 784 3321 et
797 3261 901 3340 aliquo
915 3261 1003 3322 modo
1014 3261 1145 3341 publica,
1156 3257 1249 3321 libere
1263 3260 1322 3321 col·

256 3357 316 3421 latio
326 3370 356 3422 et
363 3362 548 3424 concertatio
560 3361 604 3422 rei
618 3377 687 3422 eum
702 3366 872 3422 accusatore
886 3377 922 3424 uc
934 3363 1073 3436 testibus,
1092 3366 1121 3422 et
1135 3375 1319 3438 consequen-

257 3463 294 3519 ter
304 3462 454 3537 judicium
470 3461 561 3521 orale.
574 3459 693 3533 Quibus
705 3461 846 3521 omuibus
860 3460 930 3522 addi
944 3461 1018 3522 solet
1031 3460 1185 3522 criterium
1198 3459 1320 3531 morale,

257 3577 302 3637 per
313 3548 391 3639 quod
404 3561 505 3642 judici
520 3560 608 3621 liceat
622 3561 655 3620 in
667 3559 790 3621 terenda
804 3564 890 3638 juxta
903 3562 1006 3640 legum
1025 3577 1163 3623 normam
1178 3562 1323 3622 sententia

257 3661 369 3725 unicum
382 3662 494 3725 ducem
508 3675 596 3722 suam
613 3660 826 3720 conscientiam
848 3663 946 3738 sequi.
1050 3705 1051 3712 κ

288 3761 422 3823 tamuero
443 3777 480 3820 er
498 3760 617 3821 duabus
636 3759 719 3819 hisce
735 3756 922 3838 judiciorum
946 3760 1113 3821 rationibus
1134 3773 1325 3837 unaqueque

257 3858 334 3919 sicuti
348 3860 487 3941 proprias
508 3859 600 3921 babet
617 3858 760 3918 utilitates
780 3864 810 3918 et
826 3857 995 3932 commoda,
1015 3859 1055 3918 ita
1074 3856 1254 3934 quibusdam
1275 3859 1323 3916 in-

257 3961 414 4022 commodis
435 3976 469 4024 ae
487 3958 630 4038 periculis
647 3959 774 4020 obnoxia
795 3964 849 4018 est.
867 3959 941 4031 Qua
958 3957 1061 4020 omnia
1073 3955 1259 4017 reducuntur
1273 3971 1326 4033 pro

257 4061 298 4121 riu
316 4061 507 4142 inquisitoris
520 4060 556 4122 ad
571 4061 698 4121 insontis
713 4061 949 4140 oppressionem,
967 4073 1021 4137 pro
1034 4059 1081 4118 riu
1095 4057 1275 4117 accusatoria
1288 4054 1324 4114 ad

257 4160 348 4223 delicti
368 4162 593 4241 impunitatem.
611 4162 743 4235 Etenim,
756 4161 809 4221 ubi
830 4158 1007 4222 delictorum
1020 4157 1207 4234 investigatio
1223 4159 1253 4215 st
1265 4154 1326 4214 dis·

257 4264 350 4324 mssio
364 4269 479 4325 secreta
492 4279 616 4341 prorsus
629 4261 697 4336 fiat,
719 4260 855 4322 medium
865 4257 1324 4338 judicibus‘periculosissimum

257 4361 469 4440 suppeditatur,
482 4379 543 4438 quo
556 4361 602 4421 illi
615 4361 664 4422 uel
676 4362 797 4440 propria
812 4377 866 4422 sua
879 4360 1006 4422 libidine
1019 4358 1158 4438 permoti,
1167 4355 1215 4416 vel
1228 4355 1328 4416 aliena

257 4458 358 4522 traude
374 4461 501 4540 decepti,
520 4461 565 4521 vol
587 4461 686 4522 alieno
705 4477 780 4521 auro
798 4461 941 4538 corrupti,
953 4462 1080 4538 possunt
1094 4471 1211 4537 semper
1226 4455 1261 4516 sd
1278 4455 1328 4514 iu-

258 4567 353 4622 sootes
369 4562 581 4641 opprimendos
595 4562 690 4635 abuti,
704 4561 780 4638 quin
796 4559 860 4620 ulta
873 4561 913 4621 sit
926 4559 1077 4638 oppressis
1091 4559 1163 4619 ratic
1175 4557 1329 4634 injustitie

258 4661 539 4739 propulsandum
552 4681 623 4724 vero
637 4662 757 4742 publica
769 4661 918 4722 accusatio
930 4659 1094 4738 atpublica
1106 4655 1328 4719 discussioirsri
1361 4649 1362 4652 ’

258 4757 369 4832 debeat,
392 4762 576 4841 impossibile
591 4760 753 4840 aliquando
765 4761 821 4821 erit
836 4764 921 4821 testes
935 4767 965 4820 et
982 4759 1161 4836 argumenta
1174 4755 1328 4817 sutbumu·
