3559 5675
481 769 538 832 ild
878 783 957 829 rums
976 771 1137 829 stemnius

480 889 524 951 lix
535 889 627 966 hujus
639 887 866 950 inordinationis
880 888 1027 948 evidentia
1040 887 1083 958 tit,
1097 895 1131 947 ut
1145 886 1224 947 athei
1237 885 1369 948 divinam
1378 887 1464 950 ullam
1474 907 1525 950 esse

481 986 773 1070 providentiamque
794 983 926 1044 mundus
946 985 1140 1061 gubernetur,
1164 991 1285 1063 negent,
1305 986 1376 1063 quia
1396 985 1481 1046 multa
1500 989 1524 1046 in

480 1087 597 1148 mundo
609 1083 714 1146 delicta
737 1084 861 1162 impune
886 1086 1140 1145 committuntur:
1156 1085 1263 1145 exinde
1285 1087 1374 1146 etiam
1391 1085 1422 1146 tit
1434 1085 1526 1146 atficta

480 1187 605 1249 felicitas
621 1185 679 1246 ficti
693 1186 860 1262 cujuspiam
874 1183 990 1245 scelesti
1003 1183 1135 1244 bominis
1149 1185 1181 1244 in
1190 1185 1311 1246 theatris
1320 1187 1451 1246 omnium
1461 1201 1527 1266 spec

479 1287 608 1349 tantium
622 1287 738 1346 animos
751 1283 788 1344 sd
800 1283 1037 1362 indignationem
1050 1285 1164 1345 excitet.

520 1385 610 1463 Atqui
626 1383 703 1446 beno
718 1385 970 1444 inordinationem
991 1401 1053 1444 uon
1075 1389 1169 1464 potest
1182 1386 1304 1446 societas
1329 1385 1487 1446 reordinare
1504 1387 1527 1443 in

480 1487 539 1547 ills
550 1485 667 1562 lutura3
681 1483 753 1561 quie
762 1482 844 1544 illius
853 1483 928 1543 ectio
940 1479 976 1542 sd
988 1490 1144 1543 externum
1158 1483 1294 1544 ordinem
1305 1483 1335 1544 in
1345 1485 1474 1563 presenti
1484 1483 1530 1542 rita

480 1583 706 1647 custodiendum
722 1589 781 1643 tota
803 1581 950 1642 destinata
970 1589 1024 1642 est
1046 1583 1123 1659 Ergo
1147 1583 1233 1643 debet
1253 1583 1338 1644 iliam
1358 1584 1389 1644 in
1405 1585 1528 1661 vitepre

480 1683 556 1747 senti
567 1685 733 1744 restituere.
750 1678 826 1757 Ergo
839 1682 973 1751 societas,
987 1691 1134 1758 quantum
1151 1683 1182 1741 in
1196 1679 1250 1742 iila
1259 1689 1314 1753 est,
1328 1680 1440 1743 efficere
1451 1681 1529 1754 debet,

479 1793 514 1846 trt
525 1787 637 1862 cuique
652 1779 757 1842 delicto
779 1781 959 1855 respondeat
978 1783 1151 1842 imminutio
1174 1782 1277 1859 aliqua
1296 1782 1413 1843 socialis
1429 1781 1491 1842 boni
1510 1786 1531 1839 et

479 1881 628 1948 felicitatis
650 1882 811 1944 materialis
831 1881 967 1958 gravitati
987 1879 1087 1943 delicti
1108 1883 1338 1961 proportionata.
1365 1883 1432 1942 llaec
1449 1887 1531 1940 auum

480 1981 548 2044 torti
563 1979 708 2042 sensibilis
728 1979 897 2040 imuriuotio
921 1977 962 2039 ud
982 1979 1070 2041 metes
1091 1979 1214 2040 actionis
1234 1978 1482 2061 compensationem
1498 1984 1532 2036 ost

480 2085 555 2146 illud
571 2083 650 2160 quod
664 2099 749 2163 peno
766 2082 812 2142 vel
822 2081 939 2162 pensito
953 2082 1071 2142 dicitur.
1090 2083 1176 2158 Ergo,
1191 2088 1246 2141 etc.

493 2199 498 2204 ·
519 2185 589 2246 955.
605 2181 734 2245 Coeum
745 2179 814 2242 1.·-’
824 2175 935 2242 Delicta
946 2189 1143 2259 congruenter
1150 2180 1305 2260 puniendo
1320 2181 1440 2243 societm
1455 2181 1533 2258 primo

479 2282 579 2345 sociali
589 2281 686 2343 nfflcio
695 2281 850 2361 tripliciter
863 2280 1014 2350 satisfacit,
1028 2295 1137 2358 nempe
1151 2295 1223 2357 erga
1236 2279 1467 2358 delinquentem,
1480 2295 1534 2354 erge

480 2385 586 2458 socios,
600 2399 671 2458 erga
682 2383 861 2442 creatorem.
880 2379 1003 2455 iserge
1017 2378 1257 2456 delinquentem
1276 2381 1352 2457 quia
1365 2381 1533 2441 bouismate·

481 2481 606 2542 rialibus
629 2495 700 2540 eum
728 2475 904 2549 minuendo,
926 2479 1343 2555 ineiumentum‚·quentum
1365 2482 1398 2541 in
1424 2478 1472 2540 illa
1491 2481 1533 2543 et.

479 2585 578 2646 eidem
593 2583 701 2661 praebet
719 2581 756 2641 ad
768 2581 963 2657 quarendum
977 2580 1091 2640 bonnm
1105 2579 1276 2657 honestum;
1292 2596 1397 2643 rerum
1413 2578 1534 2650 bominis,

481 2685 571 2746 etism
582 2685 613 2742 in
627 2684 686 2743 vite
700 2681 850 2760 presenti,
865 2681 988 2741 bonum.
1007 2683 1040 2740 2·
1051 2681 1129 2756 Erga
1138 2681 1250 2758 socios3
1262 2685 1335 2760 quia
1349 2683 1466 2758 corrigit
1474 2683 1535 2740 inor·

482 2784 617 2845 dinatum
628 2781 791 2859 judicium,
808 2781 887 2859 qood
905 2780 1005 2841 delicti
1022 2783 1247 2859 prosperitatem
1260 2782 1395 2843 videntes
1415 2782 1534 2843 suunt

482 2886 513 2945 3·
528 2887 603 2959 Erga
624 2884 808 2955 Creatorem,
823 2882 876 2958 qui
890 2882 1069 2941 universalis
1096 2881 1243 2943 societatis
1255 2883 1391 2945 conditor
1411 2893 1440 2944 et
1453 2896 1538 2961 cupre

483 2997 551 3042 urus
563 2980 714 3041 ordinator
726 2986 790 3058 est;
805 2982 877 3055 quia
894 2980 1024 3039 custodit
1036 2996 1071 3039 ac
1083 2990 1252 3059 propugnat
1271 2982 1456 3043 inviolabiles
1468 2986 1536 3041 uatu-

483 3083 555 3142 rtlis
572 3081 697 3157 justitiae
719 3080 855 3139 notiones
878 3081 991 3155 quibus
1005 3080 1043 3139 ab
1056 3079 1110 3139 illo
1123 3081 1315 3141 niniversalis
1342 3083 1462 3142 societas
1480 3080 1538 3138 iun·

483 3182 552 3243 dote
564 3190 619 3241 est.
640 3182 702 3240 llso
718 3180 831 3239 ratione
849 3178 955 3238 ordoa
975 3178 1169 3256 delinquente
1192 3180 1323 3241 violatus
1346 3178 1538 3243 memorio

483 3282 590 3361 triplici
601 3284 668 3357 ejus
681 3286 828 3357 respectu,
843 3280 991 3339 nimirum
1003 3282 1035 3339 iu
1045 3293 1181 3359 cospectu
1195 3282 1387 3359 individuali,
1404 3286 1435 3343 in
1443 3276 1538 3349 eooldi,

481 3388 514 3442 et·
523 3381 556 3439 in
566 3379 739 3440 universali.

526 3480 653 3540 Cunocn
671 3482 700 3538 2.
710 3508 749 3523 -
758 3480 801 3538 Er
813 3477 966 3557 principiis
980 3481 1093 3557 quibus
1108 3496 1173 3559 pos.
1188 3482 1288 3543 408⁴·
1302 3484 1539 3552 confirmavimus,

485 3578 663 3653 intelligitur
680 3577 967 3639 talsamdoctrinam
987 3582 1157 3657 eorumqui
1167 3584 1220 3657 ius
1240 3584 1358 3659 poeuele
1378 3603 1397 3645 a
1416 3588 1481 3663 jure
1493 3592 1540 3640 ure

486 3679 666 3738 detensionis
688 3684 782 3737 totum
805 3678 975 3754 deduount,
997 3681 1107 3740 siulsa
1128 3684 1250 3743 notione
1268 3684 1392 3745 boniet
1414 3681 1540 3745 felicitatis

485 3778 627 3838 humanu
640 3778 677 3837 ab
699 3780 770 3857 ipsis
784 3786 872 3839 antea
892 3783 1052 3841 coristituta
1069 3782 1292 3855 suessionum
1308 3788 1393 3846 enim
1407 3785 1542 3846 statuerim

487 3878 600 3939 bonum
616 3878 746 3939 hominis
759 3880 939 3955 generaliter
961 3882 1146 3957 iniucunda
1169 3886 1339 3947 sensatione
1366 3889 1460 3947 situm
1481 3898 1539 3950 tuo

487 3977 626 4055 colligere
649 3979 720 4040 inde
733 3978 903 4040 debuerunt
920 3981 954 4039 iu
976 3980 1111 4058 jucunda
1127 3986 1295 4045 sensatione
1319 3988 1541 4047 consistereeanr

486 4078 673 4155 felicitatem,
696 4078 732 4139 ad
755 4096 847 4157 quarn
869 4082 999 4156 quisque
1019 4082 1051 4139 in
1072 4083 1210 4143 societate
1235 4085 1326 4145 babet
1343 4088 1398 4164 jus
1420 4086 1542 4147 inaliena-

488 4178 558 4239 bile.
579 4180 654 4239 liino
667 4194 739 4239 cero
752 4181 957 4257 consequitur,
972 4181 1121 4241 incorum
1138 4184 1289 4260 doctrine,
1303 4186 1404 4247 delicti
1422 4183 1542 4268 preterii

487 4294 548 4339 non
563 4280 696 4357 emplius
710 4280 868 4358 periculosi
880 4283 1068 4358 punitionem
1081 4300 1147 4344 esse
1161 4299 1215 4362 per
1226 4303 1260 4345 se
1272 4286 1419 4360 illicitam,
1428 4284 1543 4365 quiete·

486 4380 602 4439 minem
617 4382 748 4457 privaret
759 4396 795 4439 ec
808 4380 946 4439 felicitate
959 4382 996 4440 ed
1011 4395 1104 4458 quam
1119 4384 1171 4445 ille
1186 4388 1240 4460 jus
1255 4389 1396 4447 ornuiurn
1411 4384 1542 4448 1111111εεὶ-

488 4494 573 4538 mum
585 4478 690 4553 habat3
701 4486 833 4555 urnaque
843 4480 1033 4541 solummodo
1045 4497 1161 4559 poenam
1170 4485 1360 4562 delinquenti
1375 4488 1469 4563 indigi
1478 4487 1543 4563 jaste

487 4592 585 4656 posse,
601 4591 696 4653 quum
713 4578 791 4638 bono
802 4578 1008 4656 delinquentis
1021 4584 1228 4662 arrtepouendn
1241 4594 1287 4645 est
1300 4589 1415 4667 proprii
1429 4588 1493 4646 boni
1508 4589 1544 4641 te

489 4680 547 4740 tete
556 4694 566 4755 3
581 4678 689 4739 debere
704 4680 795 4757 igitur
810 4682 888 4740 inter
897 4689 950 4759 jus
963 4685 1109 4763 puniendi
1129 4692 1159 4745 et
1177 4688 1229 4764 jus
1242 4687 1446 4765 delinquentis
1460 4684 1498 4747 ed
1510 4682 1544 4743 ie·

487 4775 746 4841 ttctuomadesse·
753 4778 952 4859 collisionem,
963 4790 997 4844 ut
1008 4786 1215 4866 punitio-justa
1227 4790 1267 4849 sit
1271 4810 1281 4865 3
1294 4790 1368 4868 quie
1376 4804 1464 4871 poeut
1475 4798 1543 4863 que·
