3559 5675
575 786 683 833 suast.
706 802 745 819 -
767 784 852 835 trusa
871 782 1010 833 etratus.
1273 774 1330 838 109

248 900 395 974 tatimes,
417 914 497 977 quas
519 896 662 959 bominis·
674 898 824 976 cujusque
844 915 926 959 mors
945 898 978 957 in
993 896 1098 959 multis
1117 901 1328 979 superstitibus

244 998 333 1079 parit.

282 1096 317 1159 le
333 1098 430 1161 iidem
446 1098 598 1161 solemnes
615 1096 705 1174 rittrs,
719 1098 832 1175 quibus
845 1098 1003 1160 demortua
1022 1112 1147 1178 corpora
1166 1100 1328 1179 sepulture

243 1198 442 1276 mandantur,
471 1198 651 1259 memoriam
677 1197 786 1259 lutura
806 1198 912 1259 mortis
944 1197 1024 1278 apud
1046 1200 1181 1260 vivorum
1210 1202 1328 1263 animos

242 1300 422 1379 minando,
440 1300 607 1377 aeternique
626 1297 676 1359 vel
699 1298 816 1378 praemii
830 1298 879 1359 vel
898 1297 1039 1377 supplicii
1058 1300 1266 1377 cogitationem
1282 1302 1329 1364 in·

241 1398 404 1475 otleando,
427 1398 580 1459 advitam
603 1398 637 1457 iu
657 1396 797 1475 praesenti
817 1396 943 1459 honeste
966 1397 1113 1474 agendam
1136 1398 1328 1465 vehementer

242 1500 385 1561 areium.
409 1498 502 1575 Ergo,
516 1502 572 1558 ete.

278 1600 352 1662 863.
369 1597 508 1661 Conona.
524 1632 555 1643 -
574 1598 627 1659 lle
640 1596 767 1676 aliaque
779 1596 897 1659 similes
910 1597 1041 1661 rationes
1062 1599 1225 1663 ostendunt
1244 1616 1327 1664 mor-

240 1706 366 1763 brorum
384 1697 550 1761 bominum
570 1714 695 1780 corpora
715 1698 869 1762 voracitati
882 1698 1048 1759 bestiarum
1063 1716 1098 1761 ao
1116 1702 1328 1783 tempestatum

241 1801 363 1879 injmiis
379 1798 603 1862 asoeietatibus
614 1797 776 1861 domestica
790 1804 819 1859 et
830 1799 912 1861 eivili
929 1798 1133 1863 subtrahenda
1145 1818 1223 1879 esse,
1238 1810 1328 1881 atque

241 1902 291 1963 illa
301 1902 400 1964 etiam
414 1900 455 1962 ab
464 1898 603 1961 hostibus
615 1900 648 1960 in
660 1898 727 1978 ipso
737 1914 847 1978 pugnas
864 1900 930 1961 loeo
944 1900 1176 1963 miseridorditer
1187 1906 1217 1963 et
1233 1902 1328 1966 hono-

241 2003 320 2065 rifiee
345 1999 507 2063 maenada
523 2014 600 2061 esse.
615 2000 762 2074 Quocirca
782 2000 830 2062 vel
852 1998 933 2080 apud
952 2000 1096 2064 barbaras
1119 2008 1223 2080 gentes
1239 2020 1325 2067 mor-

244 2106 363 2164 tuorum
385 2118 456 2162 ossa
474 2104 503 2163 et
522 2096 658 2181 sepulcra
672 2116 783 2178 magno
796 2116 916 2181 semper
938 2100 1098 2164 inhonore
1120 2109 1192 2165 suut
1211 2104 1325 2185 habita,

245 2208 327 2281 atqm
342 2202 388 2265 ob
401 2201 528 2263 nullum
538 2200 664 2277 eumen,
682 2201 742 2262 nisi
752 2201 791 2264 ob
804 2203 958 2269 mumma
968 2202 1107 2281 quedam
1119 2203 1239 2284 deliete,
1262 2222 1327 2269 esse

247 2304 416 2384 quemp‘mm
441 2300 599 2383 sepultura
620 2300 802 2381 privandum
826 2316 947 2382 semper
972 2302 1010 2365 ab
1040 2304 1183 2365 omnibus
1206 2306 1327 2385 populis

248 2402 407 2479 jndieetnm
424 2408 483 2465 est.

285 2504 346 2565 lam
359 2510 529 2581 antequam
549 2500 686 2565 dimmus
710 2499 747 2565 de
767 2503 863 2565 tutela
880 2518 974 2582 quam
993 2508 1183 2565 mortuorum
1203 2504 1327 2585 juribus

242 2608 272 2665 et
287 2602 396 2667 officiis
413 2610 554 2684 respectu
578 2606 774 2683 superstitum
797 2604 896 2667 eivilis
919 2606 1079 2667 ausonias
1098 2603 1202 2681 debet,
1225 2607 1324 2686 inqui·

238 2702 369 2766 rendum
383 2710 434 2767 est
446 2720 587 2785 quanam
602 2702 666 2765 irae
677 2705 749 2782 jura
763 2703 825 2765 sint
842 2711 934 2782 atque
946 2702 1053 2767 officia.

274 2806 348 2869 aot.
365 2809 439 2869 Poe.
452 2803 537 2868 ⁴¹8¹.
554 2839 593 2850 -
603 2806 676 2867 lura
688 2804 826 2880 domimi,
849 2806 968 2883 quaed
989 2812 1143 2868 mortuum
1157 2806 1325 2888 quemlibet

234 2907 398 2970 bominem
411 2905 612 2987 pertinebant,
632 2903 933 2986 perbujusmortem
955 2907 992 2968 ad
1015 2907 1152 2985 eiusdem
1174 2907 1321 2970 familiam

232 3008 299 3089 lege
322 3007 462 3071 naturali
484 3014 651 3069 transeunt.

271 3113 376 3174 Paos.
400 3111 517 3171 -lus
537 3108 740 3188 quodeunque
764 3107 893 3171 dominii
915 3105 1110 3171 individualis
1132 3123 1185 3188 per
1207 3105 1323 3171 domini

231 3219 367 3275 moroem
385 3210 493 3292 procul
506 3210 600 3273 dubio
613 3218 719 3273 oessat.
741 3211 817 3289 Ejus
839 3209 922 3272 enim
945 3210 1050 3285 radix,
1075 3227 1143 3289 quae
1161 3215 1206 3272 est
1224 3214 1277 3291 jus
1295 3217 1326 3274 et

230 3313 376 3376 officium
395 3312 528 3391 eorporis
550 3311 756 3390 sustentandi,
782 3311 957 3374 abdomini
978 3317 1105 3373 mortem
1127 3311 1213 3392 perit.
1245 3313 1342 3391 lirgo·

230 3411 411 3476 sialiornm
430 3412 591 3475 hominnm
603 3414 656 3492 jus
667 3411 790 3475 nudum
811 3414 845 3474 in
861 3429 896 3475 ea
911 3413 991 3475 bona
1009 3418 1190 3494 superesset,
1204 3419 1324 3476 mortuo

230 3513 377 3586 domino,
393 3513 460 3590 ejus
479 3513 606 3574 fortune
619 3529 725 3574 omnes
737 3511 787 3575 vel
799 3511 835 3574 ad
853 3513 988 3593 primum
1008 3519 1202 3592 oeovrpautsm
1218 3512 1266 3575 vel
1286 3513 1324 3575 ad

231 3613 364 3676 civilem
385 3614 555 3675 societatem
573 3613 701 3675 transire
718 3612 839 3674 debent.
862 3615 910 3689 st,
923 3615 994 3692 jure
1006 3612 1185 3675 individuali
1195 3610 1323 3691 sublato,

230 3719 381 3796 superest
397 3720 499 3776 tamen
514 3711 623 3776 sociale
638 3715 691 3791 jus
711 3712 792 3792 quod
808 3713 969 3794 propinqui
991 3713 1024 3774 iu
1042 3715 1154 3776 mortui
1168 3713 1242 3777 aivis
1258 3713 1324 3776 tor·

230 3824 331 3878 tunes
350 3813 477 3876 babent.
1013 3817 1016 3822 “

274 3915 416 3994 Etenim,
441 3930 540 3994 quum
561 3916 686 3978 societas
702 3913 846 3994 qualibet
863 3915 902 3977 sit
926 3913 1063 3995 plurium
1085 3915 1266 3995 conspiratio
1287 3913 1324 3976 ad

232 4031 404 4082 eommune
417 4016 533 4078 bonum
547 4033 601 4096 per
618 4031 812 4080 communem
830 4005 1207 4078 mediorum'externorum
1218 4031 1324 4089 usum,

232 4117 372 4180 meletati
396 4115 567 4178 domestice
595 4121 640 4178 est
662 4119 715 4195 jns
744 4116 896 4194 quoddam
920 4117 952 4176 iu
973 4122 1096 4178 externa
1122 4115 1225 4176 omnia
1245 4112 1326 4176 bona

233 4217 437 4296 singulorum
449 4215 488 4279 de
501 4216 555 4278 illa
567 4215 694 4292 familia,
707 4217 789 4295 quod
804 4215 943 4298 superius
954 4217 1125 4278 vocavimus
1132 4211 1188 4296 jar
1200 4213 1326 4276 emineas

235 4317 271 4394 (Ι.
288 4317 363 4396 vu).
385 4318 477 4398 Ergo,
498 4317 525 4378 si
548 4313 740 4380 individuum
762 4316 853 4397 plane
874 4315 1052 4388 solitarium,
1073 4315 1103 4378 id
1125 4321 1170 4380 est
1192 4317 1327 4394 cognatis

235 4435 357 4495 essens,
372 4425 465 4497 atque
484 4417 523 4479 ab
543 4417 624 4479 omni
645 4417 786 4479 societate
798 4416 923 4498 publiea
937 4415 1153 4498 independens,
1168 4416 1325 4495 moriatur,

238 4525 311 4582 tune
334 4525 434 4582 morte
452 4517 560 4596 utitpre
581 4518 778 4599 abrumpitur
793 4533 827 4578 ae
847 4517 1022 4579 dissolvitur
1042 4533 1132 4578 omne
1156 4513 1328 4578 dominium
1354 4545 1356 4552 ·

238 4621 320 4700 quod
333 4619 473 4684 wlitario
489 4617 535 4679 illi
555 4619 673 4681 homini
686 4623 875 4699 competeret.
893 4619 941 4690 dt,
958 4619 984 4679 si
998 4619 1192 4680 demortuum
1214 4617 1328 4678 indivi-

239 4718 333 4784 duum
346 4724 381 4786 in
397 4725 481 4784 certa
492 4718 625 4800 quadam
642 4719 773 4791 familia,
796 4724 941 4799 tanquam
962 4720 1102 4782 naturale
1125 4719 1209 4780 illius
1226 4733 1328 4778 mem·

241 4820 341 4901 bum,
355 4829 435 4900 erat,
452 4821 596 4900 quoniam
610 4827 715 4883 catera
729 4820 867 4899 ejusdem
888 4819 1012 4882 familie
1026 4819 1161 4882 membra
1172 4819 1225 4896 jus
1239 4815 1328 4876 habe·
