3559 5675
482 713 543 780 250
648 797 652 803 Ι
890 731 971 780 suste
991 729 1154 778 nsrussuts

484 833 684 901 immutabilis
698 837 828 917 postulet
839 843 957 900 nonest
966 836 1117 914 obluctans
1132 833 1212 913 quod
1232 833 1270 896 ab
1285 835 1448 900 euemritate
1461 833 1525 896 ordi·

483 945 576 1003 usum
588 937 727 1000 murias·
739 939 842 1018 possit,
857 939 909 1000 sed
921 938 1019 1000 solum
1032 936 1070 998 sb
1083 935 1189 996 eedem
1206 933 1455 1014 potestdcclsturi.
1477 937 1527 996 lies

482 1043 585 1102 sutem
596 1039 710 1113 omnis,
721 1036 942 1116 connaturalis
949 1035 1075 1113 justitie
1083 1033 1157 1096 ordo
1167 1035 1199 1094 in
1208 1034 1342 1094 molente
1353 1035 1528 1094 continendi

483 1137 624 1215 postulat,
640 1137 732 1217 legem
746 1137 894 1198 societatis
905 1136 1033 1216 politicae
1045 1131 1295 1213 sementariciam
1307 1133 1490 1211 appellamus.

524 1237 563 1298 tt
580 1253 651 1301 sero
671 1236 828 1300 declaretis
835 1239 901 1313 iam
916 1241 1006 1314 atque
1029 1235 1062 1294 in
1076 1239 1141 1294 tuto
1154 1233 1259 1312 positia
1283 1231 1529 1294 fundamentalibus

484 1332 568 1396 bisce
577 1335 773 1399 relationibus
795 1334 873 1398 laeto
898 1333 1060 1414 productis,
1079 1347 1220 1410 perquer
1234 1337 1319 1392 certe
1333 1331 1461 1408 quedam
1480 1345 1530 1408 per·

484 1448 565 1496 aona
577 1435 761 1514 relpbysicc
772 1435 957 1498 velmorsles
968 1433 1106 1494 banoaut
1116 1431 1202 1490 illam
1214 1431 1365 1510 politicum
1373 1437 1529 1509 pomnen.

485 1529 543 1595 ltoc
555 1539 609 1592 sut
622 1533 698 1596 illud
714 1534 898 1598 territorium
910 1529 1074 1612 possident,
1083 1535 1177 1608 potest
1192 1543 1264 1588 sane
1282 1529 1531 1590 auctoritasmusti·

485 1631 762 1696 tubrasccietatem
772 1647 951 1712 componere
961 1631 1018 1692 snb
1034 1631 1122 1692 certis
1135 1629 1240 1690 turmis
1254 1628 1377 1690 eliberru
1387 1645 1438 1688 sue
1449 1627 1531 1688 sciun-

486 1733 548 1792 iste
567 1731 815 1798 determinandis.
830 1733 897 1794 lem
911 1732 942 1792 in
955 1730 1002 1794 bis
1015 1729 1121 1790 lenuis
1137 1727 1367 1798 consumendis,
1379 1728 1431 1787 etsi
1446 1741 1475 1786 aa
1485 1725 1534 1784 ursl-

488 1829 675 1892 listeneatur
688 1831 818 1892 vinculis
835 1831 905 1892 iacti
917 1829 1048 1908 alicujus
1066 1827 1238 1904 obligantis,
1259 1827 1349 1888 dabat
1362 1833 1455 1888 umen
1469 1827 1534 1886 unirc

491 1935 624 2006 spectare
645 1930 684 1995 ad
704 1932 851 1993 usinum
873 1937 903 1992 ct
923 1927 1084 1992 ellimolsm
1098 1927 1214 2005 corpori
1228 1926 1344 2000 sociali,
1358 1941 1446 2003 qnam
1463 1923 1535 1984 russi·

490 2043 573 2088 mam
585 2035 690 2108 potest,
703 2032 905 2105 tribuendam,
913 2030 1039 2106 stdirigi
1048 2043 1168 2108 semper
1178 2027 1327 2088 abeundo
1337 2023 1533 2106 illoprinsipic:

492 2122 594 2206 Effice
611 2137 644 2190 ut
660 2129 782 2193 seem
795 2138 868 2208 opta
878 2129 919 2192 sit
930 2127 972 2190 orl
984 2129 1090 2190 bonum
1103 2125 1228 2186 ciuicam
1238 2123 1464 2204 procusmrdsm.

483 2309 486 2314 Ι
536 2227 623 2288 1033.
636 2229 704 2290 l’oe.
718 2231 802 2292 506⁴.
818 2261 841 2272 -
862 2230 937 2301 Qun
951 2228 984 2292 itt
999 2225 1307 2304 primitiueeocictatis
1324 2224 1444 2304 politiore
1453 2219 1534 2282 cointi-

495 2323 920 2391 tutionenonlueruutmodu
935 2323 1120 2386 irrarucrbili
1144 2323 1270 2392 derren.
1294 2321 1536 2402 possuntobron·

495 2437 588 2487 mune
601 2423 716 2486 bonuau
727 2425 868 2503 deinceps
875 2427 992 2494 ‚moturi
1005 2443 1012 2484 :
1029 2430 1059 2486 at
1070 2439 1138 2500 que
1146 2425 1218 2500 iura
1231 2423 1351 2502 politica
1363 2423 1477 2482 luerunt
1487 2407 1537 2476 irre

495 2522 878 2600 immitissimorum
897 2525 963 2586 aitte
988 2525 1117 2601 paruum
1135 2537 1284 2584 comensu
1305 2521 1417 2581 moturi
1436 2515 1538 2594 amplius·

496 2635 557 2680 nun
575 2628 709 2699 possunt.

536 2721 629 2784 Pron.
652 2753 690 2770 -
703 2723 816 2795 Quouis
837 2723 914 2785 iacto
927 2729 1053 2801 possiunt
1073 2725 1144 2798 jura
1161 2721 1299 2798 quedam
1323 2719 1423 2798 gigui;
1445 2721 1471 2778 et
1483 2715 1540 2791 juris

496 2819 566 2883 inde
578 2820 752 2899 prodeuntis
765 2829 873 2887 natura
884 2823 925 2885 eb
944 2827 1011 2902 ejus
1024 2823 1092 2887 lecti
1114 2829 1223 2883 natura
1236 2821 1347 2904 pendet
1359 2819 1450 2899 (356).
1463 2817 1540 2891 ludit

492 2921 564 2995 jnra
577 2938 645 3000 qnae
659 2940 695 2984 ex
717 2926 793 2986 lacto
815 2926 997 2986 irrevocabili
1018 2932 1104 2985 enata
1117 2930 1199 2997 suunt,
1215 2931 1244 2983 et
1257 2925 1322 3002 ipse
1336 2928 1408 2983 sunt
1426 2924 1540 2981 innon·

496 3016 678 3100 biticlnrgo
699 3024 1080 3103 lormsqueiibetpclitiua
1101 3038 1193 3101 quarn
1215 3024 1375 3083 sucwritas
1390 3020 1541 3083 substituens

496 3120 572 3183 stilti
584 3136 646 3192 ⁰⁰¹1
656 3124 841 3189 irrevocabili
856 3124 1019 3199 inumeris,
1033 3129 1128 3203 potest
1138 3124 1246 3201 utique
1265 3121 1304 3182 ab
1317 3119 1419 3183 eadem
1431 3128 1541 3195 supremo

497 3223 672 3290 auctoritate
686 3224 808 3295 mutari.
825 3240 888 3286 non
902 3224 1025 3309 quidem
1039 3222 1207 3297 arbitraris,
1222 3222 1299 3283 siunt
1311 3236 1351 3282 ne
1364 3222 1486 3300 primum
1495 3212 1541 3289 otti·

497 3317 568 3381 (lem
587 3321 685 3401 potuit
705 3322 860 3387 arbitreris
883 3324 1035 3395 constitui.
1060 3320 1109 3383 sed
1136 3318 1412 3398 msrnripouritad
1434 3324 1542 3377 norruun

497 3419 639 3497 principii
648 3420 797 3507 ubstmcti,
808 3424 924 3486 &aare
937 3420 1046 3485 sociule
1060 3420 1166 3481 lecito:
1180 3418 1254 3496 quia
1263 3432 1405 3496 suprema
1416 3410 1544 3475 audentes

499 3517 587 3579 nullo
602 3534 659 3581 suo
672 3519 750 3584 isoio
762 3520 945 3585 irrevocabili
959 3528 1030 3583 tuno
1042 3518 1254 3595 adstringitur.
1270 3518 1307 3578 st
1317 3530 1397 3591 rere,
1413 3506 1544 3575 usumi-

500 3621 547 3679 tes
559 3614 721 3684 ordinatrix
739 3622 896 3699 memisse,
905 3618 1117 3699 jurajuranda,
1126 3624 1277 3679 conuecto
1287 3614 1433 3679 bilatcrsli
1446 3616 1493 3671 sut
1502 3604 1544 3666 ulio

500 3716 594 3781 simili
606 3716 696 3794 lacte,
704 3722 776 3795 juro
784 3720 927 3798 *quedam
945 3720 1140 3791 concesserit,
1154 3716 1298 3794 gannim
1311 3716 1389 3777 lacta
1402 3698 1544 3788 butmnott

500 3826 572 3879 sunt
586 3834 638 3897 per
651 3836 684 3881 se
694 3820 918 3898 irremeabilis,
944 3836 1112 3901 nunquam·
1126 3816 1229 3879 licebit
1253 3816 1319 3880 sine
1340 3814 1461 3875 alteriue
1478 3796 1544 3884 pttlt't

500 3932 648 3981 muscosa
663 3936 800 3983 resonare
809 3919 965 3995 castogae,
979 3918 1091 3995 quibus
1104 3922 1184 3979 cartu
1195 3912 1328 3993 quodam
1341 3904 1545 3988 nrcdnpolititts

500 4018 693 4093 organismos
706 4036 740 4083 sc
753 4020 936 4083 territorium
949 4018 1057 4081 sociale
1074 4016 1270 4079 determinata
1283 4020 1365 4075 suni.
1381 4014 1466 4089 Ergo,
1478 4012 1522 4065 etc.

541 4116 632 4184 1034.
644 4118 773 4182 (ierom
789 4119 819 4183 l.
840 4150 881 4167 -
905 4118 1055 4199 Principia
1081 4117 1177 4181 tribus
1202 4116 1361 4195 postremis
1378 4104 1545 4193 positionibus

502 4224 611 4281 statuta
636 4218 778 4299 plurimis
802 4221 900 4297 iisque
921 4220 1107 4297 gravissimis
1130 4215 1346 4294 questionibus
1364 4210 1484 4293 politicis
1504 4214 1545 4261 Ποῦ

503 4315 657 4380 difficilem
677 4320 858 4385 soluboncm
872 4319 1072 4398 suppeditant.
1088 4318 1207 4379 Licetne
1217 4314 1345 4395 principi
1364 4300 1545 4392 partuniani·

503 4418 582 4489 ῑθῐῑὶ,
604 4420 787 4495 provinciam
811 4420 944 4498 aliquam
968 4420 1123 4483 alienaret
1144 4434 1212 4479 earn
1234 4432 1303 4477 erum
1314 4416 1375 4477 ulie
1391 4398 1546 4493 pennutsrt?

502 4518 612 4587 licetne
638 4520 734 4582 eidem
753 4538 861 4601 corpus
881 4521 1003 4599 aliquod
1028 4520 1181 4599 politicum
1206 4516 1396 4595 extingueret
1409 4506 1546 4581 illiuslun

503 4620 534 4681 in
547 4620 639 4685 etiam
655 4640 812 4702 pomonam
827 4624 1006 4687 tmaslerret
1020 4626 1086 4702 ejus
1099 4620 1248 4685 internam
1258 4616 1487 4681 constitutionem
1499 4616 1547 4667 nt

504 4724 584 4789 tirel
597 4712 652 4790 etc'.
667 4725 734 4788 tiec
745 4731 776 4785 et
788 4717 939 4805 eiusmodi
952 4724 1211 4807 alisproblemats
1219 4720 1353 4801 gancrffl
1363 4718 1418 4781 bot
1429 4704 1546 4798 prisona
