3559 5675
598 758 709 818 susus,
731 775 770 791 -
791 757 874 815 unsa
894 756 1042 806 seruum.
1315 742 1354 807 ii

304 866 493 943 aggresus
507 870 611 929 autem
635 872 680 927 est
696 866 802 943 utique
820 868 874 943 jus
895 880 1056 928 oommuuo
1068 862 1106 925 ad
1120 864 1270 944 propriam
1283 882 1353 927 suu·

264 966 490 1042 mationem,
504 964 559 1027 red
577 966 705 1027 minime
723 968 778 1043 J'us
796 970 841 1026 est
863 964 900 1025 ad
914 965 978 1025 vim
994 964 1149 1027 adversam
1166 980 1236 1025 oum
1250 966 1353 1026 adver-

264 1065 341 1126 sarii
366 1071 472 1125 morte
493 1072 548 1127 aut
567 1067 650 1142 gravi
672 1065 795 1127 lusione
814 1062 1032 1145 prohibendam
1048 1066 1131 1143 (pos.
1153 1064 1251 1143 361⁸).
1278 1067 1352 1125 Nam

264 1164 426 1239 eggressio
433 1162 542 1224 ordini
554 1165 704 1226 eontraria
721 1164 809 1227 nullo
822 1169 906 1242 pacto
926 1168 1022 1242 potest
1035 1163 1066 1223 in
1081 1178 1253 1241 aggressore
1266 1180 1352 1243 speo-

265 1265 323 1323 tmi
337 1270 378 1325 ut
391 1264 508 1327 tituiua
527 1265 623 1341 J'oris,
635 1264 715 1343 qood
730 1271 776 1327 est
791 1264 920 1327 facultas
932 1282 951 1325 s
965 1266 1078 1326 ratione
1090 1270 1182 1343 etque
1195 1266 1233 1325 ab
1247 1264 1356 1349 ordine

262 1366 455 1443 proveniens
471 1365 570 1441 (355).
594 1366 673 1443 Ergo
684 1369 737 1443 jus
750 1365 932 1443 oppressoris
948 1381 1016 1425 meo
1029 1367 1098 1442 jure
1120 1365 1246 1427 inferius
1258 1372 1313 1427 est.

302 1468 338 1525 2·
349 1466 524 1543 aggressor
536 1466 614 1526 iiber
620 1466 745 1527 omnino
757 1472 802 1527 est
814 1476 849 1527 nt
859 1482 898 1527 ne
913 1465 1080 1546 perieulum
1093 1464 1172 1525 illud
1181 1467 1286 1527 mortis
1300 1466 1350 1527 sd·

263 1571 323 1635 eat,
338 1571 439 1643 atque
448 1564 610 1627 nita-oseae
620 1566 667 1626 iiii
677 1566 790 1645 objicit.
802 1568 842 1628 st
853 1582 910 1643 ego
919 1580 936 1627 e
945 1564 1091 1627 centrario
1102 1565 1216 1625 invitus
1226 1566 1259 1626 in
1272 1566 1349 1629 iilud

264 1666 445 1745 perieulum
469 1682 507 1727 ex
527 1667 703 1728 necessitato
725 1666 828 1728 incidi.
857 1666 949 1744 Atqui
971 1664 1052 1744 quod
1080 1666 1281 1737 necessarium
1304 1674 1349 1728 est

265 1765 364 1828 multo
382 1766 490 1843 magis
509 1764 707 1827 adordinem
723 1767 852 1846 pertinet
870 1782 963 1844 quem
985 1764 1066 1844 quod
1080 1770 1126 1826 est
1146 1765 1277 1828 liberum
1297 1784 1305 1829 ε
1323 1768 1349 1826 si
1397 1778 1405 1793 ·

267 1866 350 1927 enim
372 1866 437 1927 hoe
454 1865 586 1927 aterum
606 1865 644 1927 ad
665 1865 802 1929 ordinem
822 1867 952 1928 omnino·
968 1871 1127 1945 oporteret,
1155 1865 1348 1927 necessarium

271 1973 357 2028 esset.
370 1969 455 2044 Ergo
470 1966 520 2027 ter
532 1966 649 2028 ordinis
661 1970 807 2045 majorem
820 1968 881 2028 vim
895 1966 1008 2029 oontert
1018 1968 1082 2044 juri
1092 1984 1171 2043 meo,
1186 1982 1283 2045 quam
1287 1965 1348 2048 juri

273 2068 470 2144 rggremoeis.
495 2070 574 2144 Ergo
592 2070 646 2145 jus
668 2068 851 2145 aggressoris
863 2066 986 2129 nullum
998 2068 1138 2129 estinan
1151 2082 1239 2145 easn3
1257 2074 1287 2129 et
1299 2074 1348 2127 me

274 2166 379 2229 ledere
393 2166 450 2228 iiie
462 2165 503 2227 ad
522 2183 611 2228 suam
624 2168 718 2229 sitam
731 2167 875 2231 tuendam
895 2183 957 2229 nou
974 2166 1061 2229 aliter
1073 2182 1166 2245 quem
1188 2172 1289 2229 eontra
1301 2184 1349 2229 ra·

276 2268 389 2333 tionem
395 2274 493 2346 atque
504 2267 642 2329 ordinem
655 2272 763 2347 potest.
779 2268 869 2344 Ergo,
883 2273 940 2329 eto.

318 2366 385 2428 'tid
397 2368 535 2429 Οοιοιι.
555 2371 638 2427 1.···-
650 2365 965 2445 Quoniemiiiaoujns
977 2367 1191 2445 viumiojusra
1201 2370 1350 2446 aggressio

285 2465 404 2545 impetit,
424 2466 518 2528 nabet
526 2468 579 2543 jus
596 2467 630 2526 in
642 2466 736 2528 vitam
749 2466 943 2544 aggressuris,
958 2464 1055 2527 muto
1073 2466 1170 2544 magis
1188 2467 1239 2529 ilie
1259 2466 1350 2528 habet

275 2568 326 2643 jns
340 2568 379 2628 ad
395 2568 502 2629 omnia
519 2583 588 2645 qua>
599 2567 657 2628 sibi
669 2568 720 2629 rei
731 2568 768 2629 ad
782 2584 814 2628 se
826 2567 1060 2641 defendendum,
1076 2567 1123 2630 sel
1138 2568 1173 2630 ad
1197 2584 1350 2647 aggresso·

277 2666 596 2746 remimpugnandum
609 2666 749 2746 modesso
762 2673 898 2746 possunt.
915 2668 992 2729 ilino
1007 2685 1077 2730 vero
1091 2670 1224 2748 primum
1238 2670 1347 2731 enssoi·

276 2772 462 2846 turgeu-men
473 2768 592 2847 jurium
605 2766 883 2830 internetionalium
890 2768 1088 2849 occupationes
1099 2771 1131 2829 iu
1145 2770 1224 2831 bona
1235 2772 1304 2832 etin
1315 2771 1349 2830 li·

275 2866 422 2929 bertatem
435 2867 619 2944 aggressoris
632 2866 754 2954 deriot13
767 2867 804 2928 de
814 2868 926 2945 quibus
936 2869 1057 2946 juribus
1066 2870 1191 2930 inferius
1200 2870 1345 2932 disemus.

311 2969 449 3030 Coum.
470 2971 501 3028 d.
520 2997 563 3014 -·
575 2967 630 3028 ius
649 2966 833 3028 deieusiouis
856 2969 1033 3029 etiamnum
1051 2971 1233 3044 aggressuris
1254 2975 1350 3030 morte

275 3073 407 3129 tommo
424 3069 565 3147 presenti
583 3061 758 3130 nmmuute
777 3067 884 3144 oritur,
908 3083 963 3129 nee
983 3067 1020 3127 ad
1039 3065 1120 3127 atiud
1136 3081 1228 3144 quam
1243 3069 1280 3128 ad
1294 3069 1350 3129 ho-

273 3168 369 3229 minis
400 3169 519 3232 innoxii
551 3170 645 3229 vitam
673 3166 910 3230 oonmrvandam
937 3171 1061 3246 spectat
1092 3169 1169 3245 Ergo
1192 3169 1293 3229 stetim
1316 3185 1351 3230 ao

274 3269 440 3330 amenitas
453 3268 508 3329 ilia
520 3282 626 3345 urgere
637 3268 758 3345 desinit,
767 3270 951 3346 jnsqnoqne
963 3265 1040 3328 iliud
1051 3267 1233 3330 defensionis
1244 3275 1347 3330 oessat.

313 3369 363 3430 Ob
376 3367 516 3430 eamdem
529 3385 600 3430 vero
612 3367 690 3429 hane
702 3368 861 3439 rationem,
879 3367 932 3428 ubi
953 3367 1089 3429 absoluta
1106 3375 1273 3430 ooourreret
1294 3371 1350 3430 im·

277 3467 464 3549 possibilitas
476 3485 552 3530 meu
563 3468 631 3530 vita
641 3468 804 3544 servande,
819 3484 1013 3546 nequequam
1025 3469 1101 3528 mihi
1116 3469 1217 3530 iioeret
1230 3485 1351 3547 aggres-

274 3585 396 3648 sorum,
410 3577 465 3631 ant
481 3587 518 3631 er
536 3569 677 3650 pluribus
694 3569 920 3646 aggressoribus
943 3567 1088 3648 aliquem,
1104 3569 1252 3647 oecidere;
1278 3572 1351 3648 quia

277 3665 346 3728 talis
366 3669 476 3729 emisio
487 3669 615 3730 minime
627 3673 701 3729 tuno
713 3673 792 3730 esset
809 3667 944 3728 medium
958 3668 994 3728 ad
1010 3685 1108 3728 meam
1123 3669 1216 3727 vitam
1231 3685 1351 3728 servan·

277 3765 1042 3856 dam-etmeratieretuioduto,qusrprisetoeuivis
1054 3767 1170 3828 hornini
1180 3766 1283 3828 illioitu
1293 3773 1346 3828 est.

316 3867 391 3929 769.
415 3867 486 3930 Poe.
509 3867 591 3930 866⁸.
616 3897 657 3914 ··-
674 3869 855 3946 Quicunque
873 3869 913 3930 ob
940 3869 1083 3944 injustam
1105 3867 1228 3928 ulterius
1249 3883 1351 3945 agres-

277 3967 397 4027 sionem
410 3966 445 4026 in
455 3967 523 4027 vitra
540 3965 710 4046 perieulum
721 3967 813 4042 venit,
836 3965 927 4026 habet
942 3968 994 4044 jus
1010 3965 1048 4026 ad
1061 3965 1195 4026 subsidia
1213 3967 1350 4027 omnium

276 4065 331 4146 qni
341 4066 542 4127 mariam
554 4065 654 4127 eidem
664 4081 751 4146 opem
761 4063 867 4128 suerro
880 4071 1016 4144 possitne.

317 4169 413 4228 Paos.
425 4199 465 4226 .-
479 4165 615 4240 Quiiibet
624 4165 718 4228 homo
727 4165 925 4244 adstringitur
934 4165 1216 4245 officiooooporsudi
1231 4165 1268 4228 ad
1280 4167 1353 4228 alie·
1464 4135 1469 4143 Ι

279 4283 355 4328 num
371 4265 489 4328 honum
508 4265 643 4343 adeoque
656 4267 821 4345 prasertim
835 4267 873 4328 ad
895 4271 962 4346 ejus
984 4267 1237 4329 oonservationem
1254 4265 1349 4346 (rtet

279 4367 465 4444 mgoemris
477 4365 598 4428 homini
613 4367 799 4445 reeiproeum
818 4369 925 4442 jusest
945 4366 1079 4428 subsidia
1100 4369 1265 4429 necessaris
1278 4367 1352 4428 obti-

278 4466 369 4528 nendi
380 4465 421 4527 ab
431 4466 502 4528 aiiis
514 4463 700 4544 hominibus,
712 4466 766 4543 qui
775 4463 880 4526 afferre
893 4465 946 4526 iila
958 4467 1082 4546 possint.

318 4567 381 4627 iioe
390 4572 492 4627 sutem
504 4566 558 4641 Jus
572 4581 626 4643 per
638 4581 670 4625 se
685 4569 763 4625 esset
780 4580 941 4626 eommuue
961 4571 990 4626 et
1003 4565 1167 4642 aggressori
1190 4571 1218 4625 et
1239 4564 1284 4624 ilii
1296 4565 1349 4642 qui

278 4665 499 4743 aggressionem
531 4665 658 4742 patitur-1
676 4668 715 4725 tt
734 4679 890 4740 aggressor
912 4680 967 4725 suo
994 4663 1071 4726 teoto
1096 4671 1283 4740 trangressus
1307 4669 1351 4724 est

279 4763 388 4828 limites
406 4770 438 4836 et
458 4760 636 4824 nuestus
658 4767 687 4828 et
709 4760 851 4841 rueris,
873 4779 892 4824 a
914 4761 1027 4841 quibus
1047 4761 1103 4824 hoo
1117 4764 1171 4840 jus
1193 4762 1230 4828 ad
1249 4762 1350 4830 eliens
