3559 5675
564 794 673 841 souitu.
696 804 736 827 ι-
756 794 840 841 sumn
861 794 1031 843 nucerinus.
1281 780 1339 846 ti3

276 900 303 956 et
326 896 418 959 otticia
440 898 554 960 onitnte
581 915 702 979 quoquo
728 901 846 981 pontiu·
869 901 1106 963 intermorientis
1126 920 1191 966 esee
1212 911 1337 983 oportet.

315 996 398 1057 rece.
414 1000 486 1059 i‘os.
498 1001 583 1061 308¹.
594 1024 634 1047 -e
648 1002 748 1063 Ciuica
766 1002 966 1065 ethnarohicae
983 1005 1166 1065 auctoritatis
1178 1005 1255 1065 actio
1267 1005 1341 1065 iiiuc

274 1092 396 1169 primum
409 1102 540 1173 spectare
554 1097 655 1174 debet,
668 1104 705 1159 nt
721 1096 872 1159 internam
887 1101 1035 1161 unitatem
1050 1106 1080 1161 et
1090 1107 1242 1162 externam
1257 1103 1342 1163 inde-

273 1190 455 1265 penuicntiam
468 1194 599 1271 singuiis
613 1198 788 1258 nationibus
804 1199 957 1259 associatis
971 1199 1118 1275 integram
1134 1207 1297 1260 oorrsorvct.

307 1292 396 1353 Pron
410 1319 450 1338 -e
462 1296 598 1356 (inicum
609 1299 661 1373 jus
672 1303 704 1358 ct
713 1299 810 1359 civica
821 1298 985 1377 cujuslicet
999 1300 1181 1359 auctoritatis
1193 1300 1270 1360 actio
1283 1298 1340 1361 hoc

271 1390 393 1467 primum
406 1400 541 1471 spectare
561 1394 682 1472 dehent,
696 1404 731 1457 ut
742 1399 908 1475 unicnique
926 1400 1008 1459 socio
1022 1410 1079 1458 sna
1091 1399 1248 1459 existentia
1261 1400 1340 1459 ineo

269 1486 354 1549 iureis
363 1495 600 1571 serretunmmd
611 1496 740 1574 proiccto
750 1498 872 1558 evidens
887 1503 942 1558 est.
957 1500 1046 1575 Ergo,
1056 1498 1203 1575 quoniam
1222 1498 1292 1559 socii
1307 1499 1340 1558 in

267 1588 465 1652 ethnamhiam
477 1596 709 1671 conjunctisunt
718 1598 864 1665 nationes,
876 1598 968 1659 ciuica
976 1597 1062 1657 iliius
1072 1597 1204 1676 operatio
1215 1597 1272 1658 hoo
1279 1599 1341 1676 pri-

270 1701 346 1749 murn
354 1695 492 1753 omnium
501 1694 714 1773 curareriobet,
723 1698 930 1775 ntunicuique
939 1698 1097 1759 nationum
1104 1698 1340 1759 consociaturum

267 1791 482 1852 suraexistentia
493 1799 628 1854 serretur
643 1796 762 1856 intarta.
777 1796 869 1873 Atqui
879 1797 1201 1874 existentiaeujusque
1211 1797 1340 1857 nationis

269 1886 376 1951 duobus
389 1892 553 1953 manifesto
574 1895 758 1969 continetur,
780 1897 897 1957 interna
916 1898 1047 1971 unitate,
1060 1902 1185 1957 ermina
1197 1894 1341 1974 indepen-

268 1984 368 2050 dentia.
381 1994 549 2053 Eristentis
562 2010 694 2071 namquo
704 1996 838 2071 cujusvis
852 1996 929 2057 entis
940 2003 989 2056 cst
999 1998 1175 2074 spumeus,
1186 2012 1248 2072 qno
1262 1994 1339 2055 iilud

268 2089 463 2165 constituitur,
478 2091 634 2154 socratitas
651 2114 658 2152 :
677 2099 707 2153 at
721 2092 804 2155 natio
822 2100 866 2155 est
880 2100 1002 2155 motetus
1015 2092 1213 2176 intimetur
1225 2094 1339 2171 (1137).

269 2190 345 2265 Ergo,
360 2198 415 2252 etc.
543 2222 548 2229 »

306 2291 385 2352 1233.
404 2292 477 2354 Pon.
497 2295 581 2355 6092
605 2327 643 2338 -
657 2294 848 2355 Auctoritatis
869 2294 1070 2358 ethnarohicso
1087 2298 1139 2372 jus
1152 2300 1182 2355 ot
1204 2293 1340 2356 officium

267 2395 314 2457 est,
332 2393 473 2467 querelas
486 2395 655 2475 principum
668 2401 772 2455 contra
784 2410 857 2454 suos
870 2396 1019 2471 cujusquo
1029 2392 1178 2467 subditos,
1194 2398 1226 2453 et
1239 2392 1343 2454 subdi-

269 2490 354 2547 torunr
370 2494 484 2551 contra'
505 2508 596 2553 suum
621 2493 863 2569 uniuscujusque
876 2493 1008 2553 nunonis
1029 2491 1199 2569 principem
1222 2506 1345 2567 cognos-

267 2598 370 2649 oereac
376 2590 528 2667 judicare.

301 2686 387 2747 isos·
403 2712 442 2733 ι-
459 2689 649 2749 Auctoritatis
663 2688 861 2749 ethnarcttinn
870 2689 925 2763 jus
936 2693 970 2747 et
984 2686 1121 2749 officium
1130 2691 1179 2747 ost
1188 2687 1342 2747 internam

267 2780 448 2862 singularum
474 2789 632 2848 nationum
646 2788 883 2848 consociaturum
900 2787 1053 2848 unitatem>
1073 2787 1152 2846 trrori
1173 2790 1205 2847 et
1221 2800 1340 2849 muser-

266 2893 337 2960 rara,
355 2891 388 2944 ut
406 2899 507 2963 nuper
520 2885 719 2947 ostendimus.
741 2885 832 2961 Atqui
856 2885 976 2944 interna
989 2885 1231 2960 uniuscujusque
1242 2884 1338 2944 natio

266 2979 307 3040 nis
323 2985 420 3044 nnitse
437 2985 574 3045 consistit
594 2986 625 3045 in
639 2992 719 3045 recta
737 2983 868 3044 d'uanum
882 2997 1079 3060 personarum
1091 2980 1250 3042 wciaiium
1262 2997 1338 3042 con-

264 3077 427 3154 junotione;
447 3097 515 3158 que
529 3089 609 3143 recta
621 3081 792 3156 conjunctio
803 3079 913 3158 pendat
924 3079 1050 3140 omnino
1068 3085 1099 3139 et
1111 3097 1129 3138 a
1141 3081 1222 3155 justa
1235 3085 1336 3140 aucto

266 3175 351 3239 uitatis
374 3181 607 3258 guthematione,
631 3189 662 3243 et
684 3199 704 3242 a
728 3181 917 3242 subditorum
936 3179 1117 3253 obedientia,
1139 3187 1169 3240 et
1191 3197 1210 3239 a
1228 3184 1337 3241 mutuo

265 3277 420 3358 punctpem
435 3280 517 3342 inter
535 3293 571 3342 ¹ac
584 3280 719 3342 subditos
740 3295 842 3342 amore
856 3280 939 3356 (486,
956 3279 1041 3357 487).
1063 3280 1142 3355 Ergo
1154 3277 1336 3338 ethnarottiae

263 3374 355 3447 juset
376 3379 511 3440 officinm
533 3387 659 3442 estnon
680 3381 780 3440 solum
802 3377 930 3458 populos
943 3380 973 3439 ni
992 3378 1155 3453 continere,
1172 3376 1225 3437 seri
1244 3377 1335 3438 ctiam
1437 3382 1439 3386 '

266 3477 339 3536 omni
355 3479 455 3540 studio
469 3495 575 3542 curam
590 3487 624 3540 ut
636 3481 739 3559 populi
749 3483 862 3557 justos
881 3495 938 3540 suo
949 3478 1064 3555 quique
1076 3476 1211 3557 principe
1222 3477 1335 3553 guber-

266 3580 375 3636 nentur.
401 3579 493 3654 utqui
516 3580 615 3639 neutri
634 3578 706 3639 huie
723 3577 823 3639 officio
836 3577 1005 3640 satisfacere
1018 3577 1209 3640 ottrnarchioa
1230 3582 1332 3636 sucto-

265 3673 327 3734 ritas
341 3685 447 3756 potest,
467 3679 524 3739 nisi
535 3679 675 3756 quercias
685 3681 854 3758 principum
864 3685 967 3740 contra
981 3677 1127 3747 subditos,
1139 3677 1332 3737 subditorum

264 3783 357 3838 contra
370 3781 538 3859 principem
547 3781 685 3860 excipiat.
703 3783 791 3856 Ergo.
806 3787 862 3840 etc.

302 3881 385 3940 snm.
402 3885 538 3944 (totone.
556 3883 583 3941 i.
600 3912 630 3928 ⁴-
643 3883 827 3960 Longissirne
842 3881 935 3956 igitur
948 3897 968 3940 a
979 3881 1104 3940 veritate
1115 3880 1257 3939 coenant
1268 3881 1333 3957 qui,

265 3979 480 4042 murhiaveilica
500 3981 639 4058 dogmata
653 3989 811 4057 sectantes,
827 3981 999 4060 principum
1019 3980 1189 4038 coeuntem
1202 3981 1334 4055 quamti-

265 4072 307 4134 tut
328 4083 502 4141 exstimant
523 4097 588 4142 osso
606 4083 693 4159 qurasi
708 4096 806 4141 arcein
821 4080 984 4157 uuammur
1006 4078 1256 4150 munitissimam,
1271 4096 1333 4153 qua

265 4173 379 4238 istonnn
394 4181 529 4255 tyrannis
542 4181 763 4257 qualiscunque
782 4185 812 4240 et
823 4184 1059 4256 quantacunque
1082 4177 1225 4236 uuiversum
1239 4193 1331 4252 popu·

266 4271 356 4336 lorum
377 4281 459 4355 juste
480 4281 676 4340 renitentium
699 4287 821 4340 conatus
846 4280 921 4338 tueri
944 4294 1009 4336 sese
1031 4278 1108 4336 ticite
1133 4276 1235 4351 possit.
1258 4275 1331 4331 iera

265 4387 389 4453 namqne
410 4377 543 4458 politico
557 4382 690 4442 numana
709 4381 847 4454 scientia,
863 4380 1008 4439 uimirnru
1030 4379 1084 4436 itit
1102 4393 1170 4452 qum
1184 4379 1289 4434 tlrcuto
1307 4373 1332 4431 is

264 4475 398 4548 consitiis,
412 4480 446 4540 in
460 4481 580 4560 populis
594 4481 631 4540 ad
646 4481 735 4539 ilium
749 4495 801 4556 per
812 4479 929 4540 ordinis
936 4495 998 4538 ruas
1009 4475 1219 4555 perducendis,
1229 4490 1334 4551 eoopc-

266 4579 536 4653 unumunurn
554 4582 725 4658 principum
748 4579 979 4640 associationem
995 4593 1057 4637 uon
1079 4577 1167 4635 atiter
1188 4591 1282 4650 quam
1300 4579 1334 4632 ut

265 4676 461 4750 magistratum
473 4680 636 4756 utrcmdam
651 4679 887 4750 nobilissimum,
903 4677 939 4736 cd
956 4677 1093 4736 membra
1110 4675 1246 4752 singuta,
1261 4674 1333 4750 qni-

266 4767 315 4832 bus
338 4774 388 4836 iiie
408 4779 607 4858 componitur,
624 4793 684 4840 non
707 4781 810 4838 minus
834 4790 927 4855 quem
951 4778 1088 4837 crationes
1111 4776 1329 4851 insubjectus,
