3559 5675
556 712 663 759 suunt.
689 730 727 745 -·
748 712 833 759 nonu
854 710 1027 758 muscarum.
1203 714 1207 719 ·
1274 690 1334 755 3'i'i

286 820 346 881 liiot
355 833 399 879 ros
413 816 468 878 sub
481 833 585 879 rorum
597 818 765 879 dominium
778 818 883 880 cadero
902 823 1029 898 possunt
1044 830 1052 876 t
1068 831 1139 894 crgo
1162 814 1215 876 alti
1229 813 1336 891 maris,

285 934 367 997 porse
390 916 559 979 infructiicri
581 919 746 996 nauigatio,
771 924 868 998 potost
889 918 1061 999 particulari
1084 917 1213 995 aliquus
1238 915 1336 993 gentis

284 1016 400 1079 dominio
414 1016 574 1079 obnoxium
587 1035 663 1080 osso.
678 1017 776 1080 Simili
787 1035 897 1097 nempe
906 1024 1083 1097 argumento
1097 1016 1236 1095 quisquis
1250 1016 1336 1077 alteri

283 1124 361 1197 poton
370 1116 414 1178 roi
426 1119 585 1197 positivum
603 1118 818 1181 detrimontum
842 1116 965 1196 afferro,
984 1118 1099 1179 malum
1115 1115 1272 1197 patrando,
1287 1116 1335 1179 vol

282 1218 447 1293 negativum,
460 1217 539 1279 bono
550 1218 653 1296 aliquio
663 1219 793 1294 sublato,
804 1221 858 1295 J'us
870 1218 994 1280 haberet
1005 1216 1149 1279 mercedis
1161 1233 1214 1279 sou
1230 1215 1334 1278 tributi

281 1316 311 1375 ab
322 1316 369 1377 iilo
380 1318 528 1395 oxigonii,
551 1319 752 1381 nodamnum
771 1316 846 1381 iiiuc
869 1318 995 1397 accipiat
1010 1338 1017 1376 :
1033 1316 1114 1397 quod
1136 1316 1266 1397 profecto
1288 1320 1334 1375 ost

279 1432 369 1477 rorum
377 1415 553 1479 heneficium
568 1420 734 1481 latronum.

310 1516 498 1588 Quamobrem
518 1535 589 1579 rora
613 1520 762 1597 vectigalis
785 1518 959 1601 imponendi
982 1536 1072 1581 causa
1092 1523 1136 1581 ost
1157 1518 1271 1591 bonum
1287 1534 1334 1581 so·

277 1614 352 1691 ciaio;
364 1632 429 1693 quo
441 1632 534 1678 causa
550 1620 617 1694 jam
630 1621 832 1699 prasupponit
843 1621 1008 1699 imponenti
1023 1637 1089 1682 csso
1109 1619 1264 1700 politicum
1279 1617 1334 1679 tio-

276 1716 389 1776 minium
410 1718 442 1778 in
455 1734 508 1779 cas
530 1734 590 1790 ros,
606 1718 645 1781 ob
666 1736 799 1798 quarum
822 1738 915 1790 usum
938 1720 1063 1799 vectigal
1080 1720 1257 1801 imponitur.
1273 1720 1335 1781 Hoc

275 1823 360 1877 autom
369 1817 525 1895 politicum
534 1817 704 1881 dominium
713 1827 743 1881 ct
750 1824 929 1902 proprietas,
941 1823 997 1883 uni
1009 1820 1100 1883 alicui
1110 1820 1240 1883 societati
1252 1834 1334 1881 com·

274 1924 372 1995 potans,
392 1920 536 1999 supponit
563 1936 756 1999 ncquaquam
769 1923 835 1985 ossi
852 1914 1007 1985 moralitai
1031 1920 1214 1996 conuenienti,
1236 1924 1271 1979 ut
1284 1934 1335 1979 rc·

273 2033 331 2077 rum
342 2017 464 2079 illamm
485 2036 560 2081 usus
579 2036 650 2081 oum
663 2020 739 2081 aliis
764 2023 904 2100 gentibus
917 2023 955 2084 ab
972 2022 1026 2084 illo
1040 2021 1151 2103 populo
1165 2017 1334 2083 communi-

272 2120 342 2175 octur
355 2131 363 2175 τ
376 2122 469 2195 atquo
489 2134 526 2179 ox
549 2119 607 2181 hac
627 2123 849 2183 communionis
873 2122 982 2183 morali
1005 2117 1254 2197 inconvenientia,
1282 2133 1334 2197 por

270 2216 401 2279 rationom
418 2219 637 2298 oppositorum,
647 2221 848 2283 conveniontio
862 2222 1021 2285 exclusivo
1037 2220 1244 2301 possessionis,
1259 2216 1335 2278 idest

270 2312 396 2377 honntas
415 2317 548 2379 dominii
566 2320 660 2398 (775).
674 2326 780 2400 sponte
791 2337 846 2383 sua
859 2320 1004 2381 dimanat.

301 2408 400 2493 tuimu'
411 2418 656 2497 quotuscunque
670 2419 823 2499 ejusmodi
837 2418 1069 2482 inconvenientia
1082 2418 1168 2480 uuila
1188 2422 1243 2491 ost,
1263 2414 1336 2491 quia

267 2518 349 2589 poten
366 2532 437 2579 cum
451 2517 596 2579 omnibus
616 2519 682 2581 sino
707 2526 816 2582 mutuo
836 2520 960 2582 illorum
983 2518 1095 2583 damno
1117 2518 1232 2585 utilitas
1252 2514 1336 2577 itlius

266 2614 302 2673 roi
312 2618 542 2696 communicari,
567 2625 641 2683 tunc
658 2619 744 2681 nulia
758 2626 804 2682 ost
823 2622 911 2701 ratio,
926 2638 980 2682 cur
996 2619 1047 2682 alii
1061 2619 1099 2682 ab
1116 2617 1252 2697 ep‘usdom
1276 2630 1335 2676 usu

266 2713 474 2795 excludantur,
498 2716 629 2780 etcum
650 2718 776 2782 dominii
802 2722 895 2796 ratio,
920 2721 1025 2781 nullus
1046 2719 1152 2781 titulus
1175 2722 1229 2779 cst.
1245 2714 1335 2793 Atqui

265 2812 347 2876 num
361 2834 468 2896 maro,
489 2824 640 2896 quatorms
658 2820 821 2882 transitum
835 2820 958 2901 prabet,
984 2826 1029 2882 est
1054 2820 1170 2882 bonum
1193 2816 1336 2879 omnibus

265 2916 385 2995 intulis,
408 2917 480 2980 sinc
504 2916 569 2980 ulio
591 2920 742 2998 reciproco
767 2920 892 2982 illomm
917 2922 1047 2996 damno,
1073 2915 1334 2982 communicabile.

264 3015 333 3090 Ergo
352 3017 506 3094 injustum
529 3020 758 3099 cantaturam
782 3026 903 3097 gontcm
922 3020 976 3081 illo
996 3018 1146 3082 exclusivo
1169 3017 1275 3098 potiri3
1308 3019 1337 3076 ct

263 3115 376 3193 roctgal
389 3124 446 3178 aut
459 3116 558 3196 logum
571 3119 668 3181 ullam
679 3121 905 3184 nausountibus
918 3119 987 3182 illac
999 3120 1164 3198 imponam,
1176 3118 1222 3179 rol
1235 3123 1335 3178 actum

264 3217 507 3290 quemuisalium
529 3218 655 3299 politico
682 3221 865 3284 auctoritatis
881 3221 922 3282 ibi
946 3237 1097 3296 cxcrocrc,
1120 3223 1198 3281 essct
1220 3216 1336 3280 nomio

264 3317 351 3376 amori
364 3303 591 3381 intomationaii
610 3337 733 3399 prorsus
757 3337 941 3400 repugnans.
965 3322 1033 3382 iiam
1055 3325 1157 3382 autom
1180 3319 1284 3380 omnia
1299 3316 1336 3378 do

264 3419 336 3477 statu
355 3425 474 3480 mutua
497 3419 579 3499 pacis
603 3420 681 3485 intur
699 3437 751 3482 cos
764 3421 892 3501 populos
905 3421 1121 3502 porscvsrontis
1142 3417 1337 3496 intelligenda

262 3523 347 3578 suot:
362 3535 439 3580 nam
455 3535 525 3597 qua
538 3519 662 3584 illorum
688 3522 721 3582 in
740 3525 819 3584 statu
841 3523 944 3586 hostili
955 3527 1028 3604 jura
1049 3523 1120 3602 sint,
1141 3521 1269 3584 iniurius
1286 3521 1337 3582 in·

263 3631 427 3691 curramus.

299 3717 432 3780 socom.
459 3721 491 3780 2.
511 3749 556 3766 -
577 3720 700 3782 Tractus
719 3721 828 3800 aliquis
854 3723 948 3784 maris
973 3727 1067 3801 potest
1087 3721 1225 3801 pluribus
1246 3717 1338 3788 simul
1417 3759 1422 3770 ·

264 3817 437 3880 nationibus
463 3833 528 3880 osce
545 3820 750 3893 nccnmorius,
778 3819 951 3898 cuiusmodi
983 3825 1055 3880 sunt
1081 3820 1290 3899 ticlicspontns
1308 3823 1338 3880 ct

263 3913 431 3978 scoticum
441 3917 564 3978 troium.
580 3919 665 3979 Tunc
678 3935 748 3980 roro
760 3917 958 3996 quorundum
971 3923 1027 3994 cst,
1043 3933 1121 3981 num
1133 3917 1221 3979 licoat
1235 3919 1290 3979 uni
1302 3935 1339 3980 cx

263 4012 322 4075 illis
339 4017 515 4078 nationibus
542 4035 578 4079 oo
598 4019 674 4080 mari
691 4019 840 4081 exclusivo
849 4019 948 4097 potiri.
965 4019 1038 4092 Qun
1062 4017 1187 4096 quidem
1200 4018 1338 4095 quastio,

263 4118 291 4174 ct
302 4114 371 4178 alim
386 4115 452 4178 huc
464 4118 657 4196 pertinentes,
667 4120 784 4182 tracturi
797 4120 953 4199 perspicuo
963 4134 1024 4180 non
1034 4123 1169 4198 possunt,
1181 4117 1241 4178 nisi
1251 4122 1340 4178 anton

265 4216 438 4290 generalius
451 4216 535 4278 aliud
559 4218 715 4297 problema
737 4217 917 4298 resoluatur,
944 4218 1056 4284 scilicet
1073 4235 1140 4299 quas
1159 4219 1230 4295 jura
1251 4217 1340 4278 uaria

264 4317 401 4380 nationes
413 4317 543 4381 habeant
556 4319 595 4380 ad
615 4326 723 4381 mutua
736 4321 814 4382 iuter
829 4337 861 4382 sc
872 4321 1052 4384 commercia
1066 4316 1341 4394 transcendunt

264 4415 377 4493 quibus
389 4417 426 4480 ad
438 4417 496 4482 hoo
508 4420 610 4500 ipsum
621 4418 948 4502 officiisimpcllautuc.
