3559 5675
467 745 527 814 tta
875 766 955 813 runis
973 763 1137 813 ramnum

467 869 540 933 tttte
554 867 787 948 insimulantur3
812 873 845 934 2⁰
865 885 904 933 an
924 873 1059 953 populari
1077 869 1190 946 judicio
1206 872 1299 950 possit
1317 867 1434 949 politica
1453 867 1520 928 omni

469 971 641 1032 auctoritate
664 969 798 1048 spoliari.
826 972 961 1048 Quisque
980 969 1183 1049 ridetduplar
1204 967 1357 1049 problema
1378 967 1521 1045 quaesdone

469 1069 526 1130 hac
540 1071 683 1130 contineri
700 1091 707 1130 :
724 1071 752 1131 i.
766 1077 869 1130 utrum
881 1071 1016 1132 subditos
1030 1070 1292 1149 injustaprincipis
1299 1071 1383 1143 jussa
1393 1067 1520 1143 obligent3

469 1171 498 1230 2.
519 1175 622 1228 uuum
650 1171 788 1249 princeps
817 1171 928 1248 iniuste
951 1171 1124 1247 gubernans
1143 1171 1197 1246 jus
1220 1169 1320 1248 ipsum
1344 1167 1381 1228 ad
1402 1184 1462 1226 rem
1477 1183 1522 1244 pu·

468 1267 575 1330 blicam
589 1271 752 1346 gerendam
766 1272 894 1331 amittat.

507 1369 677 1432 Nostros!
689 1374 717 1430 2.
731 1403 768 1416 -
784 1371 985 1444 Queauonem
1006 1371 1097 1438 banc.
1119 1385 1195 1430 num
1213 1371 1353 1449 princeps
1373 1366 1483 1445 spoliari
1493 1365 1523 1424 ob

468 1469 583 1530 malum
601 1471 735 1546 regimen
749 1487 804 1531 sun
817 1471 985 1549 principatu
1010 1470 1111 1548 possit,
1125 1485 1186 1530 non
1203 1469 1239 1530 ad
1254 1465 1457 1529 monarchiam
1467 1469 1523 1523 un·

466 1573 544 1642 tum,
571 1568 622 1630 sed
645 1569 683 1628 ad
705 1568 909 1649 polyarchiam
930 1569 1097 1645 quamlibet
1121 1575 1252 1647 spectare
1271 1566 1459 1626 maniiestum
1478 1569 1520 1621 est.

467 1667 583 1728 Etenim
597 1673 627 1728 et
639 1669 754 1729 ratione
772 1673 802 1729 et
815 1669 995 1747 experientia
1016 1673 1141 1741 conset,
1160 1665 1366 1746 polyarchiam
1384 1677 1522 1743 possenou

467 1765 570 1838 minus
582 1781 674 1843 quam
690 1767 896 1827 monarchiam
912 1767 1064 1844 tyrannim
1078 1771 1131 1826 ant
1152 1768 1251 1844 inepte
1276 1763 1450 1842 gubernare.
1463 1761 1523 1821 Nam

466 1865 612 1940 tyrannis,
635 1867 746 1926 omissa
766 1865 848 1927 illius
871 1867 1064 1944 grammatica
1084 1865 1263 1942 etymologia
1283 1865 1369 1934 etri,
1389 1863 1421 1922 in
1433 1875 1462 1919 re
1474 1859 1523 1935 ipsa
1583 1856 1584 1919 ἲ

427 1989 434 2002 ·
466 1967 512 2022 est
530 1963 641 2038 injusta
655 1964 820 2025 dominatio
844 1967 876 2025 in
894 1963 1044 2044 ptrblieam
1060 1966 1241 2025 societatem.
1261 1965 1360 2023 rotet
1372 1955 1523 2021 autemdu·

467 2061 592 2121 minatio
606 2062 720 2138 injusta
741 2076 806 2124 esse
833 2063 878 2124 vel
894 2065 924 2122 iu
943 2077 1000 2122 sua
1020 2065 1148 2139 origine,
1166 2062 1212 2123 rel
1229 2063 1260 2121 iu
1275 2059 1392 2133 abusu3
1411 2056 1524 2130 adeunt

467 2157 545 2220 bine
559 2161 727 2237 tyrannidis
740 2149 852 2241 species
861 2169 943 2237 sunt,
959 2159 1299 2240 tyrannisurcrpcubnta
1309 2165 1340 2220 et
1352 2157 1524 2236 tyrannisop

462 2259 634 2337 merbate.
651 2263 741 2339 Atqui
756 2263 925 2342 polyarche
939 2269 1066 2341 possunt
1086 2271 1115 2322 et
1128 2261 1279 2340 potituram
1292 2257 1523 2325 dominationem,

465 2357 501 2418 ad
522 2375 613 2435 otram
636 2362 758 2422 nullum
776 2365 828 2441 jus
841 2361 999 2437 baberent,
1019 2379 1192 2440 usurpasse,
1209 2367 1239 2420 et
1257 2359 1377 2438 pditica
1389 2360 1522 2436 potestate
1583 2424 1584 2429 ἵ

465 2471 556 2546 dudm
577 2459 648 2533 lure
666 2459 847 2539 possideant,
871 2461 966 2520 abuti.
988 2463 1065 2538 ttrgo
1094 2461 1250 2536 tyrannica
1268 2460 1359 2518 etiam
1374 2451 1524 2534 polyarchia

466 2549 531 2617 rste
545 2565 650 2636 potest.
673 2561 749 2636 lirgo
766 2561 890 2636 questio
904 2561 957 2620 itta
971 2562 1136 2621 universim
1151 2557 1343 2639 proponenda
1358 2560 1405 2617 est
1417 2575 1425 2616 r
1438 2563 1523 2612 utum
1583 2554 1584 2607 ξ

464 2667 602 2736 persone,
627 2673 693 2734 urim
716 2659 867 2736 publicam
895 2662 1095 2721 auctoritatem
1120 2672 1291 2735 supremam
1316 2655 1455 2736 possidet,
1479 2666 1524 2708 rua

464 2761 606 2834 potestate
621 2757 783 2830 abutendo,
799 2761 851 2836 jus
861 2760 1026 2839 imperandi
1039 2759 1165 2819 amittat.

508 2860 595 2918 1001.
610 2861 678 2920 Pus.
696 2861 778 2921 493¹.
791 2890 832 2905 -
854 2864 1035 2940 Praeceptum
1045 2862 1201 2941 principis,
1218 2861 1280 2939 juri
1295 2858 1426 2919 naturali
1437 2854 1525 2914 nulla·

1583 3013 1584 3094 l

464 2964 552 3018 tenus
569 2960 762 3031 contrarium,
785 2961 836 3022 sed
859 2962 977 3039 publico
1005 2962 1083 3022 burro
1104 2960 1223 3035 inutile,
1245 2959 1383 3019 subditos
1405 2967 1523 3033 quosque

464 3056 567 3135 ratique
578 3057 616 3118 ad
632 3058 794 3137 parendum
806 3060 932 3137 obligat.

506 3156 596 3217 Prion
619 3190 659 3202 -
684 3160 865 3237 Praeceptum
898 3159 1024 3237 quodvis
1052 3158 1164 3239 duplici
1187 3156 1276 3217 modu
1299 3156 1446 3229 injustum
1470 3165 1522 3209 esse

463 3261 569 3333 potest,
591 3257 704 3318 scilic-et
729 3258 775 3317 vel
797 3260 828 3318 in
849 3261 912 3335 ipsa
936 3260 978 3320 rei
999 3264 1151 3338 praecepte
1174 3264 1290 3330 natura,
1317 3256 1366 3316 vet
1384 3256 1415 3314 in
1428 3248 1523 3312 fiuent

463 3372 554 3431 quem
567 3372 616 3416 res
627 3357 805 3435 praecipitur.
822 3360 968 3435 tumuere,
984 3360 1010 3418 si
1025 3376 1071 3419 res
1083 3362 1225 3436 praecepta
1239 3374 1292 3435 per
1303 3372 1335 3415 se
1349 3356 1415 3435 ipsa
1426 3354 1523 3428 injusti

463 3458 519 3522 est,
534 3460 647 3515 consul
660 3466 695 3517 et
708 3456 744 3517 lis
756 3476 823 3535 quae
837 3458 915 3519 libro
930 3464 961 3519 t‘·
975 3456 1035 3537 (76)
1050 3458 1194 3529 diximus,
1207 3453 1320 3515 nnllam
1331 3453 1384 3514 tali
1398 3451 1522 3530 pracepit

463 3552 673 3629 obligationem
689 3558 783 3633 gigni.
798 3556 1091 3635 obligationemque
1105 3556 1295 3617 estdebitum
1308 3554 1472 3616 secundum
1487 3564 1522 3607 ra·
1583 3623 1584 3642 Χ

465 3654 578 3713 tionem
594 3668 602 3713 τ
619 3656 698 3732 quod
712 3664 811 3718 autem
827 3659 975 3735 injustum
992 3664 1047 3731 est,
1062 3658 1167 3717 rationi
1182 3654 1365 3716 adversatur.
1386 3656 1432 3728 at,
1449 3651 1472 3710 si
1485 3662 1523 3705 res

462 3760 605 3831 precepta
630 3754 742 3833 injusta
760 3757 913 3835 judicatur
931 3758 1042 3827 sotum,
1055 3759 1129 3834 quie
1142 3755 1179 3815 ad
1191 3756 1303 3815 bourvm
1318 3754 1479 3832 publicum,
1492 3743 1522 3805 ad

461 3852 540 3928 quod
557 3870 660 3915 omnes
675 3845 854 3917 auctoritatis
869 3863 953 3917 actus
974 3862 1106 3937 spectare
1124 3855 1242 3925 debent,
1265 3870 1328 3914 uon
1345 3852 1448 3918 tendit,
1463 3854 1522 3905 tunc

462 3968 534 4013 sarie
548 3955 624 4015 ratio
637 3954 675 4016 ob
689 3972 781 4037 quarn
793 3957 982 4035 potissimum
994 3956 1159 4017 auctoritati
1173 3962 1218 4016 est
1232 3952 1409 4034 parendum,
1423 3952 1521 4019 integra

461 4058 528 4113 stat.
557 4056 724 4117 seueritas
739 4066 881 4133 'namque
906 4056 986 4135 apud
1011 4058 1181 4140 societatem
1207 4054 1377 4131 quemlibet
1401 4054 1432 4111 in
1453 4049 1522 4108 butu

461 4152 591 4213 maxime
605 4153 695 4213 fidem
711 4156 937 4231 constituisset,
952 4162 987 4216 ut
1008 4155 1158 4216 sociorum
1181 4154 1334 4214 mentibus
1350 4170 1384 4212 ac
1402 4150 1522 4212 voluitn-

461 4256 541 4315 tibus
555 4256 672 4317 unicam
695 4264 723 4317 et
743 4274 936 4318 communem
959 4258 1151 4319 directionem
1175 4258 1206 4317 in
1222 4258 1346 4317 ornicum
1362 4262 1391 4316 et
1403 4264 1521 4315 commu·

461 4372 531 4415 nem
546 4355 636 4415 linem
649 4358 797 4417 societatis
811 4357 974 4435 imprimat.
990 4358 1066 4433 Ergo
1080 4364 1188 4417 natura
1207 4356 1272 4434 ipsa
1291 4349 1520 4423 arroteritatistrcc

460 4456 640 4537 pestolatui
661 4462 775 4517 mentes
799 4458 988 4519 subditorum
1013 4458 1222 4518 dissentientes
1240 4462 1371 4516 coerceat
1390 4460 1473 4529 atquc
1490 4443 1519 4505 ed

459 4558 602 4618 unitatem
630 4556 740 4633 adiget.
761 4560 839 4635 Ergo
860 4558 974 4619 subditi
997 4557 1143 4619 dissensio
1165 4574 1181 4617 a
1208 4556 1353 4635 principis
1380 4552 1517 4633 preconio·

460 4657 574 4718 nedum
584 4653 672 4717 illum
686 4658 840 4738 speranti
854 4656 953 4719 officio
964 4658 1081 4729 liberet,
1097 4664 1143 4719 eat
1152 4658 1227 4718 ratio
1237 4655 1384 4735 precipua
1394 4652 1518 4729 obquan

461 4758 581 4821 obedire
598 4757 695 4825 debet.
