3559 5675
593 758 701 805 sonu.
725 773 758 794 ··
783 757 869 810 tino
886 757 1021 807 munus
1283 741 1343 808 tte

283 877 331 924 nor
344 865 397 926 erit
408 871 437 929 et
450 881 612 928 muncrum
625 870 655 926 et
667 863 916 926 administrorum
931 881 1092 941 numerus,
1105 865 1227 946 paribus
1240 871 1340 927 umen

279 964 405 1039 operibns
428 973 515 1044 atque
538 959 721 1026 utilitatibus
744 965 878 1026 serratis.
906 961 980 1026 Nam'
1010 973 1037 1024 tc
1052 965 1151 1026 missor
1170 965 1338 1026 officiorum

279 1067 427 1144 complexio
444 1072 475 1126 et
492 1060 739 1126 acmimsuorum
756 1063 918 1126 malonido
932 1063 1049 1135 efficiet,
1066 1069 1098 1124 ut
1112 1065 1210 1142 egenti
1229 1066 1340 1142 cuique

279 1167 380 1227 facilior
391 1149 453 1244 opis
466 1162 635 1224 obtinenda
644 1163 702 1239 via,
718 1169 749 1222 et
756 1163 883 1242 principi
897 1162 1010 1224 facilior
1022 1163 1185 1235 abusuum,
1200 1165 1254 1241 qui
1267 1163 1341 1226 forte

277 1265 449 1344 irrepserint,
459 1262 619 1340 inquisitio
631 1262 682 1330 sit.
1328 1257 1341 1276 ‘

314 1367 603 1440 mercimoniorum
620 1379 684 1427 non
694 1363 934 1428 mundemur
949 1362 1102 1440 &junctio
1114 1357 1218 1444 operas
1231 1364 1343 1427 intruc-

277 1472 364 1527 toosas
372 1471 473 1543 auget,
485 1464 620 1547 adeoqtre
632 1462 759 1536 sociales
771 1479 843 1542 opes
851 1463 1018 1524 imminuit
1114 1449 1117 1454 ’

308 1566 336 1626 3·
346 1566 421 1639 Quia
438 1562 588 1643 stipendia
601 1561 722 1622 inutilia
739 1567 812 1622 suot
825 1577 905 1623 onus
919 1577 980 1622 non
994 1563 1197 1624 necessarium
1217 1563 1340 1640 imposi-

275 1672 329 1724 tum
342 1664 484 1738 societati,
498 1662 632 1740 adeoqim
646 1661 798 1737 illicitum,
812 1667 847 1722 ut
862 1662 990 1723 inferius
1003 1661 1148 1723 dicemus

306 1763 421 1838 &Quia
438 1778 504 1842 quo
524 1762 628 1842 plures
645 1761 793 1843 maehina
809 1763 1006 1839 requiruntur
1029 1761 1068 1824 ad
1086 1769 1200 1824 eertum
1222 1761 1342 1842 pondus
1461 1766 1465 1774 ’

274 1864 451 1942 movendum,
474 1881 511 1926 eo
524 1868 622 1943 major
641 1863 730 1924 debet
749 1879 816 1924 esse
834 1863 985 1944 quantitas
996 1863 1114 1924 'virium
1135 1863 1291 1926 collisione
1311 1870 1342 1926 et

273 1957 360 2024 attritu
377 1971 578 2035 mortuarum,
595 1961 677 2041 qood
695 1962 786 2023 lolius
795 1961 995 2025 mechanismi
1008 1963 1264 2042 imperfectionem
1277 1967 1340 2026 tes-

274 2067 358 2124 tatur:
371 2063 504 2126 ostendit
523 2063 607 2125 enim
630 2063 775 2130 artificem
795 2064 950 2136 nesciisse,
967 2069 1034 2144 apte
1054 2063 1212 2144 machinas
1236 2063 1339 2146 dispc-

272 2165 372 2241 nmio,
385 2181 510 2228 omnem
523 2164 635 2225 virium
647 2163 857 2241 quantitatem,
870 2181 939 2242 quae
950 2160 1079 2226 obtineri
1092 2169 1221 2244 poterat,
1231 2163 1339 2228 exinde

272 2263 373 2327 elicere.

304 2365 597 2438 Quantioneautem
610 2379 645 2424 ea
655 2363 811 2442 dispositio
824 2365 953 2443 perlecta
965 2361 1030 2423 lieri
1040 2363 1144 2443 possit,
1159 2369 1204 2425 est
1217 2361 1340 2442 proble-

272 2479 314 2522 ma
324 2481 340 2524 a
352 2464 474 2542 politico
480 2465 552 2540 jure
563 2463 691 2542 practico
704 2462 928 2524 resoluendum.
944 2463 1005 2524 iloc
1018 2455 1162 2522 nnumin
1175 2459 1253 2523 hanc
1273 2476 1338 2526 rem

271 2562 437 2635 notabimus,
451 2561 649 2644 problematis
661 2561 746 2623 illius
756 2561 936 2623 solutionem
951 2561 1161 2623 consisterem
1175 2559 1227 2622 tali
1240 2567 1338 2646 apator

271 2667 338 2722 mate
349 2663 474 2743 politico
486 2659 679 2739 inveniendo,
694 2661 727 2722 in
744 2677 805 2740 quo
818 2675 961 2742 suprema
976 2647 1121 2742 principis
1135 2661 1276 2724 voluntas
1288 2659 1337 2723 di·

272 2765 348 2837 rece,
365 2777 459 2842 quam
480 2763 613 2822 maxime
632 2759 696 2822 beri
711 2763 816 2843 possit,
832 2762 870 2823 ad
889 2763 1010 2823 infimos
1023 2777 1120 2841 nsque
1134 2761 1336 2834 administros,
1453 2833 1457 2842 Ι

270 2878 314 2939 per
324 2878 425 2926 omnes
445 2878 613 2925 munerum
628 2861 820 2943 publicorum
834 2862 964 2941 gradus,
980 2861 1138 2923 descendat
1153 2882 1160 2921 ε
1175 2862 1337 2942 quodqui-

268 2960 327 3021 lem
348 2964 442 3026 oritur
455 2980 494 3025 er
515 2962 670 3042 perspicua
682 2968 861 3043 potestatum
880 2978 935 3025 sau
957 2952 1215 3041 competentiis-em
1232 2946 1339 3023 deflui·

270 3062 383 3125 tiooo‘ae
394 3062 619 3138 distributione,
630 3072 666 3122 ex
676 3061 805 3141 perlecta
817 3061 995 3122 inferiorum
1005 3060 1191 3137 subjectione
1203 3058 1260 3121 sub
1274 3076 1337 3122 res·

268 3161 378 3237 oecos
389 3177 497 3225 eorum
514 3160 735 3241 superioribus,
753 3166 843 3239 utque
855 3160 940 3221 atali
957 3156 1123 3221 utilitatum
1137 3159 1334 3239 oppositione,

269 3271 326 3334 utre
340 3262 436 3325 varim
460 3260 652 3335 administros
676 3261 836 3324 conectunt
855 3256 930 3321 alios
949 3256 1079 3320 eliorum
1101 3258 1284 3339 inspectores
1305 3264 1336 3322 et

270 3360 344 3432 qnasi
356 3376 505 3423 censores.
750 3380 753 3386 ¹
1237 3352 1241 3357 ’
1305 3360 1309 3366 ’
