3559 5675
604 745 711 793 sunus.
736 760 775 781 -
795 745 880 795 orsas
901 745 1088 821 nuoiircnus.
1321 739 1374 803 ror

306 848 397 929 pibus
409 842 469 927 ¹ergit
483 827 790 917 christiaua'uccleeia
800 871 810 933 ;
821 856 862 915 ita
872 870 943 915 cum
952 854 1100 919 clodoveo
1110 830 1282 936 causisque
1296 862 1378 936 rogi·

304 950 363 1011 lius
377 952 557 1013 Francorum
566 970 575 1032 ;
591 954 630 1015 ita
644 971 715 1015 cum
733 954 838 1018 Carolo
858 954 974 1033 Magno,
988 972 1056 1017 cum
1081 956 1149 1017 aliis
1169 958 1294 1036 carolis,
1307 976 1377 1021 cunr

303 1050 453 1113 Ludovico
477 1056 540 1130 Pio,
559 1072 628 1115 cum
655 1057 812 1133 licnricis,
832 1074 903 1119 cum
926 1058 1107 1139 Othonibus,
1134 1078 1206 1122 cum
1222 1063 1375 1139 muisdia,

300 1149 432 1229 aliisque
448 1154 591 1216 omnibus
608 1157 841 1235 imperatoribus
855 1162 948 1220 sancti
963 1158 1081 1239 imperii
1091 1182 1101 1237 ς
1112 1178 1204 1239 quem
1220 1179 1377 1227 summum

301 1250 699 1317 inchristianaethnarchia
720 1258 921 1336 principatum
943 1260 1069 1320 Romani
1085 1247 1379 1329 conuocarinhuoc

301 1356 406 1435 ipsum
434 1354 526 1415 linem
551 1356 757 1428 instituerunt,
788 1364 822 1418 ut
847 1358 1016 1420 christiana
1037 1360 1202 1438 religionis,
1227 1365 1378 1429 omniurn·

300 1470 364 1533 que
390 1454 474 1515 illius
487 1456 624 1534 jurium,
651 1454 757 1517 Sedem
774 1457 982 1536 'Apostolicam
1005 1462 1154 1541 pracipuc
1179 1466 1372 1543 protegendo,

300 1554 355 1617 illc
367 1552 510 1633 peculiari
524 1560 554 1615 et
566 1556 687 1636 proprio
697 1556 829 1634 quodam
843 1574 970 1619 munere
985 1566 1063 1621 esset
1074 1559 1214 1624 defensor
1223 1580 1258 1626 sc
1268 1566 1377 1628 uindex

298 1654 510 1732 militaris3ita
520 1670 590 1716 oum
600 1660 702 1716 sancto
711 1654 860 1718 Ludovico
870 1657 903 1717 in
912 1658 1100 1734 calliacum
1109 1660 1257 1723 Eduardis
1264 1669 1294 1725 st
1301 1666 1379 1725 llan-

298 1756 371 1816 ricis
389 1756 422 1815 in
435 1754 556 1833 anglia,
573 1772 643 1819 cum
664 1756 819 1818 casimiris
834 1757 867 1817 in
877 1754 1013 1833 Polonia,
1024 1774 1094 1819 curn
1111 1764 1213 1821 sancto
1226 1762 1378 1840 Stephano

298 1854 334 1915 in
357 1854 522 1931 naugerio,
541 1872 609 1917 cum
624 1854 814 1917 Ferdinando
828 1856 860 1916 in
875 1856 1032 1936 llispania,
1046 1874 1117 1919 oum
1140 1860 1282 1937 omnibus
1294 1862 1378 1925 deni·

297 1971 361 2033 quc
378 1955 516 2015 omnium
530 1956 668 2032 gentium
681 1955 1064 2035 omniumquetamporum
1078 1957 1250 2022 christianis
1262 1963 1376 2041 punci-

295 2053 391 2133 pibus
397 2060 498 2115 actum
511 2061 565 2117 cst.
578 2054 695 2115 lnlinita
706 2072 830 2133 possum
840 2056 1013 2117 testimonia
1023 2074 1059 2119 ex
1070 2060 1153 2120 omni
1161 2066 1245 2123 alata
1257 2061 1290 2122 in
1300 2057 1378 2124 lianc

296 2170 365 2214 ram
382 2152 498 2232 affaris,
514 2171 582 2232 quar
595 2153 749 2216 brevitatis
763 2154 857 2231 gratia
872 2156 988 2217 omitto.
1357 2199 1360 2203 -

210 2273 217 2279 ’
341 2256 375 2315 2·
389 2254 556 2316 Concilium
577 2254 752 2316 Toletanum
772 2256 822 2329 t'l,
834 2254 914 2331 quod
929 2255 987 2315 luit
1005 2256 1038 2315 in
1055 2254 1199 2337 llispania
1211 2262 1374 2330 concilium

296 2354 466 2429 nationale,
481 2354 664 2416 celebratum
680 2368 760 2415 anno
781 2354 853 2430 638,
869 2354 912 2415 sic
936 2355 1038 2415 statuit
1064 2370 1177 2416 canone
1192 2355 1253 2421 ill:
1270 2360 1374 2422 «illud

296 2462 402 2515 autem
415 2453 537 2533 provida
548 2454 635 2516 nobis
649 2470 723 2515 cura
739 2458 769 2515 et
783 2452 869 2515 valde
883 2458 930 2514 est
940 2453 1162 2515 decernendum
1176 2453 1314 2533 vigilanti
1323 2476 1376 2519 ao·

296 2554 396 2625 lartio,
411 2570 449 2615 ne
460 2556 526 2632 ejus
536 2550 648 2634 (Rapis)
661 2552 742 2615 calor
754 2558 783 2614 et
797 2558 898 2615 noster
911 2552 996 2614 labor
1008 2552 1192 2632 quandoque
1206 2555 1239 2616 iu
1251 2559 1376 2636 postoris

177 2726 179 2731 ,
299 2654 463 2733 tepefactus
481 2653 636 2731 liquescat.
650 2654 796 2728 Quocirca
806 2668 970 2715 musonem
983 2670 1054 2715 cum
1075 2670 1112 2715 ao
1130 2660 1160 2716 et
1179 2655 1269 2722 corde
1282 2664 1374 2719 atera

295 2754 527 2832 promulgamus
546 2754 607 2815 neo
625 2752 801 2832 placituram
824 2754 1025 2830 cantantiam3
1048 2754 1140 2815 simut
1155 2770 1226 2816 cum
1248 2772 1374 2819 suorum

294 2855 478 2933 optimatum
491 2854 716 2931 illustriumque
727 2854 862 2914 virorum
871 2869 1022 2915 consensu
1033 2872 1070 2916 cx
1082 2854 1295 2918 deliberatione
1306 2873 1376 2919 sau·

293 2952 407 3032 cimus,
431 2958 463 3012 ut
475 2951 613 3031 quisquis
627 2949 850 3012 succedentium
873 2955 1043 3029 temporum
1066 2952 1152 3028 regni
1170 2953 1301 3014 sortierit
1312 2955 1375 3034 api-

292 3069 375 3127 cam,
399 3069 460 3114 non
482 3057 551 3113 ante
572 3049 753 3113 conscendat
772 3051 887 3128 regiam
908 3049 1021 3122 ecdem,
1038 3066 1134 3128 quam
1155 3051 1233 3112 inter
1254 3053 1373 3131 reliqua

292 3151 502 3216 conditionum
518 3132 700 3213 sacramanta
715 3149 865 3229 pollicitus
880 3150 972 3210 luerit
985 3149 1066 3212 hanc
1079 3167 1113 3211 se
1125 3150 1303 3214 catholicam
1312 3169 1375 3214 non

293 3253 517 3332 permissurum
532 3267 582 3312 eos
604 3249 716 3312 violare
733 3247 836 3326 fidam,
856 3248 908 3311 sed
923 3254 952 3308 et
965 3247 1141 3311 nullatcnus
1162 3252 1229 3327 eJ'us
1242 3251 1373 3334 perfidia

293 3353 415 3426 lavans,
426 3349 474 3412 vel
483 3349 617 3428 quolibet
626 3348 764 3426 neglectu
775 3355 828 3409 ant
836 3347 997 3428 cupiditate
1008 3347 1138 3422 illectus,
1150 3349 1374 3415 intendentibus

294 3449 334 3512 ad
360 3451 520 3530 praecipitia
540 3447 725 3510 infidelitatis
751 3448 867 3510 aditum
887 3447 1018 3528 probeat
1036 3449 1304 3528 pravaricatiouis3
1321 3450 1372 3512 sed

293 3550 379 3628 quod
391 3563 570 3628 magnopere
582 3556 683 3609 nostro
695 3555 739 3609 est
749 3555 880 3629 tempore
892 3550 1110 3627 conquisitum,
1125 3548 1214 3614 debet
1223 3549 1373 3612 illibatum

293 3649 459 3710 servarein
473 3649 637 3708 luturums
662 3647 712 3727 (o).

338 3750 386 3810 Sic
400 3749 494 3825 igitur
509 3749 622 3810 inrecta
631 3745 768 3826 est-apud
785 3745 936 3825 llirpanos
948 3763 985 3807 ea
996 3745 1195 3822 consumatio,
1203 3763 1266 3825 qua
1278 3766 1374 3814 norus

295 3865 348 3910 rex
363 3847 519 3910 tenebatur
531 3844 689 3921 honoram,
704 3843 806 3917 iidem,
823 3845 1024 3924 patrocinium
1038 3845 1175 3906 Ecclesia
1188 3847 1315 3924 eiusque
1328 3849 1374 3910 le-

295 3951 387 4026 gibus
407 3956 437 4010 et
457 3947 606 4009 ministris
620 3949 807 4008 sacramento
827 3944 976 4024 pollicari,
992 3952 1154 4023 antequam
1166 3962 1219 4007 rax
1232 3947 1374 4010 salutaro

295 4057 356 4110 tur.
374 4051 476 4126 ltaque
495 4047 528 4109 in
548 4047 713 4110 Pontificali
739 4047 874 4107 Romano
894 4045 1023 4106 traditur
1042 4046 1213 4108 communis
1231 4047 1371 4126 tornois,

296 4147 341 4212 De
355 4147 553 4210 benedictione
566 4153 594 4208 et
607 4145 791 4208 coronatione
803 4143 894 4225 repis,
908 4146 940 4206 in
952 4163 1013 4224 qua
1028 4145 1140 4207 easdem
1159 4147 1373 4226 promissiones

295 4263 404 4310 cnoro
418 4265 489 4325 rege
511 4263 707 4326 quocunque,
725 4253 888 4325 antequam
908 4245 1047 4307 Ecclesia
1061 4245 1267 4316 benedictiona
1284 4263 1373 4324 rega·

295 4347 380 4424 lique
400 4363 509 4408 corona
529 4365 581 4426 per
605 4361 704 4408 sacras
724 4347 940 4426 Episcoporum
960 4361 1072 4406 manus
1092 4351 1229 4422 ometnr,
1252 4345 1372 4434 publica

294 4446 438 4509 radenda
453 4447 624 4524 exiguntur.
641 4446 709 4507 llaec
722 4443 827 4506 eadem
838 4443 939 4505 torma
953 4444 1033 4522 ragis
1051 4459 1104 4524 per
1116 4445 1276 4531 Episcopus
1289 4462 1370 4510 coro·

296 4545 387 4607 nandi
403 4547 510 4624 illique
524 4551 591 4626 poet
603 4561 654 4607 aas
668 4543 803 4607 Ecclesia
817 4542 1010 4624 protegenda
1023 4543 1236 4624 promissiones
1250 4545 1373 4608 hancdi-

327 4740 365 4804 (α)
380 4741 469 4794 Boron
480 4741 585 4806 torol,
595 4745 654 4794 toni,
668 4745 692 4804 t,
706 4751 765 4792 ann.
776 4743 831 4800 uni,
841 4749 867 4790 n.
883 4742 919 4790 tt.
