3559 5675
475 717 515 785 bi
883 730 963 777 euers
984 728 1144 776 utrumuis

477 856 611 919 perseum
624 840 655 902 in
664 842 826 919 conjugem
835 838 991 914 eligenda,
1002 852 1068 915 qua
1078 836 1261 901 matrimonii
1272 834 1379 898 officiis
1389 836 1539 915 tranquille

476 941 642 1002 satisfacere
653 958 721 1002 cum
735 940 829 1001 altere
840 940 969 1015 conjuge
983 939 1086 1017 pessit.

518 1044 587 1101 815.
604 1043 672 1101 Pes.
688 1042 770 1100 392¹.
785 1042 847 1099 bsx
860 1043 904 1097 2¹.
921 1070 957 1081 -
972 1038 1014 1098 ad
1028 1036 1255 1097 matrimonium
1270 1032 1439 1097 ineundum
1452 1052 1539 1096 esserr-

478 1141 586 1203 tialiter
598 1141 761 1217 requiritur
776 1140 933 1217 utriusque
943 1134 1078 1215 conjugis
1093 1136 1227 1215 aptitudo
1240 1136 1279 1197 ad
1293 1136 1408 1215 prolem
1424 1138 1540 1213 giguen-

477 1239 545 1299 dam
569 1258 576 1295 t
603 1256 706 1316 quare,
730 1238 782 1301 ubi
804 1237 946 1297 alteruter
967 1237 1132 1310 crrrrjugum
1159 1236 1278 1313 ineptus
1300 1234 1337 1295 ad
1359 1234 1442 1295 bunc
1462 1233 1538 1293 finem

476 1338 601 1399 omuino
613 1332 663 1412 sit,
676 1338 905 1397 matrimonium
920 1342 964 1396 est
988 1334 1045 1395 bec
1059 1334 1122 1412 ipse
1137 1333 1269 1393 nullum.
1316 1356 1318 1361 ·

529 1440 621 1499 Paos.
648 1442 677 1496 1·
710 1451 796 1497 naas.
823 1468 861 1481 -
885 1436 926 1495 Art
953 1435 1122 1495 serietatem
1145 1432 1311 1510 quamlibet
1339 1432 1540 1495 rationabiliter

479 1535 643 1601 ineundam
662 1536 828 1612 requiritur
850 1532 975 1594 omuino
990 1536 1022 1594 ut
1044 1531 1119 1591 iilud
1146 1531 1224 1609 qued
1253 1534 1321 1609 ejus
1342 1534 1486 1594 societatis
1505 1540 1539 1592 est

477 1637 548 1697 linis
561 1635 739 1711 essentialis,
754 1636 794 1695 sit
806 1634 960 1713 possibile.
985 1636 1059 1693 llam
1073 1632 1182 1692 idcirce
1195 1632 1319 1693 societas
1335 1632 1442 1707 initur,
1455 1640 1486 1692 ut
1499 1632 1539 1692 ille

477 1737 548 1800 linis
567 1735 748 1797 obtineatur.
775 1736 865 1811 Ergo,
887 1734 913 1792 si
929 1732 998 1793 linis
1022 1732 1072 1792 ille
1093 1738 1138 1792 est
1157 1730 1352 1811 impossibilis
1375 1740 1446 1794 terne
1459 1750 1539 1810 quun

478 1843 648 1897 eenbactus
661 1834 705 1911 iit,
722 1834 832 1893 trustra
843 1832 913 1893 talis
925 1833 1081 1893 associatio
1096 1832 1247 1909 juugitur.
1260 1834 1351 1910 Atqui
1365 1833 1433 1893 liuis
1446 1834 1538 1893 matri·

477 1934 572 1996 monii
587 1939 632 1993 est
646 1934 736 2012 prolis
746 1934 920 2013 procreatio.
934 1936 1021 2009 Ergo.
1035 1940 1090 1993 ete.

519 2034 614 2093 Paos.
642 2035 673 2091 2·
696 2046 782 2092 rans.
812 2066 847 2075 -
866 2032 966 2092 Pactio
988 2030 1076 2090 dere
1100 2029 1277 2107 impossibili
1301 2038 1347 2091 est
1369 2049 1422 2111 per
1440 2048 1469 2091 se
1489 2032 1539 2107 ipsa

479 2128 580 2197 aulica
595 2130 668 2206 quia
681 2143 771 2191 nemo
783 2136 879 2207 potest
897 2144 962 2189 sese
976 2127 1107 2203 obligare
1121 2126 1157 2187 ad
1183 2144 1244 2189 rem
1270 2128 1484 2208 impossibilem
1502 2128 1540 2187 ia-

477 2227 628 2290 ciendam.
645 2229 736 2305 Atqui
752 2228 846 2307 prelia
861 2228 1028 2307 procreatio
1041 2234 1085 2288 est
1099 2227 1305 2305 impossibilis,
1322 2230 1377 2290 ubi
1392 2232 1538 2307 conjugum

477 2327 625 2389 alteruter
638 2327 757 2407 ineptus
770 2328 832 2387 sive
845 2328 992 2406 impetens
1003 2332 1057 2386 est.
1071 2328 1158 2403 Ergo,
1175 2334 1220 2387 ete

518 2426 589 2487 ete.
605 2430 672 2487 Pes.
687 2428 770 2488 393¹.
793 2428 855 2487 Lex
869 2428 911 2488 3¹.
937 2458 977 2473 -
1003 2426 1184 2487 Matrimonii
1208 2433 1318 2487 natura
1342 2428 1404 2507 ipsa
1418 2426 1539 2507 ¹postulat

478 2525 702 2599 monogamiam
721 2525 952 2594 simultaueema
978 2524 1090 2584 scilicet
1109 2530 1173 2583 tum
1196 2525 1382 2604 polyandria,
1399 2504 1461 2587 iuna
1474 2522 1540 2604 peip·

484 2626 575 2701 genia
588 2624 777 2685 simultaneae
791 2630 864 2684 sunt
874 2628 946 2702 jure
957 2622 1089 2685 naturali
1105 2624 1222 2686 illicita.

519 2728 612 2785 Paeo.
636 2728 666 2784 1·
684 2738 771 2801 rans,
793 2724 905 2787 seilicet
924 2722 1023 2801 quoad
1042 2724 1259 2803 polyandrium.
1279 2754 1319 2771 -
1338 2728 1367 2785 1⁰
1381 2723 1538 2803 lblyaedua

478 2822 661 2890 simuliaeea
678 2841 731 2904 per
750 2840 782 2884 sa
807 2823 873 2903 ipsa
895 2822 1015 2904 physice
1038 2822 1134 2886 tendit
1157 2824 1194 2884 ad
1215 2824 1309 2904 prelis
1332 2826 1537 2906 conceptionem

477 2923 703 3002 impediendam
709 2946 720 3002 i
747 2941 783 2985 ac
806 2925 929 3004 proinde
950 2921 1103 2986 essentiali
1129 2924 1179 2984 tlni
1206 2925 1352 3004 primarie
1371 2921 1537 2988 matrimonii

478 3024 661 3085 adversatur.

518 3129 549 3184 2⁰
564 3126 713 3186 incertum
735 3121 827 3185 eillcit
845 3131 961 3205 patrem
977 3124 1071 3203 prolis
1086 3141 1154 3202 qua
1171 3125 1245 3186 terte
1264 3131 1437 3203 enarratum
1460 3129 1486 3185 et
1502 3119 1537 3182 id·

476 3225 556 3286 eimo
571 3223 675 3285 nuilus
693 3222 829 3301 plurium
841 3223 1020 3284 maritorum
1041 3223 1211 3286 educationi
1228 3225 1295 3286 talis
1311 3225 1462 3304 progeniei
1480 3235 1537 3282 eeu-

478 3323 568 3383 suiet.
594 3324 694 3392 Quare
714 3322 825 3382 iterum
846 3337 883 3380 ex
907 3321 964 3382 hae
988 3331 1071 3402 parte
1092 3325 1244 3386 essentiali
1262 3325 1446 3388 matrimonii
1466 3333 1537 3396 saepe

478 3427 635 3500 repugnat.
1275 3467 1279 3474 .

521 3525 552 3582 3⁰
566 3522 743 3581 liariterum
757 3521 922 3582 multitude
934 3525 1102 3586 necessarie
1116 3524 1243 3586 invidias
1258 3531 1287 3586 et
1300 3526 1380 3586 rixas
1399 3519 1537 3584 interillos

478 3621 589 3702 pariet3
608 3621 667 3680 iras
680 3620 770 3680 etiam
785 3628 815 3681 et
830 3622 975 3684 ultionem
997 3623 1140 3684 adversus
1155 3641 1280 3686 uxerem
1296 3625 1435 3700 excitabit
1449 3633 1537 3682 eorum

477 3735 555 3797 ques
568 3718 622 3778 illa
641 3719 696 3778 uni
711 3719 802 3780 alicui
825 3726 1002 3800 postponere
1019 3723 1179 3784 uidebitur.
1197 3726 1299 3801 ltaque
1321 3723 1487 3804 polyandria
1498 3717 1537 3776 dtr

378 3877 384 3892 ,
479 3819 633 3878 masticem
659 3819 851 3879 concordiam
875 3826 904 3880 et
932 3837 1035 3898 pacem
1061 3823 1196 3900 adeoque
1220 3829 1250 3883 et
1271 3825 1440 3887 societatem
1457 3821 1536 3898 ipsam

478 3920 645 3998 conjugum
657 3917 853 3981 domesticam
866 3921 1067 4000 impossibiles
1084 3939 1206 4002 prorsus
1219 3923 1319 3984 eflicit.
1336 3925 1471 3986 alumen
1483 3931 1536 3978 me·

482 4018 661 4078 trimenium
674 4025 718 4078 est
732 4019 932 4080 essentialiter
944 4023 1069 4082 serietas
1080 4022 1252 4084 domestica.

518 4117 552 4178 4⁰
572 4117 799 4179 Matrimonium
821 4121 1020 4181 esseubaliter
1039 4121 1166 4182 includit
1193 4124 1373 4202 reciprocam
1391 4122 1535 4197 mujugum

477 4218 664 4279 devotionem
678 4215 846 4278 absolutam
867 4225 897 4280 et
916 4220 1075 4298 perfectam
1098 4223 1325 4284 consuetudinis
1342 4219 1535 4282 turtureum:

478 4325 524 4378 est
536 4317 620 4377 enim
630 4317 756 4380 societas
766 4317 800 4378 in
810 4335 931 4380 summe
943 4320 1037 4396 gradu
1047 4321 1184 4382 amicalis
1199 4322 1268 4400 (802
1272 4365 1286 4398 ,Α
1293 4325 1374 4400 808).
1388 4323 1451 4384 lam
1464 4313 1535 4375 alise

481 4417 544 4478 luta
564 4415 699 4478 duorum
722 4417 840 4479 devotio
860 4422 1011 4500 reciproca
1029 4419 1086 4481 hee
1106 4421 1246 4500 postulat,
1269 4428 1305 4482 ut
1326 4423 1410 4484 alteri
1432 4415 1535 4478 atteret

479 4523 574 4578 tetum
589 4515 640 4581 det
652 4529 661 4574 z
672 4531 707 4576 ae
721 4519 849 4596 perlecta
860 4519 1092 4582 consuetudinis
1106 4522 1255 4584 intimitas
1270 4526 1417 4602 reciproca
1427 4507 1534 4591 requirit

479 4622 514 4678 ut
528 4632 562 4678 ea
573 4617 612 4676 sit
625 4616 779 4695 utrimque
789 4621 1093 4686 incommunicabilis.
1104 4625 1194 4703 Atqui
1206 4625 1240 4685 in
1252 4624 1402 4704 conjugali
1415 4614 1534 4680 sedetur

479 4715 662 4781 simultanee
672 4720 766 4781 unius
778 4721 882 4784 uxoris
891 4737 963 4784 eum
979 4723 1116 4804 pluribus
1127 4725 1254 4808 maritis,
1267 4741 1405 4790 uxornee
1416 4735 1447 4783 se
1456 4721 1533 4780 leiim
