3559 5675
502 727 562 795 ιω
912 734 993 784 tants
1011 735 1172 785 attuaatu

504 861 611 928 tinent,
624 856 698 932 uula
709 866 764 915 uec
774 869 826 932 per
839 867 872 912 aa
888 850 958 928 ipen
969 863 1026 910 uec
1039 863 1092 928 per
1102 863 1175 909 auos
1187 847 1312 910 allectus
1323 839 1467 929 publicam
1477 855 1548 914 socio

504 963 592 1018 tatem
612 968 673 1016 uon
694 954 854 1028 attingunt.
881 951 960 1024 Ergo
982 949 1111 1008 munuca
1132 948 1263 1027 privatas
1285 949 1414 1027 dirigere
1437 954 1549 1014 uniunt

504 1064 533 1118 et
543 1055 703 1128 ordinarie,
714 1053 796 1131 quorl
808 1048 991 1130 prescriptis
1004 1047 1211 1108 constantibus
1220 1049 1265 1119 lit,
1279 1049 1385 1129 politia
1397 1067 1453 1112 uou
1467 1058 1548 1130 polest.

545 1155 615 1217 ott.
631 1157 699 1216 Pus.
714 1153 796 1214 lau.
815 1154 877 1212 lux
889 1149 935 1209 4⁸.
947 1179 990 1194 -
1003 1147 1116 1210 Politia
1131 1147 1202 1212 ticet
1215 1150 1483 1228 {trascriptiouibue
1492 1153 1552 1212 auci-

502 1253 676 1316 rlentaliltus
693 1267 726 1313 ac
742 1251 921 1312 transitoriis
939 1249 972 1308 iu
991 1248 1105 1327 prirata
1123 1249 1273 1309 consortia
1289 1257 1454 1328 penetrare,
1467 1257 1497 1311 ut
1513 1267 1551 1312 eo·

506 1369 575 1415 rum
587 1354 659 1414 vitia
672 1353 809 1428 corrigat.
896 1385 902 1392 ·

546 1455 636 1514 Paos.
648 1485 687 1496 --
700 1451 798 1525 Ratio,
818 1455 1048 1528 propterquam
1065 1445 1192 1526 publicae
1212 1449 1380 1508 auctoritati
1401 1449 1553 1509 uniruaeet

505 1549 654 1612 ordinarie
668 1565 728 1610 uon
746 1549 815 1610 licet
828 1549 946 1627 privata
958 1547 1108 1607 coneortia
1123 1559 1194 1606 cum
1214 1551 1358 1626 potestate
1383 1547 1491 1624 ingrati
1509 1547 1554 1607 lec

505 1655 567 1725 eet,
601 1651 673 1726 qula
704 1647 943 1724 unumquodque
977 1661 1083 1706 eorum
1115 1645 1206 1706 habet
1235 1651 1327 1723 atque
1358 1646 1465 1708 habere
1489 1647 1554 1708 tolet

509 1749 575 1828 (lili.
592 1762 636 1826 vl,
651 1765 683 1808 rr.
697 1747 770 1826 716)
785 1748 1007 1826 particularem,
1027 1761 1090 1823 qua
1103 1746 1298 1822 gubernetur,
1310 1747 1516 1809 auctoritatam.
1529 1750 1555 1806 ,ιι

507 1851 629 1926 quaurlo
643 1851 674 1912 iu
687 1849 789 1926 aliquo
801 1846 948 1908 consortio
961 1845 1075 1923 flagitia
1087 1846 1213 1924 impune
1221 1847 1461 1917 committuntur,
1472 1847 1556 1926 perspi

507 1963 600 2010 orrum
620 1955 666 2008 eat
683 1947 724 2006 liri
746 1945 953 2008 auctoritatem
979 1945 1029 2006 rel
1057 1940 1175 2004 nullam
1202 1958 1285 2017 este,
1310 1943 1362 2006 vel
1384 1945 1460 2006 uilrll
1478 1959 1555 2022 apra,

508 2047 589 2124 quoti
611 2046 733 2126 perinde
753 2051 808 2106 est.
833 2047 923 2120 Ergo,
943 2049 1079 2104 comante
1102 2051 1174 2103 tuac
1189 2058 1225 2103 ca
1240 2055 1336 2104 caum
1353 2059 1423 2122 quar
1440 2046 1555 2105 oroma

510 2145 679 2225 superioria·
688 2145 898 2206 auctoritatisa
912 2144 1061 2204 consortio
1073 2141 1246 2222 particulari
1260 2142 1420 2220 dirigendo
1434 2142 1556 2222 prolibat,

511 2245 680 2307 auctoritati
698 2245 857 2324 superiori,
872 2243 911 2304 olt
923 2259 993 2303 um
1004 2259 1098 2320 quam
1107 2242 1252 2303 omuibus
1265 2244 1333 2303 auls
1344 2243 1558 2305 memoruleiet

511 2345 708 2423 muluatus
719 2351 750 2405 et
762 2343 897 2406 olllcium
908 2349 954 2404 eat
967 2345 999 2402 iu
1012 2343 1193 2422 particulare
1204 2343 1391 2403 comortium
1403 2343 1557 2423 pereuni,

509 2449 637 2524 ejusque
656 2451 756 2508 motus
778 2443 946 2522 dirigendi,
969 2444 1175 2504 auctoritatem
1201 2443 1283 2522 apud
1306 2444 1386 2506 illud
1407 2445 1560 2506 instituerit

510 2545 652 2606 lauream
666 2543 703 2606 ael
717 2545 867 2622 privatum
881 2542 966 2602 illiue
979 2543 1094 2603 bouum
1107 2541 1305 2622 operaumm.
1319 2545 1412 2621 Ergo,
1423 2553 1475 2606 eta

550 2645 621 2704 986.
646 2645 714 2704 Pus.
738 2639 823 2702 teu.
851 2645 914 2703 lar
935 2642 977 2702 δι
998 2673 1039 2688 ··-
1061 2641 1561 2724 amitentuupraeartpuooual

511 2744 664 2803 internum
675 2741 813 2804 ominem
824 2744 856 2802 in
868 2741 1036 2820 particulari
1046 2743 1194 2804 consortio
1206 2743 1561 2805 mammutius

512 2841 620 2921 politia
636 2856 696 2902 nou
716 2840 855 2901 licetnlsi
871 2841 910 2902 ol)
923 2847 1043 2902 caterua
1069 2840 1180 2902 iudicia
1202 2840 1392 2919 mitiorum
1414 2846 1447 2905 in
1464 2848 1497 2905 ao
1511 2856 1561 2903 eta·

512 2941 603 3001 sartio
616 2940 742 3020 impune
752 2941 997 3001 commissorum.

553 3040 642 3101 luca.
657 3068 697 3085 -
715 3040 883 3101 toreutice
903 3040 1063 3101 auctoritas
1083 3055 1144 3101 nou
1165 3039 1254 3103 tenet
1271 3044 1496 3121 particruariam
1507 3058 1562 3105 ooo

512 3138 673 3199 tortiorum
685 3140 841 3203 internum
852 3137 989 3201 ordinem
1001 3154 1170 3219 procurare,
1186 3140 1246 3201 uisi
1261 3147 1296 3201 ut
1305 3141 1424 3205 meum
1435 3144 1561 3225 pullicuu

410 3236 418 3245 '
501 3238 753 3315 permutamur
765 3240 947 3315 malo,quorl
958 3239 1240 3301 inertemalntlicia
1250 3244 1562 3324 uouerumpitltoum

513 3336 670 3416 publicum
689 3352 751 3399 uon
768 3344 864 3417 potam
886 3338 1035 3417 impediri.
1055 3341 1133 3416 Ergo
1153 3338 1248 3416 hujm
1265 3342 1343 3403 mali
1360 3344 1513 3422 preventu
1526 3344 1562 3400 aul

513 3434 658 3515 reparatio
671 3434 709 3497 ad
722 3435 872 3515 publicem
884 3438 1089 3498 auctoritatem
1099 3454 1162 3499 non
1174 3441 1313 3519 pertinet

554 3540 586 3595 t·
600 3536 708 3613 aequa
728 3537 887 3597 auctoritas
907 3536 1053 3615 impedire
1068 3539 1150 3616 quod
1167 3556 1346 3616 cognoscere
1363 3545 1478 3620 nequit
1495 3533 1561 3615 atqu
1590 3537 1591 3556 ³

514 3638 666 3699 interuam
697 3640 916 3700 consortiorum
941 3640 1165 3720 particularium
1192 3643 1447 3708 mordiuutiouem
1469 3641 1562 3723 politia

514 3737 672 3797 auctoritas
697 3740 801 3819 nequit
826 3755 1019 3818 cognoscere,
1040 3742 1187 3818 quamdiu
1211 3740 1296 3802 illius
1318 3745 1408 3805 nulla
1428 3744 1563 3824 supputati

514 3842 635 3895 externa
655 3836 775 3899 indicia.
790 3840 891 3915 Neque
911 3840 993 3899 enim
1012 3840 1139 3918 publica
1156 3842 1324 3902 auctoritati
1341 3842 1414 3905 licet
1430 3840 1562 3905 uenatu

513 3935 678 4011 pcualralia
698 3934 874 4016 inspectare,
889 3937 1040 4014 obtegam
1054 3940 1265 4018 aweoperius
1282 3944 1491 4003 nonantulam:
1509 3938 1562 4016 pru

511 4035 595 4095 mala
610 4036 717 4097 eriudc
736 4046 945 4099 enascerentur
962 4041 1059 4100 multo
1077 4044 1190 4117 majora
1207 4042 1297 4102 malie
1312 4058 1387 4119 quar
1404 4044 1454 4105 tali
1472 4044 1561 4116 impu

512 4135 593 4197 tione
608 4137 692 4197 vitari
709 4144 840 4215 poseant.
857 4140 912 4199 Utri
926 4140 1009 4200 enim
1025 4138 1151 4218 publica
1161 4142 1346 4202 auctoritatis
1359 4145 1503 4205 ministris
1511 4140 1561 4199 liot-

513 4244 569 4315 ret,
583 4240 818 4317 quotiescunque
834 4240 958 4317 callent,
970 4242 1050 4303 intra
1066 4242 1244 4303 domesticos
1261 4242 1449 4304 familiarum
1463 4242 1561 4320 parieta

514 4346 687 4414 penetrare,
711 4340 734 4397 l.
757 4338 879 4399 lumiliae
899 4355 1006 4400 omues
1028 4341 1215 4419 privarentur
1237 4340 1333 4401 libera
1353 4343 1410 4404 illa
1428 4340 1561 4403 affectuum

514 4437 805 4511 communicatione,
824 4438 855 4498 iu
873 4454 936 4517 qua
953 4438 1123 4500 domesticae
1145 4441 1213 4499 vitae
1236 4442 1370 4504 suauitas
1398 4437 1493 4502 omnia
1510 4450 1562 4497 coo

513 4534 591 4595 sulit
601 4556 611 4613 3
629 4536 667 4595 lt.
680 4536 874 4613 ltetegeretur
893 4546 1007 4602 morata
1025 4540 1214 4617 negotiorum
1227 4539 1425 4603 lamiliarium
1443 4536 1561 4601 aduini*

516 4634 693 4713 italio,un
715 4635 752 4697 ul
771 4636 889 4699 lelioem
909 4638 1148 4700 commeritum
1175 4654 1299 4719 prorsus
1324 4640 1491 4712 neuemuria
1512 4639 1560 4703 0⁸¹3

514 4728 566 4797 1ll.
589 4736 778 4799 privarentur
796 4737 919 4801 tamilla
937 4736 1047 4819 pedico
1062 4738 1116 4804 illo
1135 4740 1297 4815 velamine,
1317 4755 1381 4819 quo
1397 4748 1527 4803 aruum
1540 4734 1562 4789 ι*
