3559 5675
561 742 669 793 tunt.
693 762 731 781 -
751 746 836 795 iren
856 744 1045 795 noceremus.
1288 726 1347 795 hii

274 844 444 925 prohibere,
463 853 581 911 tanaim
591 851 733 931 proiecto,
748 870 784 915 ex
797 850 959 915 universali
975 848 1343 923 homaniuheeharitatc,

272 943 330 1007 hoc
346 947 496 1011 auxilinm
510 958 647 1031 prompte
661 960 750 1031 atque
764 952 920 1015 efficaciter
940 951 1080 1030 prebere.
1101 952 1187 1025 item,
1207 948 1259 1011 uhi
1273 965 1342 1027 per·

270 1058 425 1122 maeque
444 1048 547 1124 jurad
559 1052 747 1114 existendum
767 1050 867 1127 hahet,
883 1054 914 1113 in
931 1067 1025 1128 grave
1044 1049 1149 1110 mortis
1160 1046 1342 1125 paricidam,

269 1144 545 1221 valentinianum,
560 1150 607 1210 val
622 1150 774 1214 leimarum
794 1152 985 1228 aggressione
996 1148 1276 1224 vestimentisque
1289 1163 1342 1225 po

268 1248 326 1305 teat
343 1244 426 1305 illam
443 1262 480 1307 ex
500 1265 534 1309 eo
554 1250 729 1312 discrimina
752 1252 880 1329 eripere,
894 1257 1013 1315 tenetur
1033 1250 1099 1311 sine
1112 1246 1206 1309 dubio
1222 1245 1261 1305 ad
1272 1262 1342 1310 eam

266 1342 484 1406 defendendam
497 1350 736 1427 servandamque
748 1352 831 1413 omni
840 1367 898 1428 ope
908 1364 1072 1413 accurrere.
1084 1345 1170 1419 Oriod
1182 1346 1206 1405 si
1217 1344 1285 1423 quis
1296 1344 1340 1409 rei

264 1445 581 1507 maxime'hominihus
596 1450 770 1511 necessariae
781 1450 909 1511 exitium
929 1465 991 1509 non
1006 1443 1153 1525 prohihet,
1167 1446 1263 1521 quum
1279 1460 1336 1521 po·

265 1548 339 1617 test;
356 1545 382 1603 si
395 1546 464 1621 quis
477 1564 609 1624 personae
623 1550 753 1626 graviter
765 1549 944 1628 periclitanti
958 1547 1082 1610 nullum
1103 1546 1160 1607 lert
1177 1542 1338 1617 auxilium,

262 1658 360 1718 quum
375 1652 482 1722 potest,
497 1647 524 1706 is
533 1650 670 1727 ‚practice
690 1656 780 1727 negat
793 1650 946 1713 evidenter
960 1664 1026 1711 eam
1039 1663 1106 1708 rena
1119 1660 1184 1705 esse
1201 1643 1337 1708 homini-

261 1740 319 1801 hus
332 1744 461 1805 maxime
478 1749 688 1820 neeessariam,
704 1766 770 1811 eam
785 1750 1007 1828 personantias
1020 1745 1131 1807 haltere
1152 1743 1189 1805 ad
1202 1743 1335 1807 existen-

259 1838 347 1915 dum,
365 1858 431 1906 eam
453 1860 517 1904 rem
541 1863 666 1924 eamque
678 1864 845 1926 personam
864 1846 1032 1925 quidquam
1054 1844 1093 1905 ad
1112 1860 1145 1905 sa
1165 1844 1334 1922 pertinere;

258 1946 351 2017 atque
365 1941 421 2002 hoc
442 1944 531 2005 modo
545 1942 756 2009 demandatae
777 1948 872 2026 ipsam
885 1947 1013 2025 practice
1025 1950 1125 2021 negat,
1146 1949 1177 2004 at
1188 1942 1333 2021 humam-

256 2042 327 2102 tatis
340 2042 471 2105 desertor
484 2054 574 2125 atque
586 2049 681 2109 hostis
695 2050 895 2131 appellandus
905 2054 961 2112 est.

297 2144 390 2219 nequi
418 2145 612 2210 christianam
631 2150 806 2225 religionem
826 2166 893 2211 esse
914 2166 979 2213 rena
1002 2146 1177 2210 hominihus
1201 2144 1332 2218 maxime

253 2245 464 2319 necessariam,
482 2254 511 2305 ct
529 2248 722 2309 christianam
737 2249 900 2309 Ecclesiam
920 2263 985 2309 esse
995 2245 1155 2312 moralem
1170 2260 1331 2323 personum

252 2356 322 2417 quae
335 2358 493 2405 summum
512 2348 744 2409 etimmutahile
756 2350 808 2424 jus
830 2347 865 2409 ed
881 2346 994 2421 ubique
1014 2343 1203 2411 existendum
1226 2342 1328 2421 hahet,

253 2440 350 2501 credit
362 2443 393 2501 in
411 2444 518 2523 primis
532 2454 560 2507 et
573 2448 691 2509 credere
704 2447 790 2507 dehet
802 2447 902 2509 omnis
913 2445 1106 2511 christianos.
1124 2444 1207 2503 llaac
1227 2448 1328 2502 antem

253 2538 430 2615 religionem
441 2550 530 2621 atque
542 2544 622 2607 hanc
631 2546 794 2611 Ecclesiam
805 2546 915 2610 adduci
928 2543 1090 2621 aliqnando
1100 2544 1133 2603 in
1143 2540 1326 2619 quibusdam
1341 2588 1344 2593 .

254 2636 325 2701 locis
339 2641 370 2699 in
386 2658 476 2719 grave
489 2647 569 2705 exitii
592 2648 756 2724 mortisque
777 2646 947 2725 periculum
967 2662 1021 2724 per
1044 2649 1165 2705 etmrna
1178 2648 1208 2703 et
1228 2647 1326 2703 mate-

255 2738 339 2799 rialia
349 2742 439 2803 etiam
459 2744 560 2807 media
570 2764 588 2805 a
599 2746 818 2807 scelestissimis
831 2746 1009 2815 hominibus
1022 2742 1166 2813 adhibita,
1180 2758 1249 2819 quae
1263 2756 1324 2805 nou

231 2841 368 2918 ,possint
380 2844 468 2904 alitor
479 2863 573 2924 quem
589 2848 760 2927 principum
775 2847 878 2909 sociali
890 2847 1021 2924 potentia
1034 2851 1065 2904 et
1077 2845 1107 2906 vi
1118 2845 1209 2905 etiam
1224 2847 1324 2914 mate-

249 2941 319 3000 riali
334 2945 514 3022 propulsari,
528 2947 701 3025 quotidiana
717 2948 855 3010 omnium
877 2946 1049 3010 amulorum
1066 2944 1248 3023 experientia
1261 2948 1322 3002 tes·

249 3047 340 3101 tatur.

287 3145 379 3220 Ergo,
392 3146 418 3206 si
430 3148 567 3227 princeps
579 3147 773 3226 christianus,
785 3163 887 3208 veram
899 3149 1008 3210 Christi
1019 3147 1111 3208 tidem
1121 3155 1151 3208 et
1159 3146 1321 3208 Ecclesiam

245 3243 277 3302 in
290 3245 359 3302 suis
379 3245 553 3321 regionibus
567 3248 606 3308 oh
620 3261 756 3308 externas
768 3249 965 3309 scelestorum
984 3247 1143 3307 hominnm
1157 3243 1323 3322 aggressio·

243 3357 299 3402 nes
321 3341 536 3420 periclitantem
556 3347 674 3420 videns,
690 3363 751 3408 non
772 3363 860 3417 eem‚‘
875 3353 1026 3423 quantam
1044 3350 1151 3423 potest,
1166 3343 1317 3419 defendat,

244 3442 303 3504 hoc
315 3443 608 3524 ipsopraoticenegat
619 3449 811 3510 christianam
826 3448 915 3508 tidem
928 3463 992 3506 esse
1005 3446 1216 3519 neceesarium,
1225 3444 1321 3504 chris·

246 3541 334 3602 tiene
353 3544 489 3606 Ecclesia
510 3547 633 3608 tinnum
655 3563 721 3608 esse
740 3546 789 3627 jus
812 3547 849 3608 ad
868 3546 1078 3623 existendum
1097 3551 1188 3622 negat
1206 3545 1320 3605 scilieet

243 3641 442 3702 christianam
461 3645 558 3723 ipsam
578 3647 668 3708 fidem
686 3655 776 3725 atque
798 3649 836 3708 ah
860 3646 989 3708 Ecclesia
1007 3645 1126 3724 publice
1139 3631 1270 3722 recedit;
1284 3659 1319 3704 ac

244 3741 373 3820 proinde
395 3743 563 3806 christiane
576 3747 730 3824 religionis
744 3748 875 3808 desertor
887 3753 918 3807 et
929 3751 1061 3825 apostata
1069 3742 1316 3820 autiudicandus.

282 3839 397 3902 idcirce
411 3843 546 3906 Christos
569 3847 714 3907 liomlnus
726 3847 905 3912 inclamabat
921 3866 929 3905 ι
947 3869 960 3902 e
977 3846 1036 3919 Qui
1049 3859 1111 3906 non
1121 3849 1167 3906 est
1183 3854 1316 3914 mecum,

239 3947 346 4002 contra
359 3958 408 4004 me
423 3950 483 4024 est;
498 3951 528 4006 et
541 3949 593 4023 qni
606 3963 672 4008 non
678 3949 792 4024 colligit
807 3963 939 4024 mecum,
954 3945 1124 4024 dispergite
1140 3940 1193 4020 (el.

279 4046 318 4104 il.
336 4045 442 4107 Omnis
453 4047 643 4123 christianus,
656 4065 690 4111 ac
702 4050 824 4128 proinde
836 4050 1085 4126 etiam‘pn'ncqu
1097 4046 1198 4105 tilium
1207 4048 1314 4103 sanetae

239 4146 347 4205 metris
370 4147 507 4208 Ecclesiae
522 4165 555 4208 ac
570 4148 697 4210 militem
720 4149 756 4210 ad
773 4165 839 4208 eam
858 4145 1081 4209 defendendam
1106 4150 1256 4204 armatam
1281 4158 1315 4202 se

237 4262 304 4306 esse
320 4246 494 4326 pmtitotur3
509 4249 607 4309 lilium
619 4250 742 4326 quidem
755 4265 808 4329 per
825 4248 1021 4326 baptismum,
1037 4244 1165 4304 militem
1180 4258 1251 4304 vero
1261 4259 1316 4320 per

235 4345 475 4408 confirmationis
496 4355 727 4409 sacramentnm.
748 4347 837 4424 Atqui
858 4346 925 4421 lege
946 4344 1013 4422 ipsa
1042 4341 1171 4407 naturali
1197 4346 1315 4401 mnetnr

235 4445 320 4506 illius
333 4453 468 4516 matrem,
491 4454 520 4508 et
531 4448 619 4508 miles
632 4449 759 4525 patriam
771 4461 857 4508 suam
869 4444 908 4504 ah
922 4442 1132 4522 improborum
1153 4439 1313 4503 ineditas

232 4551 263 4607 et
276 4547 392 4624 impetn
410 4545 569 4607 defendere
586 4547 729 4612 omnihus
745 4545 843 4608 modis
856 4545 913 4622 qui
927 4544 989 4603 sint
1009 4543 1041 4602 in
1062 4540 1116 4601 clii
1133 4539 1182 4602 rel
1203 4539 1309 4610 militis

186 4641 192 4650 '
231 4651 387 4724 potestate,
399 4647 489 4724 Ergo,
503 4651 558 4707 etc.
1040 4660 1043 4668 '

264 4765 532 4840 mmmm'
