3559 5675
447 746 508 811 too
857 762 936 809 runis
956 746 1126 824 sumnus:

447 872 536 931 tionis
549 878 579 930 'et
590 861 706 929 s'ocialis
720 868 835 929 roboris
846 869 1029 947 principium
1042 868 1081 927 sit
1096 868 1270 927 communis
1287 866 1398 943 religio.
1412 873 1495 925 osten·

442 972 520 1032 dunt
539 970 668 1050 prolecto
687 970 879 1031 celeberrima
904 968 1042 1047 exempla
1063 975 1129 1029 turn
1156 967 1339 1029 ethnarcbiae
1359 965 1497 1028 llahnme-

443 1078 530 1148 tane,
545 1088 613 1149 que
628 1071 670 1131 tot
680 1064 755 1130 olim
770 1075 927 1147 tantasque
936 1066 1152 1129 Christianitati
1174 1067 1274 1128 clades
1285 1065 1399 1140 intulit,
1409 1065 1499 1126 coedis

444 1170 483 1231 ad
504 1186 571 1231 earn
599 1168 833 1249 oppugnandam
859 1168 967 1247 opibus
993 1173 1023 1227 et
1040 1168 1134 1228 armis
1156 1166 1360 1247 plurimarum
1383 1164 1500 1241 gentium
1581 1215 1582 1236 p

444 1267 582 1349 qtmdem
596 1268 816 1348 superstitionis
823 1268 1038 1328 communione
1051 1268 1245 1343 jnnctarum3
1262 1270 1328 1325 tum
1342 1260 1502 1324 ethnamhia

444 1366 767 1444 metuendumque
776 1367 887 1427 multas
900 1366 1037 1426 nationes
1051 1363 1370 1442 sectasquehaeretiras
1383 1360 1417 1423 ad
1428 1364 1503 1422 unius

442 1481 521 1531 vern
534 1468 703 1530 christianis
712 1467 850 1529 Ecclesiae
858 1464 1024 1545 perniciem
1034 1465 1218 1527 moliendam
1228 1463 1338 1547 perdiu
1348 1462 1503 1534 concitarit;
1545 1483 1547 1486 ·
1581 1469 1582 1472 ’

441 1574 508 1631 nrm
529 1564 712 1631 ethnarehin
736 1566 1016 1637 Gracc-sussiaco,
1039 1567 1128 1642 cujus
1153 1566 1313 1643 princeps,
1342 1561 1503 1623 Russiaruni
1581 1579 1582 1596 ¹

444 1670 619 1747 imperetur,
641 1668 793 1742 dionisus,
815 1668 923 1729 Greeeae
943 1665 1076 1745 perfidias
1095 1667 1264 1742 veterisque
1280 1666 1314 1725 in
1337 1681 1392 1725 gua
1410 1660 1506 1723 Μ

326 1780 337 1803 ·
444 1768 581 1830 versutie
605 1782 640 1829 ac
662 1766 781 1829 sceleris
799 1765 1004 1828 hereditatem
1026 1764 1149 1843 plenam
1171 1762 1310 1845 adeptus,
1335 1759 1403 1843 post
1423 1762 1506 1823 retho-

444 1868 535 1929 licum
556 1866 733 1944 religionem
752 1868 785 1926 in
804 1868 867 1927 suis
887 1866 1054 1927 ditionibus
1070 1864 1124 1925 diu
1147 1862 1253 1926 multis
1274 1860 1374 1925 modis
1390 1870 1507 1925 remum

444 1974 535 2046 atque
554 1964 713 2035 efflictum,
734 1966 854 2027 intirmo
875 1956 1007 2043 denique
1027 1966 1194 2027 turcarum
1217 1966 1347 2043 imperio
1368 1962 1508 2042 iniquissi-

444 2080 531 2128 mum
550 2066 666 2127 bellum
688 2067 785 2145 primo
808 2079 862 2145 per
883 2066 1006 2127 fraudes
1027 2068 1160 2159 oocultas
1175 2066 1310 2145 pararit,
1334 2080 1415 2125 nune
1433 2080 1509 2131 vero,

445 2167 519 2228 dum
533 2166 597 2227 brec
612 2166 785 2244 scribimus,
800 2182 854 2244 per
868 2172 1005 2245 apertam
1017 2166 1094 2240 rim,
1111 2164 1366 2245 importunissimi
1380 2163 1510 2245 predonis
1581 2213 1582 2224 ,

444 2268 514 2344 jure
526 2266 616 2328 unico
629 2266 734 2340 iretus,
748 2264 856 2327 idcirco
873 2265 973 2335 infert,
990 2268 1024 2325 nt
1042 2264 1236 2326 schismaticae
1248 2264 1454 2343 baereticaeque
1465 2280 1511 2322 su·

450 2364 542 2429 dacio
559 2366 640 2438 sede,
656 2382 709 2427 seu
724 2366 824 2445 potius
837 2377 935 2441 antro,
954 2366 1087 2443 Byzantii
1102 2370 1250 2441 restituto,
1262 2364 1419 2426 catholicis
1430 2360 1511 2424 onni-

450 2466 509 2529 bue
521 2468 648 2547 Europe
659 2466 831 2527 ustionibus
850 2466 922 2527 inde
937 2466 1016 2526 terro
1032 2464 1217 2545 flammaque
1232 2468 1403 2527 minitetur.
1419 2466 1511 2525 Contra

451 2566 532 2645 pund
544 2566 813 2645 praesentissimum
826 2566 1057 2627 christianarum
1073 2568 1209 2643 gentium
1227 2562 1394 2626 discrimen
1411 2564 1509 2623 utinam

447 2668 633 2727 Francorum
644 2682 719 2743 gens
731 2682 748 2725 e
759 2670 799 2726 tot
808 2665 989 2726 seditionum
1000 2672 1030 2726 et
1040 2680 1177 2727 errorum
1186 2666 1404 2741 monstristem
1414 2662 1509 2743 pluries

445 2763 592 2827 diunitus
601 2763 735 2839 liberata,
748 2778 809 2826 non
820 2766 920 2827 solum
929 2781 1001 2827 eum
1011 2764 1105 2827 classe
1115 2764 1279 2844 copiisque,
1290 2772 1328 2825 ut
1336 2765 1417 2842 tacit,
1428 2775 1512 2823 auur·

446 2871 536 2941 reret,
558 2863 622 2941 sed,
642 2866 740 2928 Caroli
759 2867 859 2944 Magni
876 2871 1010 2946 tempora
1022 2867 1225 2944 virtutemque
1241 2865 1409 2940 recordata,
1424 2861 1512 2925 calbo·

445 2963 519 3026 dces
531 2979 638 3026 omnes
656 2966 801 3036 nationes,
813 2970 962 3044 quantum
974 2965 1041 3026 tieri
1054 2969 1162 3046 potest,
1182 2965 1391 3044 pulcherrimo
1409 2963 1513 3025 ethnar-

447 3063 522 3128 chie
552 3063 721 3126 christiane
743 3065 854 3127 tedere
883 3067 1078 3142 conjunctas,
1104 3065 1142 3126 nd
1166 3057 1332 3126 Ecclesiam
1358 3059 1513 3128 Christian

447 3161 592 3224 teterrimi
608 3163 704 3224 hostis
717 3164 834 3225 insidiis
843 3169 873 3226 et
886 3165 1109 3226 incursionibus
1123 3161 1346 3225 defendendam
1363 3181 1461 3226 seeum
1475 3159 1515 3222 ad·
1581 3222 1582 3227 ,

446 3261 584 3326 ᾱυωτοίῑ
596 3263 731 3324 infinitos
744 3263 815 3325 lnde
832 3265 1020 3343 optimosque
1036 3266 1151 3325 fructus
1169 3280 1240 3326 cum
1261 3267 1448 3327 Franconrm
1467 3255 1515 3321 im·
1581 3254 1582 3277 ¹

448 3365 578 3442 perium.
600 3367 665 3424 tum
685 3369 795 3425 cestus
819 3367 956 3426 nationes
975 3363 1125 3426 catholice
1138 3366 1336 3446 perciperent.
1357 3360 1512 3425 tuuumnn

448 3461 738 3540 nemouecstholira
751 3464 816 3526 brec
828 3463 1124 3526 ethnarchisvaleret
1136 3481 1198 3525 non
1218 3465 1320 3525 solum
1340 3465 1510 3540 erumpe
1581 3456 1582 3495 ³

450 3556 543 3620 totius
556 3557 724 3622 libertatem
734 3563 984 3639 securitatemque
996 3561 1164 3638 tutandam,
1188 3559 1241 3622 sed
1261 3563 1353 3623 etiam
1375 3561 1412 3624 ad
1426 3559 1512 3623 chris·

449 3657 565 3718 tienam
577 3657 667 3722 fldem
681 3659 714 3720 in
725 3659 927 3738 plurimorum
938 3660 1109 3740 pectoribus
1123 3661 1308 3739 consopitam
1325 3657 1512 3732 excitandum,

449 3755 488 3818 ed
500 3755 804 3836 populosehristinnn
820 3759 974 3838 religionis
984 3777 1087 3821 amore
1097 3759 1391 3838 rodenmannum
1407 3773 1514 3835 nonup-

448 3861 496 3918 tos
509 3872 608 3920 mores
624 3858 845 3938 expurgandus,
859 3859 897 3920 ed
910 3876 1019 3922 sensus
1029 3875 1188 3936 generosos
1201 3859 1406 3939 plurimorum
1417 3855 1512 3920 suini·

447 3951 529 4016 ludo
540 3953 664 4034 epnbmo
684 3955 905 4019 tabescentibus
918 3955 1041 4017 tandem
1060 3955 1226 4034 edocendo
1242 3957 1456 4018 infundendos.

493 4055 581 4116 12⁸0.
595 4057 662 4116 Poe.
683 4055 767 4116 6³2¹.
791 4087 830 4102 -
851 4057 887 4116 ln
907 4056 1132 4118 christianitate
1149 4063 1220 4118 sunt
1234 4054 1510 4118 essentialiterbina

452 4151 641 4216 securitates
665 4153 864 4226 sthnarehioe
895 4171 1046 4234 supreme
1065 4155 1154 4234 plane
1175 4154 1335 4231 distinete,
1366 4160 1456 4235 eune
1485 4153 1512 4212 iu

452 4252 579 4316 dirersis
592 4255 727 4334 personis
738 4253 915 4318 residentes.

494 4355 588 4418 Pecs.
603 4385 645 4402 -
661 4353 870 4416 Christianitas
885 4362 930 4418 est
940 4355 1114 4418 etbnerehie
1126 4355 1231 4435 mixte,
1245 4373 1282 4418 ex
1294 4357 1411 4437 duplici
1421 4353 1510 4418 ordine

453 4454 554 4518 rosini
575 4459 727 4528 comteus,
750 4454 899 4533 spirituali
920 4460 951 4515 et
972 4455 1133 4531 materiali,
1155 4457 1235 4516 sieut
1252 4454 1364 4534 duplici
1379 4451 1510 4517 societatis

448 4555 547 4634 specie
558 4553 754 4630 componitur.
768 4553 812 4616 Ad
824 4570 891 4616 earn
903 4556 1013 4634 quippe
1022 4556 1263 4616 constituendam
1272 4562 1380 4617 coeunt
1392 4555 1510 4615 ustiones

451 4671 522 4717 cum
534 4653 635 4715 sociali
652 4670 708 4714 sue
726 4661 831 4717 natura
849 4663 973 4718 externe
983 4663 1013 4716 et
1025 4658 1185 4730 materiali,
1197 4673 1268 4718 cum
1282 4659 1345 4717 suis
1357 4649 1510 4736 prineiprt'r

453 4753 511 4814 bus
526 4749 641 4822 ordinis
661 4756 774 4816 externi
788 4760 818 4816 et
830 4755 1008 4830 materialis,
1020 4771 1091 4816 cum
1105 4755 1171 4817 suis
1185 4755 1391 4816 materialibus
1403 4751 1508 4831 jurihu

453 4867 487 4944 po
498 4852 627 4932 viribus,
639 4869 708 4936 (pue
721 4854 957 4938 independenter
972 4855 1164 4918 aehristiens
1171 4856 1363 4918 multione
1373 4849 1498 4953 possiden
