3559 5675
868 734 948 781 llinis
968 734 1132 785 ulwurm

859 954 1065 1019 tenentos
1088 957 1138 1021 l'l.

559 1136 805 1201 Deetdnwluicoe
818 1140 1005 1202 auctoritatis
1016 1140 1121 1220 offiriu'o
1136 1142 1167 1201 iu
1179 1139 1283 1203 ardiso
1298 1140 1427 1223 politico.

501 1336 589 1399 tuln.
603 1341 670 1417 Pus.
686 1340 769 1401 615².
780 1372 821 1387 -
833 1338 1023 1401 Etbnarabiae
1036 1341 1210 1403 constitutio
1219 1340 1372 1419 qualibet,
1387 1348 1419 1401 ut
1430 1358 1510 1421 porse

456 1444 538 1520 justa
556 1441 605 1519 sit,
621 1440 699 1501 nulli
713 1442 863 1503 maiarum
878 1441 1035 1503 nationum
1048 1442 1195 1521 potiorem
1207 1442 1422 1520 auctoritatem,
1434 1456 1511 1519 quau

457 1540 580 1613 ueteris,
596 1540 761 1602 attribuere
772 1540 872 1601 debet.

498 1640 590 1701 P'uos.
608 1670 647 1684 -
665 1638 845 1701 Elhnarahia
866 1644 911 1699 est
929 1640 1073 1702 assumtio
1092 1641 1249 1701 nationum
1267 1641 1413 1719 reciprooe
1432 1652 1513 1717 aquu-

457 1736 545 1818 lium,
559 1738 635 1799 idest
642 1737 798 1817 aqualiter
806 1737 1090 1817 independentium:
1103 1737 1256 1816 alquehou
1265 1746 1311 1801 est
1323 1735 1515 1816 taommquod

457 1838 528 1899 dam
556 1840 759 1921 primitivum,
782 1837 820 1899 ad
842 1842 984 1898 naturam
1007 1838 1105 1916 ipsam
1127 1840 1285 1899 bubonum
1310 1840 1344 1899 in
1366 1840 1514 1900 sodeubn

456 1940 631 1999 coeuntium
639 1939 804 2017 pertinens,
817 1937 952 2014 adeoque
965 1937 1121 2016 posteriori
1135 1940 1307 2016 cuicunque
1320 1944 1429 2001 statuto
1437 1937 1516 1997 invio

459 2036 564 2101 labile.
579 2038 656 2113 Ergo
664 2036 814 2116 quidquid
823 2036 901 2097 bane
909 2037 1048 2102 omniurn
1061 2042 1091 2098 et
1101 2037 1294 2115 singularum
1304 2038 1518 2099 nationumouu

455 2136 631 2197 sociaturum
645 2137 846 2214 aequdilatem
864 2136 1062 2213 originariam
1075 2138 1108 2197 in
1121 2136 1316 2199 stbnarobioa
1329 2136 1517 2199 sombernone

456 2234 587 2315 luderet,
599 2237 749 2314 injuntum
763 2241 850 2298 esset.
866 2236 957 2313 Atqtd
966 2236 1121 2314 aqualilas
1131 2239 1187 2297 ista
1200 2236 1356 2299 euidenter
1364 2234 1516 2310 violaretur,

455 2336 530 2397 sicui
559 2337 709 2397 sociarum
733 2338 893 2398 nationum
917 2337 1032 2415 potiora
1049 2339 1135 2415 jura,
1164 2337 1261 2415 potior
1283 2337 1452 2410 auotoritas,
1472 2334 1516 2392 tri·
1588 2335 1589 2384 t

458 2436 632 2498 buerontur.
649 2438 738 2513 Ergo,
753 2442 810 2498 otu.

499 2536 596 2597 ttlu-
610 2540 741 2597 ennom.
756 2537 957 2598 -Omnibus
971 2538 1064 2613 igitur
1077 2542 1106 2597 et
1119 2534 1249 2613 singulis
1263 2537 1437 2597 nationibus
1449 2548 1516 2594 esso

457 2635 540 2697 cistis
564 2652 649 2712 aquo
667 2650 786 2715 semper
814 2652 879 2698 asso
903 2635 990 2697 debet
1015 2628 1285 2715 potestasjuriurn
1304 2652 1431 2696 snorum
1454 2630 1518 2711 apud

458 2730 1518 2815 etbuarobioumauutoritstomliberepersequendorurn,absaqueobti·

459 2834 550 2896 nendi
570 2835 718 2915 quidquid
733 2834 790 2898 sibi
810 2853 826 2895 e
844 2836 971 2914 justitias
990 2836 1110 2914 legibus
1131 2835 1266 2898 debetur.
1289 2840 1397 2914 ltaque
1410 2832 1519 2896 assunt·

458 2936 772 3012 bonumamicum,
794 2940 959 3013 quainter
982 2937 1177 2998 humaniores
1195 2951 1302 3000 omnes
1316 2936 1519 3016 populosnuna

458 3036 548 3114 viget,
563 3037 746 3114 mastinos,
765 3036 863 3117 qualis
877 3051 960 3096 nuno
978 3035 1118 3113 babetur,
1133 3037 1396 3115 imperfectissima
1409 3034 1520 3114 protecto

458 3139 491 3198 in
504 3137 561 3198 hau
572 3139 685 3199 ratione
694 3143 749 3200 eal.
767 3138 885 3199 Etenim
898 3140 1040 3214 amajore
1052 3136 1159 3214 quavis
1171 3136 1293 3198 natione
1306 3137 1410 3198 omnis
1419 3133 1520 3195 abnu-

458 3237 541 3298 ohina
555 3237 714 3298 auotoritas
734 3250 816 3296 nuno
838 3242 1003 3316 usurpatur
1018 3241 1048 3295 et
1067 3236 1237 3296 minoribus
1256 3236 1433 3298 nationibus
1451 3231 1521 3292 nullu

458 3335 655 3398 ethuarobica
674 3333 899 3410 gubernationis
920 3350 990 3414 pars
1009 3335 1135 3396 omnino
1156 3335 1358 3411 relinquitur,
1383 3336 1424 3394 ita
1444 3338 1485 3404 ut,
1501 3325 1521 3389 si

459 3437 588 3511 majores
612 3449 654 3493 ea
674 3431 809 3494 nationes
829 3451 848 3494 s
867 3431 1039 3494 minoribus
1059 3431 1201 3494 uexandis
1223 3439 1315 3511 atque
1335 3426 1521 3512 opprimendis

459 3532 622 3607 abstineul,
644 3531 674 3592 id
695 3531 822 3610 protento
842 3548 904 3593 non
918 3549 954 3594 ex
975 3533 1041 3612 ipsa
1053 3523 1521 3602 ethuarobiaeroustitutione‚sel

459 3649 494 3692 aa
505 3629 684 3692 individuali
697 3634 834 3709 gentium
848 3632 984 3710 illarum,
999 3638 1052 3693 aut
1065 3634 1236 3713 principum
1248 3647 1267 3690 a
1283 3631 1400 3708 quibus
1412 3629 1470 3688 ille
1483 3643 1522 3686 re-
1588 3696 1589 3721 ζ

459 3735 585 3807 guntur,
609 3737 661 3792 aul
678 3731 809 3810 denique
823 3749 859 3792 ex
879 3731 986 3793 mulus
998 3732 1177 3809 callidisque
1191 3731 1350 3806 subsidiis,
1364 3730 1474 3809 quibus
1484 3741 1521 3787 uu
1588 3726 1589 3729 ’

459 3831 649 3912 diplomatica
661 3835 766 3906 utitur,
782 3833 963 3931 plerumque
976 3835 1119 3895 exoritur.

502 3933 589 3994 1247.
607 3935 672 3996 Pon.
683 3933 1204 4021 616³.-ElbnurnbiaeuullumJ‘us
1221 3933 1388 3995 asttinium
1399 3925 1521 3994 territorii

460 4031 498 4094 ad
517 4032 611 4094 ullam
633 4049 650 4094 e
669 4035 757 4095 soniis
783 4035 954 4096 nationibus
980 4037 1168 4115 pertinentis,
1195 4036 1260 4113 ipsa
1286 4034 1396 4107 invita,
1420 4035 1521 4090 mutau-
1588 4068 1589 4095 i

458 4131 479 4192 d
498 4132 583 4193 rum.'
1065 4167 1068 4172 -

480 4149 592 4295 ⁰llnttu.
613 4265 654 4280 -
668 4232 850 4295 Ethnarahia
863 4232 985 4294 nullum
1002 4233 1056 4311 jus
1073 4232 1163 4294 babet
1176 4232 1208 4292 in
1225 4247 1261 4292 aa
1276 4231 1370 4303 bona,
1384 4243 1451 4307 qua
1468 4223 1521 4284 siu-

460 4335 540 4412 gulae
560 4337 709 4409 ustiones,
723 4341 885 4412 antequam
900 4335 1124 4396 etbnarobioam
1146 4335 1318 4395 motuum
1332 4331 1455 4406 inirent,
1467 4339 1520 4405 poe

460 4434 595 4495 sidebant
616 4435 693 4494 :illa
716 4449 847 4512 numque
868 4435 1043 4495 nationibus
1065 4433 1234 4511 equalibus
1250 4430 1449 4510 oomponitur,
1466 4435 1519 4500 qut
1588 4420 1589 4479 ἶ

461 4534 628 4597 voluntaris
646 4549 769 4614 prorsus
792 4535 938 4596 adlatam
960 4535 1131 4595 societatem
1151 4533 1305 4595 sormunt.
1325 4524 1519 4608 Ergonullau

459 4641 574 4716 mtem
594 4635 724 4713 jurium,
746 4652 815 4714 quae
834 4633 959 4696 illatum
980 4621 1518 4712 unicuique,mnquamett1nuohie

460 4732 695 4798 mnaeresoarem
697 4734 937 4815 ‚,compelebant
956 4732 1016 4794 ille
1030 4733 1173 4794 amittunt
1191 4732 1363 4793 societatem
1376 4727 1452 4788 nmo
1463 4721 1518 4780 ile·
