3559 5675
550 716 657 763 suasa.
682 732 721 747 ι-
743 713 826 761 siren
846 713 1036 763 poossumus.
1265 703 1323 762 ulit

249 825 366 899 nenda,
383 825 436 888 sed
451 842 557 887 omnes
569 832 599 886 et
619 825 757 903 singulos
772 822 923 899 homines,
946 825 1140 900 quantumvis
1162 822 1264 902 rudes,
1280 827 1325 887 in-

248 927 359 1003 doctos,
374 927 509 1005 ignaros,
524 926 689 1005 improbos,
704 925 808 987 statuit
826 926 907 1004 ipsos
919 924 1008 1004 plane
1022 922 1159 987 sufficere
1171 924 1208 986 ad
1227 915 1325 989 saeros

248 1026 363 1088 litteras
376 1025 591 1102 intelligendas
600 1025 719 1101 sibique
728 1024 930 1103 explicandas.
948 1025 1030 1085 liano
1043 1024 1166 1085 istorum
1181 1027 1325 1107 ineptiam

248 1127 400 1208 praeclare,
414 1132 449 1186 ut
462 1132 578 1198 cetera,
595 1133 812 1187 monstraverat
833 1124 935 1187 Canus
954 1126 991 1187 iis
1005 1124 1104 1187 verbis
1121 1127 1183 1203 (atr
1199 1129 1327 1202 «Quan-

248 1246 353 1306 quam,
368 1229 473 1303 fateor,
488 1227 637 1290 nonnulla
652 1232 723 1287 sunt
739 1226 899 1305 seriptum
910 1227 984 1305 looa,
997 1244 1064 1303 que
1078 1230 1109 1289 in
1129 1228 1225 1290 alium
1238 1236 1327 1309 atque

247 1329 344 1389 aliurn
358 1345 483 1390 sensum
502 1328 580 1397 trahi
595 1343 634 1387 ne
646 1342 665 1387 s
677 1326 871 1388 contentiosis
881 1326 1007 1405 quidem
1022 1335 1157 1409 possunt.
1172 1332 1230 1405 Qui
1244 1332 1325 1393 enim

247 1428 326 1490 illuri
342 1434 480 1509 torqueat
500 1427 582 1505 quod
598 1426 711 1487 Paulus
731 1426 768 1488 ad
780 1427 952 1488 Corinthios
964 1428 1093 1507 scripsit,
1104 1430 1155 1490 alii
1170 1446 1222 1509 per
1236 1431 1329 1509 Spiri-

246 1536 315 1591 tum
339 1530 406 1591 dari
427 1545 600 1591 sermonem
614 1528 778 1607 sapientia,
794 1528 847 1589 alii
873 1545 1045 1590 sermonem
1056 1532 1201 1609 solentis,
1215 1533 1266 1593 alii
1282 1533 1329 1593 in·

246 1631 491 1710 terpretationem
513 1630 718 1691 sermonumt
738 1629 776 1687 At
798 1628 848 1688 isti
862 1629 966 1689 omnia
983 1630 1174 1695 ecelesiastioi
1198 1634 1329 1714 eorporis

245 1734 357 1792 munia
368 1730 570 1805 confundunt,
580 1730 646 1789 istis
661 1734 758 1793 totum
769 1744 879 1809 corpus
887 1730 1046 1791 estooulus
1059 1752 1088 1793 r.

282 1834 323 1892 9ο
341 1832 448 1893 Delire
469 1831 580 1894 ruentis
602 1835 681 1892 esset
699 1828 871 1907 religiosam
897 1832 1069 1911 quampiam
1093 1834 1262 1897 sociotatem
1288 1836 1328 1896 ita

246 1932 445 2005 constituere,
455 1938 491 1991 ut
501 1931 554 2008 qui
566 1929 660 1991 falsas
672 1929 916 2009 periculosaque
927 1930 1074 1993 doetrinae
1086 1933 1161 1995 lorte
1175 1935 1329 2011 invehant,

245 2034 340 2095 nulle
353 2034 467 2113 possint
480 2037 595 2095 ratione
607 2032 730 2093 revinci.
745 2033 837 2108 Atqui
858 2031 916 2093 hoo
934 2033 1023 2111 plane
1036 2033 1125 2095 modo
1138 2036 1328 2097 christianam

244 2136 418 2198 Ecclesiam
431 2140 626 2214 protestantes
637 2135 832 2195 constitutam
842 2133 965 2194 rolunt.
994 2135 1138 2197 «Etenim
1159 2138 1239 2199 unde
1257 2154 1333 2200 oon-

244 2236 355 2312 stabit,
365 2234 499 2311 hujusne
508 2250 548 2293 an
558 2234 643 2295 illius
655 2233 934 2309 intelligentiorem
944 2235 995 2310 sit,
1008 2235 1033 2295 si
1047 2236 1213 2316 Soripturas
1223 2238 1333 2317 cuique

244 2338 340 2399 liceat
360 2352 413 2415 pro
426 2351 483 2401 suo
501 2335 624 2410 ingenio
641 2334 853 2414 interpretarit
867 2336 970 2408 Quum
983 2335 1065 2395 enim
1079 2338 1168 2397 varie
1182 2345 1282 2413 amnt,
1299 2346 1334 2398 ut

246 2438 297 2514 lit,
321 2435 361 2497 de
377 2434 482 2496 eodem
496 2434 717 2513 seripturarum
736 2433 800 2495 looo
821 2434 985 2513 sententie,
1006 2450 1074 2512 quae
1095 2442 1175 2497 oerta
1197 2439 1248 2513 sit,
1266 2454 1332 2499 earn

248 2553 347 2599 nemo
367 2534 527 2613 prestabit.
544 2535 568 2593 li
582 2535 664 2595 enim
677 2535 848 2611 omnesqui
862 2535 942 2597 inter
954 2552 986 2596 se
999 2534 1185 2615 dissentient,
1205 2540 1268 2617 pari
1283 2556 1333 2599 ra-

248 2641 336 2701 tione
351 2653 444 2699 suum
455 2637 584 2714 quisque
598 2652 721 2697 sensum
736 2635 911 2697 tuebuntur.
930 2637 992 2699 lloo
1004 2638 1086 2698 enirn
1097 2639 1192 2700 morbi
1207 2640 1269 2701 lere
1284 2640 1335 2701 in-

247 2746 363 2801 natum
375 2743 423 2799 est
434 2735 593 2797 hominum
605 2736 747 2813 ingeniis,
758 2742 793 2795 ut
805 2736 910 2798 redere
923 2738 1069 2813 nesciant,
1082 2740 1174 2800 simul
1185 2747 1275 2818 atque
1286 2758 1335 2803 res

248 2842 283 2902 in
300 2839 525 2900 eontentionem
539 2843 641 2898 roeata
659 2841 714 2896 est.
737 2836 810 2910 Quae
834 2842 989 2914 postquam
1005 2837 1132 2900 inoaluit
1150 2840 1207 2902 hoo
1224 2842 1334 2919 ouiquu

248 2941 376 3003 ridetur
383 2939 589 3015 verissimum,
602 2934 685 3015 quod
696 2941 809 2996 temere
819 2936 909 2996 etiarn
921 2937 1068 2998 luenduni
1079 2941 1242 3018 susoeperit
1253 2938 1330 3018 (blo

250 3043 365 3120 lgitur‚
378 3046 413 3100 ut
427 3039 524 3118 pergit
537 3036 741 3114 argumentari
753 3034 945 3096 uoeusnmus
957 3037 1003 3097 vir
1013 3041 1102 3115 eujus
1115 3038 1205 3099 verba
1219 3040 1334 3100 relere-

250 3139 436 3218 bamus,oel
445 3138 737 3199 omuessententiam
746 3151 901 3213 quemque
912 3152 999 3196 suem
1009 3144 1118 3197 sertam
1132 3138 1241 3200 habere
1251 3157 1335 3220 opor·

251 3243 344 3316 tebit,
359 3239 498 3317 quamvis
512 3237 571 3298 illae
583 3255 615 3302 se
628 3243 736 3298 mutua
749 3237 946 3314 repugnantia
959 3236 1133 3318 destruaut3
1153 3246 1181 3300 et
1193 3241 1269 3302 redit
1282 3259 1337 3302 re·
1405 3275 1409 3284 ·

251 3353 358 3405 terum
374 3337 577 3417 quorumdam
589 3337 709 3398 insania
722 3337 760 3397 ab
773 3336 931 3398 Aristotele
948 3338 1087 3417 explosa,
1109 3340 1146 3400 ab
1164 3341 1337 3418 Hegelianis

253 3458 357 3522 nuper
381 3441 417 3502 in
437 3440 555 3516 aliquas
577 3438 694 3499 soholas
714 3443 863 3514 revooata,
886 3440 1049 3500 sententias
1071 3441 1182 3502 seilicet
1203 3443 1281 3504 inter
1305 3461 1338 3504 se

254 3541 503 3607 eonnadietorias
517 3555 582 3600 esse
599 3554 685 3616 aequo
700 3541 771 3615 jnre
787 3555 892 3599 omnes
913 3556 1020 3601 veras:
1043 3541 1090 3602 vel
1109 3543 1141 3602 in
1162 3559 1196 3603 ea
1214 3550 1339 3604 senten·

255 3647 374 3705 tiarum
399 3638 618 3702 oonlliotstione
640 3637 758 3706 nullius
781 3640 839 3699 erit
860 3645 973 3699 oertum
993 3641 1162 3717 judicium3
1189 3649 1218 3703 et
1240 3646 1339 3704 omnis

256 3743 405 3806 evertitur
424 3740 572 3817 religiosa
589 3739 731 3799 doetrinae
749 3738 876 3798 firmitas
898 3743 928 3798 et
948 3742 1132 3802 commuuio.
1151 3742 1219 3802 Sive
1239 3749 1341 3804 eutem

257 3845 380 3908 dicatur
390 3842 529 3902 omniurn
542 3845 572 3900 et
584 3837 775 3916 singulorum
785 3837 938 3914 judicium
951 3855 1017 3898 esse
1028 3841 1138 3916 pariter
1152 3857 1265 3916 verum,
1280 3842 1343 3903 sire

258 3945 376 4024 pariter
390 3936 660 4016 incertum,eodem
673 3937 762 3998 modo
775 3937 941 3998 christiana
954 3939 1054 3998 omnis
1068 3937 1141 4000 fides
1155 3940 1241 4018 perit.
1251 3943 1338 4012 Nam,

260 4043 289 4102 si
299 4036 533 4102 contradictoriae
544 4035 667 4096 illorum
679 4035 835 4095 sententie
845 4032 987 4094 dicuntur
1001 4035 1109 4114 pariter
1120 4051 1209 4111 rerae,
1224 4051 1343 4114 nequa-

262 4155 361 4218 quam
376 4137 437 4199 illae
447 4142 574 4216 possunt
586 4150 651 4196 esse
663 4133 773 4195 Christi
787 4133 909 4194 Domini
920 4132 1065 4207 doctrina,
1078 4135 1112 4194 in
1125 4149 1186 4212 que
1199 4134 1285 4197 nulla
1298 4137 1346 4197 iu-

265 4248 352 4300 terna
375 4252 494 4317 pugna,
517 4233 604 4296 nulla
625 4233 756 4312 partium
778 4232 971 4293 ooutrmietas
991 4232 1064 4308 lingi
1090 4237 1195 4314 potest.
1223 4234 1254 4294 Si
1276 4252 1347 4296 vero

264 4338 411 4400 dicuntur
428 4351 534 4396 omnes
551 4333 661 4414 pariter
680 4333 815 4407 incerte,
834 4332 913 4394 nihil
932 4347 1003 4408 ergo
1023 4332 1095 4394 uerti
1118 4332 1156 4395 de
1176 4335 1348 4396 christianis

265 4437 413 4501 doctrinis
431 4436 587 4514 reliquum
604 4433 762 4495 habemus.

308 4542 363 4600 10⁰
373 4537 433 4610 Qui
447 4533 568 4597 duobus
582 4533 641 4596 sibi
653 4534 810 4615 propositis
822 4535 1012 4614 testimoniis,
1026 4535 1165 4612 quamvls
1177 4535 1231 4598 illa
1243 4535 1350 4598 iisdem

304 4749 346 4817 (o)
361 4750 418 4800 lor.
428 4747 483 4812 cit,
491 4747 535 4799 lib.
549 4750 574 4812 ³,
585 4760 645 4812 esp.
656 4750 680 4799 t.
688 4769 719 4784 -
727 4746 765 4810 (t)
775 4745 840 4796 loiri.

401 4847 434 4898 u.
1157 4829 1196 4892 st
