3559 5675
564 764 668 811 ιιιιιιιι.
695 784 731 797 -
755 766 838 812 nime
858 766 1047 815 anonumum.
1273 748 1333 813 nti

275 868 426 949 seriptum
444 866 563 930 nuliam
578 886 699 951 proram
718 872 884 935 admittunt
901 876 1108 937 idoneitatem
1121 872 1326 938 infallibilem.

276 970 354 1044 Ergo,
368 974 421 1030 eie.

308 1070 380 1146 Ergo
397 1078 590 1149 proteeiauiee
610 1073 714 1135 nullae
735 1074 846 1137 habeut
866 1076 1030 1156 niripiunt
1041 1075 1263 1153 tauromenum
1275 1074 1330 1138 lta-

273 1168 334 1228 bere
346 1180 477 1247 porsuni.

309 1267 390 1329 iiii.
404 1270 534 1332 (hrota.
555 1272 580 1331 t.
598 1302 636 1317 -
649 1272 717 1333 lam
729 1270 819 1334 laaile
833 1272 897 1334 han
908 1273 965 1335 tria
977 1274 1107 1352 quinque
1120 1272 1264 1349 intelligit
1278 1285 1288 1331 ι

306 1374 335 1429 t·
348 1370 603 1431 Pioimlaniiemos
615 1370 647 1430 in
661 1368 905 1431 Rationaiiemum
918 1374 1084 1435 demoratio
1096 1370 1216 1434 dedidit.
1232 1372 1332 1433 llario·

270 1466 406 1527 mlismua
420 1481 552 1545 nemque
564 1467 674 1529 dieitur
685 1486 721 1529 ea
737 1468 873 1531 donnino
884 1486 952 1548 quae
965 1469 1177 1533 revelationem
1188 1486 1332 1549 superna·

270 1567 388 1629 inrnlem
408 1575 508 1645 negat,
525 1569 662 1647 nihilque
673 1568 791 1630 homini
809 1587 874 1633 eoae
889 1570 1110 1633 admittendum
1123 1571 1235 1646 statuit,
1249 1569 1331 1647 quod

269 1666 405 1727 damnalia
417 1669 450 1729 in
460 1683 644 1746 unoquoque
652 1669 776 1731 homine
791 1671 915 1732 milonio
928 1670 1250 1750 massmannum
1263 1686 1333 1747 pro·

269 1770 465 1829 uaiamlamus
485 1773 590 1847 tuapte
604 1774 712 1829 natura
725 1769 819 1830 tendit
831 1772 998 1832 nemasmlo
1017 1770 1055 1831 ad
1071 1770 1331 1851 supernaturalem

267 1882 378 1929 omnem
394 1868 609 1929 revelationem
622 1869 803 1946 negandam,
818 1876 908 1948 nique
919 1871 956 1933 ad
970 1870 1133 1947 rejioienda
1145 1872 1247 1933 omnia
1265 1886 1332 1949 quar

267 1967 403 2028 naturalia
417 1968 573 2029 rationalia
586 1970 618 2029 in
633 1982 815 2047 unoquoque
823 1970 948 2033 homine
959 1972 1038 2033 vires
1051 1970 1182 2034 eneedni.
1196 1972 1269 2031 llam
1281 1986 1333 2029 su·

266 2068 458 2144 permaturalia
469 2070 569 2129 omnir
584 2070 725 2131 revelatio
738 2069 858 2131 duobus
871 2070 1053 2144 coutimini,
1067 2070 1269 2148 scripturum
1286 2069 1331 2129 di-

265 2165 335 2225 rinia
345 2167 567 2229 traditionibus.
577 2168 1195 2248 littradiiioneaprotealaniismuaomnino
1205 2170 1328 2249 respuit.

264 2265 424 2344 seriptum
435 2282 506 2328 vero
519 2267 561 2327 iio
569 2270 684 2346 amipli,
700 2274 848 2331 uteorum
858 2268 1047 2331 divinitatem
1057 2270 1234 2331 oonsilinere
1246 2267 1332 2329 nollo

265 2364 345 2426 nodo
359 2368 465 2443 possit.
484 2369 571 2443 Ergo,
590 2369 734 2445 quoniam
748 2368 826 2432 nihii
843 2368 978 2429 humana
996 2382 1083 2431 mens
1100 2372 1253 2443 tamquam
1265 2382 1332 2433 not-

263 2468 322 2523 ium
340 2472 440 2544 potest
458 2466 624 2544 admittere,
646 2466 729 2544 quod
751 2482 813 2527 non
826 2472 908 2528 ouria
930 2466 1030 2529 ridant
1046 2465 1160 2527 ratione
1173 2466 1331 2533 annilrrua·

263 2568 334 2639 tum,
343 2568 569 2645 seripturarum
582 2568 771 2629 divinitatem
782 2572 922 2646 poterunt
932 2566 1057 2644 quidem
1069 2570 1265 2645 protestantes
1278 2564 1333 2625 ali·

262 2667 405 2745 quandiu,
431 2668 672 2746 praeiudiciorum
695 2670 726 2729 vi
746 2675 885 2746 urgente,
907 2666 1078 2746 affirmarep
1098 2673 1130 2731 at
1155 2666 1219 2729 hmo
1244 2665 1330 2743 lidae,

263 2782 378 2844 promus
405 2768 573 2841 arbitraria,
597 2770 741 2848 paulatim
764 2769 938 2847 langueamt
959 2774 1049 2846 amun
1070 2768 1195 2829 omnino
1210 2765 1331 2828 tandem

260 2871 452 2947 extinguatur
471 2871 504 2931 in
522 2886 627 2931 eorum
650 2871 761 2931 animia
773 2884 896 2932 neaerae
918 2876 972 2931 eni.
990 2869 1142 2944 Quamdiu
1163 2885 1232 2930 vern
1253 2868 1331 2930 hano
1428 2935 1432 2943 ,

262 2967 344 3028 iidem
358 2969 504 3044 retinent,
527 2970 735 3030 rationaliemo
755 2974 816 3032 tota
835 2985 941 3030 eorrrm
962 2969 1095 3030 (lontrina
1117 2967 1260 3041 inlinitur,
1276 2965 1332 3026 hoa

261 3066 419 3145 ipsoquod
433 3066 601 3146 Scripturas
615 3067 781 3146 anianique
799 3066 1034 3146 interpretandas
1056 3064 1257 3130 individualis¹
1269 3081 1335 3126 aum
1369 3111 1372 3118 .

260 3157 380 3228 rationis
396 3159 513 3230 virilius
525 3169 712 3247 permittunt.
725 3169 827 3242 Quum
840 3169 924 3230 eninr
933 3167 1091 3245 Soriplurm
1102 3166 1163 3228 sini
1174 3181 1236 3226 non
1249 3180 1334 3226 voea-

260 3266 341 3343 bula,
354 3267 411 3328 ned
424 3284 548 3343 senario,
563 3285 721 3346 quumque
735 3270 956 3348 Soripiurerum
975 3281 1082 3330 denaus
1103 3281 1164 3326 non
1181 3282 1201 3334 a
1214 3264 1332 3326 Christo

260 3369 385 3429 damino
399 3385 455 3448 per
466 3369 621 3446 Apostolos
634 3385 668 3430 au
680 3371 818 3431 Doctores
829 3369 866 3430 nd
880 3377 937 3430 nos
950 3384 1046 3446 uaque
1060 3366 1264 3442 lranamisaua,
1280 3364 1332 3426 aed

259 3469 294 3528 alr
305 3483 491 3547 unoquoque
504 3469 627 3530 homino
639 3487 693 3549 pro
709 3471 823 3548 ingenii
841 3470 891 3530 aui
907 3469 1031 3530 modulo
1046 3467 1202 3544 nonliutua,
1221 3483 1334 3544 nequa·

259 3583 349 3644 quam
363 3569 406 3628 eii
418 3563 619 3648 briderium,
630 3570 683 3632 red
696 3585 814 3640 merum
829 3572 939 3631 manlio
953 3569 1094 3652 humanu
1110 3563 1332 3644 mentum}

259 3668 380 3732 aridem
393 3669 525 3747 proiecto
537 3677 593 3745 esi,
605 3671 881 3756 aproieatantilrua‚
893 3671 994 3732 atatim
1008 3685 1043 3732 no
1056 3671 1213 3748 Soripiurn
1224 3681 1332 3736 aennon

260 3766 426 3846 unicuique
439 3769 628 3830 definiendus
645 3751 837 3848 permittitur,
857 3769 1070 3832 revelationem
1088 3784 1210 3831 omnm
1224 3783 1333 3854 nuper·

260 3866 429 3950 naturalem
440 3869 561 3929 arbitrio
573 3871 696 3930 rationis
709 3869 904 3930 individualis
917 3868 1007 3947 plana
1018 3867 1136 3942 aubiioi.
1170 3861 1184 3910 ἶ
1214 3893 1217 3902 ·
1244 3853 1249 3862 “
1291 3864 1317 3902 -“

296 3969 330 4027 2⁰
341 3971 438 4030 Nemo
450 3985 468 4028 e
480 3969 710 4046 protestantibus
727 3950 903 4049 potentiora,
919 3965 1077 4029 Edmundn
1098 3963 1333 4040 Soherern‚·iioo·

261 4070 314 4128 tori
331 4070 520 4147 protestanti,
537 4084 774 4140 numennumen
790 4067 872 4145 quod
894 4069 933 4145 ia,
950 4067 1086 4144 qidnquo
1105 4064 1214 4125 abilina
1232 4063 1331 4137 annia,

258 4165 418 4244 theologia
430 4166 462 4225 in
473 4167 641 4228 Generenai
655 4168 851 4228 linireraiiaie
859 4163 1042 4244 Europeiieo
1056 4161 1195 4224 dnonndn
1207 4175 1332 4225 munere

259 4266 406 4341 amicalo,
421 4266 540 4346 publice
553 4249 645 4328 fuerit
655 4257 807 4345 pro'leaaus
818 4267 935 4328 sincera
950 4263 981 4326 ιο
996 4257 1199 4340 diuturnaque
1212 4261 1255 4322 rei
1269 4276 1334 4338 par-
1392 4271 1396 4280 ·

258 4369 456 4444 vestigatione
473 4369 586 4428 ineam
603 4369 827 4447 pernumionem
840 4367 889 4428 vel
905 4367 1036 4428 inritum
1051 4364 1144 4426 luiaee
1159 4362 1332 4438 adductum,

259 4473 294 4526 ni
309 4469 387 4528 iiovi
403 4470 583 4528 Testamenti
597 4469 791 4546 rejiciendam
806 4484 872 4529 aare
887 4469 1093 4530 auotoriiatem
1101 4471 1252 4527 statueret.
1269 4466 1336 4526 Ete-

258 4567 863 4642 nim‚diriniatraditinnilriraetlioalerirr
872 4561 1197 4646 llonranlnauetnrltete
1206 4565 1337 4644 rejectio,
1447 4603 1449 4608 -

258 4669 360 4727 omnia
377 4674 552 4746 protestans,
564 4671 590 4730 si
604 4669 694 4731 modo
706 4671 776 4731 velit
790 4671 904 4738 sineere
918 4687 951 4732 ao
969 4670 1132 4752 prudenter
1145 4665 1333 4740 ratiocinari,

260 4767 348 4828 ileoei
362 4757 482 4846 prorius
496 4768 569 4831 litun
582 4770 735 4848 devenire,
747 4778 781 4831 ui
791 4770 926 4832 divinam
940 4773 1145 4834 auctoritatem
1161 4785 1222 4830 uon
1234 4767 1333 4830 tolum
