3559 5675
470 704 529 765 tua
880 721 960 766 rums
980 722 1139 767 aaronica

474 824 600 887 sectione
614 829 725 906 agilum
735 830 879 907 quoniam
892 828 928 889 ad
942 828 1063 889 nullum
1075 827 1160 889 illius
1173 826 1299 903 gradum
1312 827 1511 889 determinatum

475 926 613 989 homines
625 930 773 991 individui
788 930 912 1010 precisa
921 929 1104 1007 obligantur,
1118 932 1160 991 ita
1168 930 1297 991 societas
1309 946 1453 1007 nunquam
1462 930 1513 989 illos

474 1023 561 1087 debet
574 1027 611 1087 ad
625 1036 739 1091 certum
754 1029 854 1091 ullum
871 1028 1060 1107 perfectionis
1073 1028 1203 1105 gradum
1224 1029 1433 1107 acquirendum
1446 1030 1515 1091 abeo

476 1128 540 1189 luta
553 1144 668 1209 cogere,
683 1130 735 1194 sed
751 1131 850 1191 solnm
864 1128 972 1191 iisdem
994 1131 1127 1208 praebere
1150 1138 1242 1207 atque
1255 1132 1431 1210 amplificare
1441 1130 1517 1189 medis

477 1228 668 1305 cognitionis,
695 1229 957 1292 incitamentorum
981 1237 1012 1291 ct
1029 1230 1192 1308 facultatis,
1213 1247 1281 1307 quae
1295 1228 1389 1291 tribue
1405 1230 1518 1289 hnmana

478 1329 601 1395 anienis
614 1330 782 1409 principiis,
806 1332 913 1403 menti,
929 1331 1078 1396 uoluntati
1098 1347 1133 1391 ac
1149 1332 1190 1405 ui,
1214 1332 1401 1410 respondent.
1418 1330 1520 1391 lltbun

479 1428 548 1489 clria
561 1445 631 1489 vero
650 1446 685 1491 eo
698 1433 814 1507 majore
828 1427 973 1491 suavitate
997 1432 1030 1489 in
1044 1422 1227 1491 'nationibus
1246 1431 1336 1491 reads
1347 1429 1384 1490 ad
1395 1430 1520 1507 perlecto

478 1546 548 1591 ncm
566 1531 777 1609 promouendis
796 1532 838 1591 uti
854 1530 953 1605 debat,
965 1530 1045 1609 quod
1064 1532 1189 1607 majoris
1208 1532 1354 1591 momenti
1367 1530 1521 1591 estuatione

478 1646 570 1707 quam
580 1618 730 1691 individui
745 1630 881 1691 libertas.
893 1632 930 1691 nt
940 1647 1011 1691 vero
1024 1630 1088 1691 rim
1108 1629 1242 1708 cuipiam
1262 1630 1375 1689 inlerre
1394 1634 1428 1687 ut
1436 1634 1522 1689 uerno

478 1728 642 1807 quamdam
656 1731 867 1808 perfectionem
882 1732 1040 1807 acquirere
1065 1737 1201 1807 cogebar,
1224 1729 1384 1791 manifeste
1406 1734 1525 1805 repugnet

478 1827 583 1905 prima
597 1828 715 1897 socialis
739 1830 864 1891 audonis
877 1827 951 1906 legi,
972 1846 1042 1905 qna
1062 1829 1096 1892 in
1117 1835 1186 1907 apta
1206 1829 1328 1907 jurium
1342 1828 1525 1907 temperatione

475 1926 564 2000 Juxta
586 1922 682 1985 varias
709 1926 901 1987 collisionum
926 1926 1057 1986 rationes
1071 1926 1209 1987 consistit
1232 1924 1329 2004 (843).
1357 1921 1526 1986 Etenimtalis

396 2048 397 2051 κ
480 2024 587 2101 agenn
600 2025 674 2085 ratio
693 2025 836 2103 inspius
850 2024 1013 2087 aramus
1033 2024 1197 2087 omissum
1216 2025 1406 2102 pensemus
1424 2021 1526 2083 vnaius

444 2130 446 2137 ’
482 2140 661 2202 essequam
681 2127 735 2201 Jus
749 2124 904 2185 libertatis.
933 2124 1020 2198 Quod
1042 2142 1116 2186 sane
1136 2124 1401 2186 contradictorium
1412 2122 1526 2198 estquis

481 2224 616 2303 consilio,
643 2224 723 2303 quod
742 2225 939 2285 essentialiter
961 2226 1040 2287 circa
1059 2241 1125 2285 ram
1146 2222 1268 2285 tomam
1283 2231 1431 2299 uersatur,
1443 2222 1526 2282 moi·

482 2325 586 2387 buitur
606 2324 797 2385 excludenda
821 2325 901 2385 circa
926 2322 1064 2385 eamdem
1087 2321 1325 2385 remlr'bertotis.
1354 2317 1526 2384 Promouende

483 2442 555 2502 ergo
564 2430 611 2486 est
621 2424 771 2501 perfectio,
784 2440 844 2485 nun
859 2422 1048 2503 imperanda.

521 2526 570 2599 at,
583 2524 726 2601 quoniam
738 2524 822 2583 omni
836 2523 963 2595 nationi,
976 2524 1056 2584 sicut
1073 2523 1158 2585 omni
1173 2521 1342 2597 individuo,
1356 2520 1527 2593 strictonius
1571 2599 1572 2608 ἵ

484 2628 529 2685 est
542 2623 729 2701 perier-tionis
743 2621 1085 2701 praeostendamus
1102 2623 1350 2699 uniuscuiusque
1362 2623 1529 2699 gendarum·
1571 2623 1572 2632 ’

484 2728 534 2783 tus
548 2720 585 2781 ad
598 2722 787 2800 perlectiouis
799 2728 913 2800 partem
940 2722 1077 2799 aliquam
1093 2720 1289 2783 obtinendam
1309 2720 1475 2802 protegendi
1484 2718 1527 2777 uti·

484 2839 543 2900 que
558 2822 595 2883 ab
609 2822 801 2884 ethnarcbica
813 2822 987 2884 auctoritate
1000 2826 1085 2896 suut,
1099 2823 1142 2884 ita
1151 2827 1185 2883 ut
1198 2822 1354 2884 utillaalia
1365 2837 1437 2898 gens
1448 2817 1530 2880 audeat
1571 2896 1572 2913 ἵ

484 2923 614 3002 cuipiam
628 2925 775 2984 sociarum
787 2923 926 3000 gentium
953 2922 1152 3000 tranquillum
1172 2922 1256 2982 illius
1265 2923 1349 2999 juris
1361 2937 1447 2982 usum
1462 2920 1529 2995 impe

486 3024 560 3084 dira.
576 3026 738 3099 Quumque
750 3021 807 3084 hoa
818 3026 871 3100 jus
882 3022 920 3082 ad
932 3023 1066 3084 striatam
1080 3023 1230 3099 justitiam
1239 3023 1401 3102 pertineat,
1415 3024 1474 3098 eJ'us
1484 3018 1529 3076 rio

486 3123 555 3184 latio
570 3121 774 3203 propulsanda
787 3127 817 3184 et
831 3121 1003 3184 ulciscenda
1026 3127 1072 3183 eet
1084 3123 1227 3184 omnibus
1251 3122 1374 3194 madiis,
1395 3115 1530 3198 quibusvis

486 3224 524 3284 ab
538 3224 652 3301 injusto
664 3239 836 3300 aggressura
849 3221 931 3283 illata
949 3222 1120 3302 propulsari
1142 3229 1173 3283 et
1191 3223 1296 3301 puniri
1310 3228 1447 3301 potestur
1459 3217 1529 3277 debu.
1571 3288 1572 3293 ἵ

531 3321 617 3384 1239.
642 3325 710 3386 Pos.
738 3323 822 3386 612¹.
847 3355 887 3370 -
910 3324 1086 3386 auctoritati
1100 3322 1304 3384 othuarchioae
1315 3326 1409 3402 juset
1428 3318 1530 3381 omum

486 3421 609 3500 quitiam
623 3429 669 3487 cet
690 3423 884 3502 impediendi,
900 3439 940 3484 ne
960 3423 1109 3502 principia
1127 3423 1254 3502 publiea
1267 3423 1444 3498 honestatis,
1458 3417 1488 3479 ad
1499 3430 1532 3474 ab
1571 3430 1572 3473 f

488 3524 601 3584 rietatis
612 3523 775 3600 cujuslibet
786 3525 974 3585 existentiam
989 3525 1169 3600 peomne,
1195 3524 1317 3602 publice
1336 3518 1533 3601 apparatura
1571 3510 1572 3539 ³

488 3623 583 3684 socias
597 3628 786 3700 spectantum
800 3629 831 3684 nt
841 3639 1033 3700 naquaquam
1043 3625 1097 3700 jus
1120 3623 1221 3684 eidem
1240 3630 1285 3684 est
1299 3622 1395 3684 ulline
1407 3614 1532 3700 peculiaria

490 3723 710 3799 religionisulli
724 3723 862 3800 gentium
872 3723 1085 3784 associatamm
1096 3725 1223 3802 pervim
1235 3731 1391 3802 utcunque
1411 3723 1532 3799 impono·

491 3823 560 3884 dae:
585 3831 680 3902 potcst
700 3830 799 3884 umen
822 3823 1015 3884 suasionibus
1033 3826 1078 3885 uti
1099 3825 1137 3886 ad
1150 3825 1343 3901 religionem,
1359 3839 1447 3900 quam
1458 3828 1531 3880 reno

488 3922 614 4000 judicat,
626 3924 706 4002 apud
723 3923 789 3985 illas
804 3923 1041 4004 propagandam,
1056 3931 1208 4001 amueeoa
1226 3924 1280 4001 qui
1294 3923 1386 3984 fidem
1399 3937 1468 3982 vera
1479 3913 1530 3976 reli·

491 4025 573 4101 gioni
589 4025 707 4103 publica
722 4025 824 4086 datam
837 4023 958 4103 publice
971 4024 1159 4099 violaverint,
1183 4024 1291 4102 punire
1306 4039 1343 4084 ae
1356 4024 1386 4082 vi
1398 4017 1530 4082 mutinen-

529 4127 663 4198 Quatuor
678 4125 814 4204 partibus
824 4124 887 4185 bac
900 4124 1012 4203 positio
1020 4130 1150 4198 constat,
1156 4139 1225 4201 qun
1232 4139 1340 4184 omues
1348 4124 1412 4200 jam
1421 4114 1529 4196 adpetiti

493 4225 530 4288 dc
544 4225 626 4287 ciuili
638 4225 776 4286 societate
786 4224 902 4302 agendo
913 4223 1093 4285 confirmatae
1112 4229 1221 4285 sunt:
1242 4228 1315 4283 eunt
1332 4223 1413 4283 enim
1429 4209 1531 4277 inaen-
1571 4266 1572 4277 ,

493 4323 598 4386 denter
617 4342 695 4403 pura
713 4323 751 4384 ad
771 4325 944 4386 societatem
962 4322 1189 4385 ethnarohicam
1213 4323 1373 4400 applicatio
1385 4321 1531 4387 auruncus

497 4423 571 4484 inibi
589 4425 654 4499 jam
677 4422 857 4484 tradidimus
874 4422 942 4496 (lib.
958 4425 1082 4501 8⁰,oap.
1107 4423 1137 4499 3,
1151 4425 1241 4482 arti
1261 4428 1292 4480 et
1311 4420 1355 4499 3).
1369 4422 1463 4494 ltaque
1472 4403 1532 4470 uult
1571 4366 1572 4449 l

495 4524 556 4585 illas
574 4538 652 4584 novo
674 4529 864 4600 argumento,
889 4523 1003 4602 quibus
1025 4513 1270 4602 comprobentur,
1294 4521 1434 4596 indigent.
1446 4508 1531 4572 setloet

498 4629 526 4684 1·
539 4639 607 4702 pars
621 4623 726 4684 nititur
739 4641 775 4685 ea
786 4623 914 4698 ratione,
929 4623 1009 4700 quod
1034 4624 1154 4685 socialis
1166 4639 1295 4701 quasque
1312 4620 1460 4682 auctoritas
1468 4607 1531 4712 ΜΨ

491 4728 520 4782 et
528 4724 581 4798 jue
594 4729 624 4784 et
638 4722 770 4786 oibcium
784 4723 944 4786 efficaciter
960 4723 1064 4784 tuondi
1089 4725 1195 4786 omnia
1213 4723 1266 4784 illa
1279 4739 1346 4800 qua
1364 4720 1400 4782 nd
1420 4712 1530 4778 amitti*
