3559 5675
581 731 687 776 sunus.
710 733 853 777 -ueen
876 733 1069 780 occoecruus.
1239 714 1242 720 '
1300 713 1357 780 till

278 831 414 896 ditcrum
427 848 556 898 suorum
569 843 696 914 mentes,
712 837 883 898 voluntates
897 841 927 898 ct
939 837 1070 898 actiones
1081 835 1237 914 dirigendo
1250 851 1361 898 secun-

279 934 360 996 dum
376 935 447 995 illas
460 934 664 998 ordinationes
679 950 688 996 τ
703 937 757 1016 qui
772 938 884 999 subditi
898 942 1023 1018 possunt
1034 938 1132 999 eidem
1147 955 1212 998 sese
1226 937 1361 999 relabe-

280 1035 402 1096 dientes
412 1035 460 1097 rel
478 1036 671 1115 reluctantes,
686 1038 763 1098 elcut
776 1040 808 1098 in
819 1038 879 1100 alia
891 1039 1027 1116 qualibet
1039 1039 1190 1108 societate,
1205 1037 1357 1100 exhibere.

324 1139 403 1213 Ergo
419 1137 449 1197 1ο
463 1136 668 1198 ecclesiasticae
684 1137 870 1199 auctoritatis
885 1141 939 1216 jus
961 1144 990 1200 et
1009 1115 1201 1200 officium-'e‘st
1215 1137 1361 1215 inspicere

277 1253 319 1297 ao
336 1234 462 1297 delinire
481 1241 587 1297 utrum
613 1235 846 1300 doctrinarum
872 1237 983 1300 Christi
1013 1237 1253 1299 ordinationibus
1284 1253 1358 1298 con·

279 1341 397 1414 gruunt
403 1341 434 1396 et
445 1335 483 1396 ad
498 1334 643 1396 ultimum
653 1336 843 1397 illumliucm
853 1337 1033 1415 conducant,
1044 1354 1225 1416 quecunque
1238 1336 1360 1400 undem

277 1434 374 1498 modo
395 1435 442 1496 hae
466 1435 606 1498 doctrina
629 1436 869 1514 manifestentur,
889 1454 944 1498 seu
958 1437 1070 1516 verbis,
1090 1453 1144 1498 seu
1159 1437 1280 1515 scripto,
1305 1453 1360 1497 seu

276 1552 337 1614 per
346 1535 493 1613 imagines
502 1540 554 1595 aut
564 1534 625 1596 alie
635 1536 722 1612 sigua
735 1535 887 1613 quaelibet.
904 1537 1042 1598 Ecclesiae
1052 1553 1183 1615 namque
1198 1540 1285 1600 abeo
1298 1553 1361 1597 cre·

275 1635 382 1695 ditum
392 1641 438 1695 est
448 1635 599 1696 mentium
612 1635 747 1712 regimen
758 1636 846 1697 etiam
861 1635 960 1713 quoad
972 1653 1078 1697 verum
1089 1653 1171 1698 mere
1184 1637 1359 1698 internum:

274 1754 294 1794 e
306 1751 317 1791 a
330 1735 456 1815 proinde
467 1739 520 1815 jus
535 1736 581 1796 illi
595 1736 773 1798 etotlicium
793 1745 839 1799 est
849 1741 986 1818 practico
999 1754 1053 1798 seu
1067 1736 1271 1818 physiologica
1285 1738 1362 1800 sub-

273 1835 357 1898 sidia
371 1835 548 1911 adhibendi,
560 1842 595 1897 ut
610 1837 752 1917 impediat
763 1854 802 1899 ne
813 1855 920 1899 rerum
933 1839 1048 1900 interne
1063 1840 1096 1899 in
1110 1840 1265 1902 mentibus
1280 1839 1358 1900 insi-

276 1944 349 1998 tum
361 1937 468 1997 oblatis
481 1936 518 1996 ad
530 1952 646 1998 errores
659 1938 865 1999 inritamentis
879 1945 1096 2017 corrumpatur.

323 2039 404 2114 Ergo
418 2040 449 2096 2⁰
458 2039 513 2114 jue
525 2037 573 2098 illi
587 2043 616 2099 et
625 2036 758 2099 officium
770 2046 815 2099 est
824 2039 983 2115 judicandi
992 2040 1137 2101 sententie
1144 2039 1361 2103 irreformabili

170 2134 171 2137 ’
274 2135 424 2198 derebus
444 2137 536 2196 etiam
551 2136 692 2197 civilibus
706 2152 741 2196 ec
763 2137 989 2215 temporalibus,
1003 2145 1153 2215 quatenus
1165 2139 1302 2201 voluntas
1314 2141 1361 2203 vel

275 2236 452 2328 ecumque
469 2235 546 2296 eirea
565 2235 635 2296 illas
654 2239 823 2313 vereantur,
838 2242 966 2314 possunt
978 2253 1048 2298 curn
1071 2237 1180 2298 Christi
1194 2240 1361 2303 ordinatio·

276 2334 376 2396 nibus
397 2340 427 2395 et
448 2334 555 2421 ultimo
567 2334 627 2396 line
640 2335 772 2399 hominis
792 2333 840 2395 vel
853 2350 1017 2411 congruere
1038 2337 1084 2398 vel
1099 2353 1243 2416 pugnare.
1259 2341 1361 2416 Neque

170 2422 171 2443 i
277 2436 365 2496 euim
387 2435 578 2497 solummodo
600 2446 718 2496 mentes
738 2434 914 2507 adrerum,
937 2435 989 2496 sed
1012 2435 1179 2496 voluntates
1198 2445 1362 2514 quoquest

170 2608 171 2613 ἵ
280 2537 419 2597 actiones
439 2536 477 2597 ad
496 2536 611 2596 bonurn
625 2535 755 2612 dirigere
775 2534 909 2597 Ecclesia
926 2553 963 2596 ex
977 2535 1081 2597 divino
1097 2541 1243 2616 precepto
1260 2536 1357 2599 debet.

284 2637 375 2714 ltqeu
393 2635 497 2697 civiles
509 2637 600 2697 etiam
614 2652 662 2698 res
683 2653 718 2697 ac
731 2635 911 2715 temporales
929 2643 1053 2716 possunt
1069 2637 1198 2716 prolecto
1209 2653 1278 2698 cunr
1290 2654 1360 2700 vero

282 2743 314 2799 at
327 2737 406 2801 bono
424 2754 590 2816 congruere
613 2737 809 2817 relpugnare
833 2736 918 2816 (179,
943 2739 1023 2815 199),
1040 2744 1190 2816 quatenus
1210 2739 1358 2816 objectum

279 2856 325 2901 eae
344 2840 405 2899 sint
424 2837 585 2900 voluntatis
607 2845 636 2900 et
661 2837 797 2899 actionis.
824 2839 921 2917 lingo,
948 2837 1095 2917 quidquid
1118 2837 1359 2901 machiavellicue

170 2917 171 2956 ³
278 2936 605 3001 PseudoPolidcorum
625 2942 656 2999 et
669 2937 896 3000 Gallicanorum
909 2953 990 2998 error
1009 2937 1209 3017 jampridem
1234 2938 1264 2997 in
1290 2954 1360 2999 cou-

280 3042 408 3102 erarium
421 3041 597 3118 deblaterat,
606 3038 652 3102 ‘ad
667 3039 898 3102 ecelesiasticam
911 3037 1254 3118 auctoritatemgpertinet
1267 3042 1360 3119 inspi-

279 3160 350 3205 cere
365 3149 467 3203 ntrum
495 3142 542 3203 lex
563 3142 713 3220 quaepiam
732 3140 828 3202 civilis
846 3146 899 3200 aut
923 3140 982 3201 alia
1005 3156 1051 3200 res
1065 3139 1113 3199 vel
1132 3141 1207 3200 aetio
1220 3138 1361 3217 quaelibet

280 3242 457 3321 temporalis
471 3239 638 3303 consentiat
648 3257 742 3303 necne
765 3256 836 3327 cum
854 3238 972 3316 legibus
983 3239 1046 3299 reri
1060 3243 1088 3299 et
1101 3238 1172 3299 boni
1184 3238 1215 3299 in
1232 3245 1360 3317 utroque

278 3342 551 3429 ordinenaturali
564 3348 594 3403 et
606 3340 844 3422 supernaturali,
861 3339 953 3417 idque
974 3334 1265 3419 sententia'prcreus
1285 3340 1361 3401 obli·

277 3445 395 3524 galeria
411 3443 545 3505 definire.

325 3544 413 3606 1335.
428 3544 559 3605 Conosu
578 3544 727 3617 l.-Quo
742 3548 827 3621 paeto
841 3540 904 3602 haee
915 3544 1043 3619 potestas
1056 3538 1212 3617 judiciarie
1224 3540 1255 3600 in
1269 3540 1361 3603 eccle·

279 3645 413 3708 siastiois
434 3643 660 3720 magistratibus
682 3641 822 3717 resideat,
847 3643 917 3702 satis
936 3646 1052 3702 constat
1073 3658 1110 3701 ex
1128 3642 1165 3703 iis
1183 3657 1249 3720 quae
1264 3656 1362 3721 nuper

278 3750 320 3811 de
346 3752 488 3827 potestate
511 3746 706 3822 gubernativa
729 3751 849 3805 externa
876 3742 1047 3803 docuimus.
1072 3744 1124 3804 Est
1143 3744 1225 3803 enim
1255 3744 1359 3803 eadem

279 3850 377 3927 hujus
391 3854 420 3907 et
433 3846 517 3907 illius
531 3845 616 3904 ratio.
640 3844 791 3905 Nimirum
801 3839 888 3920 pleae
903 3848 932 3902 et
949 3839 1074 3901 obsolute
1089 3844 1121 3902 in
1136 3843 1270 3903 Romano
1283 3844 1361 3903 Pon-

279 3948 372 4021 tifice,
381 3944 571 4007 subordinate
584 3951 614 4004 et
628 3942 749 4004 relative
759 3943 791 4002 in
803 3941 969 4020 Episcopis,
986 3939 1072 4000 nullo
1084 3940 1173 4002 modo
1191 3942 1224 4001 in
1237 3941 1360 4019 Presby-

278 4048 353 4110 teris
370 4053 499 4127 potestas
509 4046 682 4126 judiciaria,
697 4045 774 4105 sicut
789 4042 997 4121 gubernatlve,
1008 4042 1078 4117 jure
1092 4040 1195 4102 divino
1209 4040 1296 4102 inest.

323 4150 453 4211 Conone.
470 4146 599 4209 2.-Er
611 4145 668 4206 hac
686 4144 793 4205 ultima
815 4143 963 4223 positione
984 4139 1163 4217 intelligitur
1183 4140 1257 4202 illud
1279 4142 1359 4220 quod

279 4248 545 4312 Pseudo-Politicis
564 4252 594 4308 et
616 4246 779 4308 Gallicanis
803 4244 931 4303 minime
952 4241 1084 4317 arridet,
1105 4247 1135 4303 at
1157 4243 1359 4304 certissimum

280 4360 396 4430 tamen,
419 4348 615 4428 quantumvis
636 4345 682 4405 illi
703 4344 905 4415 reluctentur,
931 4352 986 4415 est,
1013 4342 1070 4403 soli
1091 4358 1199 4422 nempe
1222 4342 1360 4406 Ecclesiae
1428 4328 1433 4337 ’

276 4452 463 4525 christianae,
474 4448 505 4510 id
516 4456 561 4511 est
578 4445 742 4518 catholiea,
762 4461 778 4505 e
797 4444 1031 4522 quibuscunque
1054 4443 1215 4506 hominum
1239 4446 1362 4507 societa-

275 4552 372 4626 tibus,
394 4557 549 4631 suppetere
572 4547 709 4609 medium
729 4544 939 4606 authenticum
966 4560 1027 4622 quo
1041 4540 1177 4607 ostendat
1196 4546 1361 4626 probetque

278 4671 332 4733 per
357 4668 390 4712 se
410 4652 475 4730 ipsa
497 4648 680 4711 auctoritatis
703 4635 765 4708 sne
787 4643 960 4722 ceritatem,
983 4652 1014 4707 et
1035 4663 1161 4707 suarum
1181 4647 1284 4724 legum
1310 4644 1360 4707 bo-

280 4758 433 4827 aestatem,
459 4768 492 4812 ac
508 4750 633 4830 proinde
658 4750 748 4809 etiarn
770 4745 973 4824 caliditatem
999 4752 1178 4825 caloresque
1204 4747 1359 4808 societates
