<?xml version="1.0" encoding="UTF-8"?>
<!DOCTYPE html PUBLIC "-//W3C//DTD XHTML 1.0 Transitional//EN"
    "http://www.w3.org/TR/xhtml1/DTD/xhtml1-transitional.dtd">
<html xmlns="http://www.w3.org/1999/xhtml" xml:lang="en" lang="en">
 <head>
  <title>
</title>
<meta http-equiv="Content-Type" content="text/html;charset=utf-8" />
  <meta name='ocr-system' content='tesseract 3.04.00' />
  <meta name='ocr-capabilities' content='ocr_page ocr_carea ocr_par ocr_line ocrx_word'/>
</head>
<body>
  <div class='ocr_page' id='page_1' title='image "./jurisnaturalisu00bensgoog_0100.png"; bbox 0 0 3559 5675; ppageno 0'>
   <div class='ocr_carea' id='block_1_1' title="bbox 770 698 1168 852">
    <p class='ocr_par' dir='ltr' id='par_1_1' title="bbox 770 698 1168 852">
     <span class='ocr_line' id='line_1_1' title="bbox 770 698 1168 852; baseline 0 -2"><span class='ocrx_word' id='word_1_1' title='bbox 770 698 930 850; x_wconf 83' lang='lat' dir='ltr'><strong>auur·</strong></span> <span class='ocrx_word' id='word_1_2' title='bbox 947 739 1168 852; x_wconf 81' lang='lat' dir='ltr'><strong>ceratus.</strong></span> 
     </span>
    </p>
   </div>
   <div class='ocr_carea' id='block_1_2' title="bbox 526 1007 1430 1283">
    <p class='ocr_par' dir='ltr' id='par_1_2' title="bbox 526 1007 1430 1283">
     <span class='ocr_line' id='line_1_2' title="bbox 651 1007 1263 1084; baseline -0.002 -2"><span class='ocrx_word' id='word_1_3' title='bbox 651 1015 759 1084; x_wconf 85' lang='lat' dir='ltr'><strong>lURlS</strong></span> <span class='ocrx_word' id='word_1_4' title='bbox 778 1007 952 1084; x_wconf 71' lang='lat' dir='ltr'><strong>socians</strong></span> <span class='ocrx_word' id='word_1_5' title='bbox 972 1015 1074 1082; x_wconf 77' lang='lat' dir='ltr'>PARS</span> <span class='ocrx_word' id='word_1_6' title='bbox 1098 1013 1263 1082; x_wconf 75' lang='lat' dir='ltr'><strong>Tullii.</strong></span> 
     </span>
     <span class='ocr_line' id='line_1_3' title="bbox 526 1231 1430 1283; baseline -0.003 0"><span class='ocrx_word' id='word_1_7' title='bbox 526 1231 564 1283; x_wconf 82' lang='lat' dir='ltr'><strong>or</strong></span> <span class='ocrx_word' id='word_1_8' title='bbox 585 1234 710 1282; x_wconf 79' lang='lat' dir='ltr'><strong>annona</strong></span> <span class='ocrx_word' id='word_1_9' title='bbox 730 1235 894 1283; x_wconf 76' lang='lat' dir='ltr'><strong>morareris</strong></span> <span class='ocrx_word' id='word_1_10' title='bbox 914 1233 1018 1282; x_wconf 79' lang='lat' dir='ltr'><strong>crariis</strong></span> <span class='ocrx_word' id='word_1_11' title='bbox 1042 1235 1120 1280; x_wconf 81' lang='lat' dir='ltr'><strong>asca</strong></span> <span class='ocrx_word' id='word_1_12' title='bbox 1142 1233 1284 1282; x_wconf 83' lang='lat' dir='ltr'><strong>smcunoa</strong></span> <span class='ocrx_word' id='word_1_13' title='bbox 1309 1231 1430 1281; x_wconf 81' lang='lat' dir='ltr'><strong>socios.</strong></span> 
     </span>
    </p>
   </div>
   <div class='ocr_carea' id='block_1_3' title="bbox 897 1419 1031 1482">
    <p class='ocr_par' dir='ltr' id='par_1_3' title="bbox 897 1419 1031 1482">
     <span class='ocr_line' id='line_1_4' title="bbox 897 1419 1031 1482; baseline 0 -1"><span class='ocrx_word' id='word_1_14' title='bbox 897 1419 939 1481; x_wconf 75' lang='lat' dir='ltr'><strong>ius</strong></span> <span class='ocrx_word' id='word_1_15' title='bbox 956 1419 1031 1482; x_wconf 80' lang='lat' dir='ltr'><strong>civile.</strong></span> 
     </span>
    </p>
   </div>
   <div class='ocr_carea' id='block_1_4' title="bbox 861 1621 1064 1652">
    <p class='ocr_par' dir='ltr' id='par_1_4' title="bbox 861 1621 1064 1652">
     <span class='ocr_line' id='line_1_5' title="bbox 861 1621 1064 1652; baseline 0 -4"><span class='ocrx_word' id='word_1_16' title='bbox 861 1621 1064 1652; x_wconf 52' lang='lat'><strong>¹*</strong></span> 
     </span>
    </p>
   </div>
   <div class='ocr_carea' id='block_1_5' title="bbox 860 1813 1082 1888">
    <p class='ocr_par' dir='ltr' id='par_1_5' title="bbox 860 1813 1082 1888">
     <span class='ocr_line' id='line_1_6' title="bbox 860 1813 1082 1888; baseline 0.005 -1"><span class='ocrx_word' id='word_1_17' title='bbox 860 1813 1022 1888; x_wconf 76' lang='lat' dir='ltr'>CAPUT</span> <span class='ocrx_word' id='word_1_18' title='bbox 1055 1816 1082 1888; x_wconf 89' lang='lat'><strong>1.</strong></span> 
     </span>
    </p>
   </div>
   <div class='ocr_carea' id='block_1_6' title="bbox 499 2011 1448 2081">
    <p class='ocr_par' dir='ltr' id='par_1_6' title="bbox 499 2011 1448 2081">
     <span class='ocr_line' id='line_1_7' title="bbox 499 2011 1448 2081; baseline 0 -11"><span class='ocrx_word' id='word_1_19' title='bbox 499 2019 553 2070; x_wconf 75' lang='lat' dir='ltr'><strong>ne</strong></span> <span class='ocrx_word' id='word_1_20' title='bbox 564 2011 697 2071; x_wconf 74' lang='lat' dir='ltr'><strong>civille</strong></span> <span class='ocrx_word' id='word_1_21' title='bbox 717 2019 889 2072; x_wconf 67' lang='lat' dir='ltr'><strong>actionis</strong></span> <span class='ocrx_word' id='word_1_22' title='bbox 903 2020 1050 2070; x_wconf 73' lang='lat' dir='ltr'><strong>natura</strong></span> <span class='ocrx_word' id='word_1_23' title='bbox 1068 2019 1108 2072; x_wconf 78' lang='lat' dir='ltr'><strong>et</strong></span> <span class='ocrx_word' id='word_1_24' title='bbox 1125 2019 1289 2081; x_wconf 70' lang='lat' dir='ltr'><strong>omorio</strong></span> <span class='ocrx_word' id='word_1_25' title='bbox 1309 2019 1448 2072; x_wconf 75' lang='lat' dir='ltr'><strong>modo.</strong></span> 
     </span>
    </p>
   </div>
   <div class='ocr_carea' id='block_1_7' title="bbox 836 2367 1091 2430">
    <p class='ocr_par' dir='ltr' id='par_1_7' title="bbox 836 2367 1091 2430">
     <span class='ocr_line' id='line_1_8' title="bbox 836 2367 1091 2430; baseline 0 -2"><span class='ocrx_word' id='word_1_26' title='bbox 836 2367 1045 2430; x_wconf 70' lang='lat' dir='ltr'><strong>saliculos</strong></span> <span class='ocrx_word' id='word_1_27' title='bbox 1068 2370 1091 2428; x_wconf 94' lang='lat' dir='ltr'><strong>l.</strong></span> 
     </span>
    </p>
   </div>
   <div class='ocr_carea' id='block_1_8' title="bbox 426 2511 1516 2696">
    <p class='ocr_par' dir='ltr' id='par_1_8' title="bbox 426 2511 1516 2696">
     <span class='ocr_line' id='line_1_9' title="bbox 426 2511 1516 2599; baseline 0 -25"><span class='ocrx_word' id='word_1_28' title='bbox 426 2511 471 2574; x_wconf 84' lang='lat' dir='ltr'><strong>De</strong></span> <span class='ocrx_word' id='word_1_29' title='bbox 492 2513 578 2574; x_wconf 79' lang='lat' dir='ltr'><strong>eoric</strong></span> <span class='ocrx_word' id='word_1_30' title='bbox 591 2511 737 2576; x_wconf 79' lang='lat' dir='ltr'><strong>societatis</strong></span> <span class='ocrx_word' id='word_1_31' title='bbox 748 2511 879 2594; x_wconf 75' lang='lat' dir='ltr'><strong>pellicea</strong></span> <span class='ocrx_word' id='word_1_32' title='bbox 894 2513 962 2595; x_wconf 88' lang='lat' dir='ltr'><strong>jem</strong></span> <span class='ocrx_word' id='word_1_33' title='bbox 975 2513 1119 2591; x_wconf 72' lang='lat' dir='ltr'><strong>fmrooioe</strong></span> <span class='ocrx_word' id='word_1_34' title='bbox 1139 2515 1378 2599; x_wconf 60' lang='lat' dir='ltr'><strong>actionemque</strong></span> <span class='ocrx_word' id='word_1_35' title='bbox 1392 2513 1516 2596; x_wconf 78' lang='lat' dir='ltr'><strong>proprio</strong></span> 
     </span>
     <span class='ocr_line' id='line_1_10' title="bbox 782 2613 1148 2696; baseline 0.011 -23"><span class='ocrx_word' id='word_1_36' title='bbox 782 2613 909 2674; x_wconf 77' lang='lat' dir='ltr'><strong>actionis</strong></span> <span class='ocrx_word' id='word_1_37' title='bbox 922 2613 1017 2675; x_wconf 82' lang='lat' dir='ltr'><strong>civilia</strong></span> <span class='ocrx_word' id='word_1_38' title='bbox 1030 2613 1148 2696; x_wconf 83' lang='lat' dir='ltr'><strong>objecto.</strong></span> 
     </span>
    </p>
   </div>
   <div class='ocr_carea' id='block_1_9' title="bbox 466 2798 1515 2883">
    <p class='ocr_par' dir='ltr' id='par_1_9' title="bbox 466 2798 1515 2883">
     <span class='ocr_line' id='line_1_11' title="bbox 466 2798 1515 2883; baseline 0.002 -21"><span class='ocrx_word' id='word_1_39' title='bbox 466 2798 536 2863; x_wconf 75' lang='lat' dir='ltr'><strong>sio.</strong></span> <span class='ocrx_word' id='word_1_40' title='bbox 551 2802 621 2862; x_wconf 81' lang='lat' dir='ltr'><strong>Poe.</strong></span> <span class='ocrx_word' id='word_1_41' title='bbox 634 2798 718 2862; x_wconf 76' lang='lat'><strong>406⁸.</strong></span> <span class='ocrx_word' id='word_1_42' title='bbox 732 2831 774 2847; x_wconf 95' lang='lat'>-</span> <span class='ocrx_word' id='word_1_43' title='bbox 786 2800 918 2863; x_wconf 78' lang='lat' dir='ltr'><strong>Publice</strong></span> <span class='ocrx_word' id='word_1_44' title='bbox 937 2801 1082 2864; x_wconf 85' lang='lat' dir='ltr'><strong>societatis</strong></span> <span class='ocrx_word' id='word_1_45' title='bbox 1093 2805 1158 2882; x_wconf 87' lang='lat' dir='ltr'><strong>jem</strong></span> <span class='ocrx_word' id='word_1_46' title='bbox 1172 2802 1310 2865; x_wconf 78' lang='lat' dir='ltr'><strong>formata</strong></span> <span class='ocrx_word' id='word_1_47' title='bbox 1324 2803 1438 2883; x_wconf 77' lang='lat' dir='ltr'>triplex</span> <span class='ocrx_word' id='word_1_48' title='bbox 1451 2816 1515 2882; x_wconf 85' lang='lat' dir='ltr'><strong>ope</strong></span> 
     </span>
    </p>
   </div>
   <div class='ocr_carea' id='block_1_10' title="bbox 424 2900 1512 3481">
    <p class='ocr_par' dir='ltr' id='par_1_10' title="bbox 424 2900 1512 3481">
     <span class='ocr_line' id='line_1_12' title="bbox 424 2900 1408 2981; baseline 0.004 -20"><span class='ocrx_word' id='word_1_49' title='bbox 424 2900 550 2962; x_wconf 84' lang='lat' dir='ltr'><strong>rationis</strong></span> <span class='ocrx_word' id='word_1_50' title='bbox 561 2915 658 2978; x_wconf 78' lang='lat' dir='ltr'><strong>genus</strong></span> <span class='ocrx_word' id='word_1_51' title='bbox 670 2907 715 2962; x_wconf 87' lang='lat' dir='ltr'><strong>eet</strong></span> <span class='ocrx_word' id='word_1_52' title='bbox 730 2922 739 2961; x_wconf 75' lang='lat' dir='ltr'><em>z</em></span> <span class='ocrx_word' id='word_1_53' title='bbox 753 2901 850 2963; x_wconf 85' lang='lat' dir='ltr'><strong>civilis</strong></span> <span class='ocrx_word' id='word_1_54' title='bbox 869 2903 957 2978; x_wconf 89' lang='lat' dir='ltr'><strong>actio,</strong></span> <span class='ocrx_word' id='word_1_55' title='bbox 973 2902 1092 2981; x_wconf 87' lang='lat' dir='ltr'><strong>politica</strong></span> <span class='ocrx_word' id='word_1_56' title='bbox 1106 2908 1135 2963; x_wconf 87' lang='lat' dir='ltr'><strong>et</strong></span> <span class='ocrx_word' id='word_1_57' title='bbox 1148 2902 1408 2968; x_wconf 84' lang='lat' dir='ltr'><strong>internetionalis.</strong></span> 
     </span>
     <span class='ocr_line' id='line_1_13' title="bbox 467 3000 1512 3081; baseline -0.001 -19"><span class='ocrx_word' id='word_1_58' title='bbox 467 3001 589 3063; x_wconf 78' lang='lat' dir='ltr'><strong>Exacto.</strong></span> <span class='ocrx_word' id='word_1_59' title='bbox 602 3032 643 3045; x_wconf 93' lang='lat'>-</span> <span class='ocrx_word' id='word_1_60' title='bbox 654 3002 720 3062; x_wconf 86' lang='lat' dir='ltr'><strong>lam</strong></span> <span class='ocrx_word' id='word_1_61' title='bbox 730 3001 785 3062; x_wconf 86' lang='lat' dir='ltr'><strong>lib.</strong></span> <span class='ocrx_word' id='word_1_62' title='bbox 800 3016 859 3077; x_wconf 85' lang='lat' dir='ltr'><strong>vn,</strong></span> <span class='ocrx_word' id='word_1_63' title='bbox 869 3018 934 3081; x_wconf 80' lang='lat' dir='ltr'><strong>cap.</strong></span> <span class='ocrx_word' id='word_1_64' title='bbox 951 3006 1043 3078; x_wconf 87' lang='lat' dir='ltr'><strong>1,art.</strong></span> <span class='ocrx_word' id='word_1_65' title='bbox 1059 3000 1089 3081; x_wconf 90' lang='lat' dir='ltr'><strong>l,</strong></span> <span class='ocrx_word' id='word_1_66' title='bbox 1102 3002 1233 3063; x_wconf 79' lang='lat' dir='ltr'><strong>vidimus</strong></span> <span class='ocrx_word' id='word_1_67' title='bbox 1253 3006 1283 3062; x_wconf 76' lang='lat'><strong>1⁰</strong></span> <span class='ocrx_word' id='word_1_68' title='bbox 1297 3004 1443 3066; x_wconf 77' lang='lat' dir='ltr'><strong>socialem</strong></span> <span class='ocrx_word' id='word_1_69' title='bbox 1464 3017 1512 3062; x_wconf 90' lang='lat' dir='ltr'><strong>ac·</strong></span> 
     </span>
     <span class='ocr_line' id='line_1_14' title="bbox 427 3100 1510 3179; baseline -0.002 -18"><span class='ocrx_word' id='word_1_70' title='bbox 427 3101 540 3163; x_wconf 85' lang='lat' dir='ltr'><strong>tionem</strong></span> <span class='ocrx_word' id='word_1_71' title='bbox 555 3117 620 3162; x_wconf 85' lang='lat' dir='ltr'><strong>essa</strong></span> <span class='ocrx_word' id='word_1_72' title='bbox 641 3100 809 3178; x_wconf 79' lang='lat' dir='ltr'><strong>illamqua</strong></span> <span class='ocrx_word' id='word_1_73' title='bbox 824 3101 959 3163; x_wconf 82' lang='lat' dir='ltr'><strong>asooiali</strong></span> <span class='ocrx_word' id='word_1_74' title='bbox 978 3101 1149 3163; x_wconf 80' lang='lat' dir='ltr'><strong>auctoritate</strong></span> <span class='ocrx_word' id='word_1_75' title='bbox 1169 3103 1289 3179; x_wconf 75' lang='lat' dir='ltr'><strong>rigente</strong></span> <span class='ocrx_word' id='word_1_76' title='bbox 1312 3104 1345 3164; x_wconf 95' lang='lat' dir='ltr'><strong>in</strong></span> <span class='ocrx_word' id='word_1_77' title='bbox 1365 3100 1510 3166; x_wconf 83' lang='lat' dir='ltr'><strong>societatis</strong></span> 
     </span>
     <span class='ocr_line' id='line_1_15' title="bbox 426 3199 1509 3280; baseline -0.003 -18"><span class='ocrx_word' id='word_1_78' title='bbox 426 3201 575 3262; x_wconf 80' lang='lat' dir='ltr'><strong>raniversar</strong></span> <span class='ocrx_word' id='word_1_79' title='bbox 599 3202 754 3280; x_wconf 81' lang='lat' dir='ltr'><strong>superiore</strong></span> <span class='ocrx_word' id='word_1_80' title='bbox 777 3207 948 3278; x_wconf 64' lang='lat' dir='ltr'><strong>excreatum</strong></span> <span class='ocrx_word' id='word_1_81' title='bbox 968 3200 1001 3261; x_wconf 74' lang='grc' dir='ltr'><strong>2ο</strong></span> <span class='ocrx_word' id='word_1_82' title='bbox 1020 3200 1153 3262; x_wconf 76' lang='lat' dir='ltr'><strong>societati</strong></span> <span class='ocrx_word' id='word_1_83' title='bbox 1169 3199 1222 3279; x_wconf 84' lang='lat' dir='ltr'><strong>jus</strong></span> <span class='ocrx_word' id='word_1_84' title='bbox 1240 3206 1271 3261; x_wconf 91' lang='lat' dir='ltr'><strong>et</strong></span> <span class='ocrx_word' id='word_1_85' title='bbox 1288 3200 1429 3265; x_wconf 83' lang='lat' dir='ltr'><strong>officium</strong></span> <span class='ocrx_word' id='word_1_86' title='bbox 1449 3214 1509 3261; x_wconf 87' lang='lat' dir='ltr'><strong>esse</strong></span> 
     </span>
     <span class='ocr_line' id='line_1_16' title="bbox 426 3300 1507 3380; baseline -0.003 -18"><span class='ocrx_word' id='word_1_87' title='bbox 426 3300 591 3379; x_wconf 77' lang='lat' dir='ltr'><strong>adjuvandi</strong></span> <span class='ocrx_word' id='word_1_88' title='bbox 606 3301 639 3360; x_wconf 92' lang='lat' dir='ltr'><strong>in</strong></span> <span class='ocrx_word' id='word_1_89' title='bbox 652 3306 774 3362; x_wconf 82' lang='lat' dir='ltr'><strong>externo</strong></span> <span class='ocrx_word' id='word_1_90' title='bbox 792 3300 899 3362; x_wconf 88' lang='lat' dir='ltr'><strong>ordine</strong></span> <span class='ocrx_word' id='word_1_91' title='bbox 919 3300 1022 3362; x_wconf 84' lang='lat' dir='ltr'><strong>omnia</strong></span> <span class='ocrx_word' id='word_1_92' title='bbox 1037 3305 1067 3361; x_wconf 90' lang='lat' dir='ltr'><strong>et</strong></span> <span class='ocrx_word' id='word_1_93' title='bbox 1084 3300 1206 3379; x_wconf 81' lang='lat' dir='ltr'><strong>singula</strong></span> <span class='ocrx_word' id='word_1_94' title='bbox 1217 3300 1388 3365; x_wconf 84' lang='lat' dir='ltr'><strong>individua</strong></span> <span class='ocrx_word' id='word_1_95' title='bbox 1401 3301 1507 3380; x_wconf 81' lang='lat' dir='ltr'><strong>quinus</strong></span> 
     </span>
     <span class='ocr_line' id='line_1_17' title="bbox 427 3398 1507 3481; baseline -0.004 -17"><span class='ocrx_word' id='word_1_96' title='bbox 427 3402 634 3481; x_wconf 77' lang='lat' dir='ltr'><strong>componitur,</strong></span> <span class='ocrx_word' id='word_1_97' title='bbox 646 3401 684 3461; x_wconf 87' lang='lat' dir='ltr'><strong>ad</strong></span> <span class='ocrx_word' id='word_1_98' title='bbox 697 3417 784 3462; x_wconf 83' lang='lat' dir='ltr'><strong>auam</strong></span> <span class='ocrx_word' id='word_1_99' title='bbox 794 3398 962 3461; x_wconf 78' lang='lat' dir='ltr'><strong>naturalem</strong></span> <span class='ocrx_word' id='word_1_100' title='bbox 977 3400 1147 3465; x_wconf 77' lang='lat' dir='ltr'><strong>felicitatem</strong></span> <span class='ocrx_word' id='word_1_101' title='bbox 1160 3404 1371 3481; x_wconf 84' lang='lat' dir='ltr'><strong>obtinendam,</strong></span> <span class='ocrx_word' id='word_1_102' title='bbox 1382 3407 1449 3463; x_wconf 88' lang='lat' dir='ltr'><strong>tum</strong></span> <span class='ocrx_word' id='word_1_103' title='bbox 1459 3398 1507 3460; x_wconf 87' lang='lat' dir='ltr'><strong>illa</strong></span> 
     </span>
    </p>
   </div>
   <div class='ocr_carea' id='block_1_11' title="bbox 427 3500 1604 3584">
    <p class='ocr_par' dir='ltr' id='par_1_11' title="bbox 427 3500 1604 3584">
     <span class='ocr_line' id='line_1_18' title="bbox 427 3500 1604 3584; baseline -0.027 0"><span class='ocrx_word' id='word_1_104' title='bbox 427 3500 610 3583; x_wconf 64' lang='grc' dir='ltr'><strong>Ρῐῦῑθὸθῐιᾶῡ</strong></span> <span class='ocrx_word' id='word_1_105' title='bbox 625 3503 658 3562; x_wconf 88' lang='lat' dir='ltr'><strong>in</strong></span> <span class='ocrx_word' id='word_1_106' title='bbox 678 3502 750 3563; x_wconf 82' lang='lat' dir='ltr'><strong>boni</strong></span> <span class='ocrx_word' id='word_1_107' title='bbox 767 3504 817 3563; x_wconf 80' lang='lat' dir='ltr'><strong>aui</strong></span> <span class='ocrx_word' id='word_1_108' title='bbox 835 3502 1036 3581; x_wconf 54' lang='lat' dir='ltr'><strong>privatissuis</strong></span> <span class='ocrx_word' id='word_1_109' title='bbox 1059 3504 1183 3583; x_wconf 82' lang='lat' dir='ltr'><strong>privatis</strong></span> <span class='ocrx_word' id='word_1_110' title='bbox 1205 3504 1321 3565; x_wconf 82' lang='lat' dir='ltr'><strong>viribus</strong></span> <span class='ocrx_word' id='word_1_111' title='bbox 1340 3500 1505 3584; x_wconf 82' lang='lat' dir='ltr'><strong>proportio·</strong></span> <span class='ocrx_word' id='word_1_112' title='bbox 1603 3532 1604 3537; x_wconf 21' lang='grc' dir='ltr'><strong>κ</strong></span> 
     </span>
    </p>
   </div>
   <div class='ocr_carea' id='block_1_12' title="bbox 308 3598 1604 4791">
    <p class='ocr_par' dir='ltr' id='par_1_12' title="bbox 308 3598 1604 4791">
     <span class='ocr_line' id='line_1_19' title="bbox 427 3598 1504 3684; baseline -0.008 -20"><span class='ocrx_word' id='word_1_113' title='bbox 427 3604 502 3681; x_wconf 89' lang='lat' dir='ltr'><strong>nati,</strong></span> <span class='ocrx_word' id='word_1_114' title='bbox 524 3604 748 3678; x_wconf 86' lang='lat' dir='ltr'><strong>consecutione,</strong></span> <span class='ocrx_word' id='word_1_115' title='bbox 762 3610 829 3665; x_wconf 86' lang='lat' dir='ltr'><strong>turn</strong></span> <span class='ocrx_word' id='word_1_116' title='bbox 847 3603 902 3665; x_wconf 86' lang='lat' dir='ltr'><strong>illa</strong></span> <span class='ocrx_word' id='word_1_117' title='bbox 918 3604 1129 3684; x_wconf 80' lang='lat' dir='ltr'><strong>conjungendo</strong></span> <span class='ocrx_word' id='word_1_118' title='bbox 1147 3604 1183 3665; x_wconf 89' lang='lat' dir='ltr'><strong>ad</strong></span> <span class='ocrx_word' id='word_1_119' title='bbox 1203 3604 1428 3683; x_wconf 88' lang='lat' dir='ltr'><strong>cooperandum</strong></span> <span class='ocrx_word' id='word_1_120' title='bbox 1448 3598 1504 3659; x_wconf 85' lang='lat' dir='ltr'><strong>illia</strong></span> 
     </span>
     <span class='ocr_line' id='line_1_20' title="bbox 425 3696 1604 3785; baseline -0.008 -19"><span class='ocrx_word' id='word_1_121' title='bbox 425 3704 513 3766; x_wconf 85' lang='lat' dir='ltr'><strong>bonis</strong></span> <span class='ocrx_word' id='word_1_122' title='bbox 526 3704 799 3766; x_wconf 84' lang='lat' dir='ltr'><strong>universalioribue</strong></span> <span class='ocrx_word' id='word_1_123' title='bbox 816 3722 948 3785; x_wconf 90' lang='lat' dir='ltr'><strong>quorum</strong></span> <span class='ocrx_word' id='word_1_124' title='bbox 963 3708 1108 3767; x_wconf 79' lang='lat' dir='ltr'><strong>assecutio</strong></span> <span class='ocrx_word' id='word_1_125' title='bbox 1124 3706 1212 3784; x_wconf 79' lang='lat' dir='ltr'><strong>longe</strong></span> <span class='ocrx_word' id='word_1_126' title='bbox 1226 3706 1394 3783; x_wconf 84' lang='lat' dir='ltr'><strong>majoribus</strong></span> <span class='ocrx_word' id='word_1_127' title='bbox 1409 3696 1502 3763; x_wconf 80' lang='lat' dir='ltr'><strong>facul·</strong></span> <span class='ocrx_word' id='word_1_128' title='bbox 1603 3720 1604 3723; x_wconf 40' lang='lat'>¹</span> 
     </span>
     <span class='ocr_line' id='line_1_21' title="bbox 426 3799 1502 3886; baseline -0.005 -21"><span class='ocrx_word' id='word_1_129' title='bbox 426 3804 539 3867; x_wconf 84' lang='lat' dir='ltr'><strong>tatibus</strong></span> <span class='ocrx_word' id='word_1_130' title='bbox 551 3802 683 3883; x_wconf 81' lang='lat' dir='ltr'><strong>indiget;</strong></span> <span class='ocrx_word' id='word_1_131' title='bbox 698 3799 731 3865; x_wconf 81' lang='lat'><strong>3⁰</strong></span> <span class='ocrx_word' id='word_1_132' title='bbox 743 3807 913 3868; x_wconf 84' lang='lat' dir='ltr'><strong>societatem</strong></span> <span class='ocrx_word' id='word_1_133' title='bbox 928 3806 1078 3886; x_wconf 85' lang='lat' dir='ltr'><strong>publicam</strong></span> <span class='ocrx_word' id='word_1_134' title='bbox 1091 3806 1199 3867; x_wconf 86' lang='lat' dir='ltr'><strong>idcirco</strong></span> <span class='ocrx_word' id='word_1_135' title='bbox 1213 3806 1321 3868; x_wconf 86' lang='lat' dir='ltr'><strong>debere</strong></span> <span class='ocrx_word' id='word_1_136' title='bbox 1334 3812 1365 3867; x_wconf 85' lang='lat' dir='ltr'><strong>et</strong></span> <span class='ocrx_word' id='word_1_137' title='bbox 1379 3802 1414 3865; x_wconf 86' lang='lat' dir='ltr'><strong>ad</strong></span> <span class='ocrx_word' id='word_1_138' title='bbox 1427 3812 1502 3863; x_wconf 87' lang='lat' dir='ltr'><strong>com·</strong></span> 
     </span>
     <span class='ocr_line' id='line_1_22' title="bbox 426 3902 1499 3980; baseline -0.006 -13"><span class='ocrx_word' id='word_1_139' title='bbox 426 3922 521 3969; x_wconf 89' lang='lat' dir='ltr'><strong>mune</strong></span> <span class='ocrx_word' id='word_1_140' title='bbox 533 3907 683 3968; x_wconf 85' lang='lat' dir='ltr'><strong>sociorum</strong></span> <span class='ocrx_word' id='word_1_141' title='bbox 692 3906 808 3969; x_wconf 86' lang='lat' dir='ltr'><strong>bonum</strong></span> <span class='ocrx_word' id='word_1_142' title='bbox 820 3907 1012 3972; x_wconf 84' lang='lat' dir='ltr'><strong>efficiendum</strong></span> <span class='ocrx_word' id='word_1_143' title='bbox 1023 3912 1191 3969; x_wconf 78' lang='lat' dir='ltr'><strong>constanter</strong></span> <span class='ocrx_word' id='word_1_144' title='bbox 1201 3905 1322 3967; x_wconf 87' lang='lat' dir='ltr'><strong>tendere</strong></span> <span class='ocrx_word' id='word_1_145' title='bbox 1337 3910 1366 3965; x_wconf 90' lang='lat' dir='ltr'><strong>et</strong></span> <span class='ocrx_word' id='word_1_146' title='bbox 1378 3902 1499 3980; x_wconf 85' lang='lat' dir='ltr'><strong>seipsam</strong></span> 
     </span>
     <span class='ocr_line' id='line_1_23' title="bbox 425 3994 1500 4088; baseline -0.01 -22"><span class='ocrx_word' id='word_1_147' title='bbox 425 4005 461 4073; x_wconf 85' lang='lat' dir='ltr'><strong>atl</strong></span> <span class='ocrx_word' id='word_1_148' title='bbox 483 4005 541 4070; x_wconf 89' lang='lat' dir='ltr'><strong>hoc</strong></span> <span class='ocrx_word' id='word_1_149' title='bbox 562 4007 678 4071; x_wconf 84' lang='lat' dir='ltr'><strong>bonum</strong></span> <span class='ocrx_word' id='word_1_150' title='bbox 698 4008 924 4088; x_wconf 87' lang='lat' dir='ltr'><strong>procurandum</strong></span> <span class='ocrx_word' id='word_1_151' title='bbox 944 4008 1083 4069; x_wconf 84' lang='lat' dir='ltr'><strong>idoneam</strong></span> <span class='ocrx_word' id='word_1_152' title='bbox 1097 4004 1231 4069; x_wconf 87' lang='lat' dir='ltr'><strong>reddere.</strong></span> <span class='ocrx_word' id='word_1_153' title='bbox 1246 4008 1385 4067; x_wconf 84' lang='lat' dir='ltr'><strong>lamvero</strong></span> <span class='ocrx_word' id='word_1_154' title='bbox 1398 3994 1500 4064; x_wconf 86' lang='lat' dir='ltr'><strong>exinde</strong></span> 
     </span>
     <span class='ocr_line' id='line_1_24' title="bbox 428 4099 1499 4189; baseline -0.009 -22"><span class='ocrx_word' id='word_1_155' title='bbox 428 4109 587 4187; x_wconf 88' lang='lat' dir='ltr'><strong>perspicua</strong></span> <span class='ocrx_word' id='word_1_156' title='bbox 601 4107 755 4186; x_wconf 77' lang='lat' dir='ltr'><strong>colligitur</strong></span> <span class='ocrx_word' id='word_1_157' title='bbox 768 4109 919 4171; x_wconf 83' lang='lat' dir='ltr'><strong>distinctio</strong></span> <span class='ocrx_word' id='word_1_158' title='bbox 933 4107 1062 4189; x_wconf 89' lang='lat' dir='ltr'><strong>duplicis</strong></span> <span class='ocrx_word' id='word_1_159' title='bbox 1082 4108 1204 4169; x_wconf 87' lang='lat' dir='ltr'><strong>actionis</strong></span> <span class='ocrx_word' id='word_1_160' title='bbox 1218 4108 1349 4183; x_wconf 86' lang='lat' dir='ltr'><strong>socialis,</strong></span> <span class='ocrx_word' id='word_1_161' title='bbox 1370 4099 1499 4165; x_wconf 85' lang='lat' dir='ltr'><strong>videlicet</strong></span> 
     </span>
     <span class='ocr_line' id='line_1_25' title="bbox 385 4199 1497 4289; baseline -0.005 -23"><span class='ocrx_word' id='word_1_162' title='bbox 385 4217 389 4222; x_wconf 74' lang='grc'>’</span> <span class='ocrx_word' id='word_1_163' title='bbox 425 4207 548 4268; x_wconf 84' lang='lat' dir='ltr'><strong>actionis</strong></span> <span class='ocrx_word' id='word_1_164' title='bbox 561 4206 661 4268; x_wconf 83' lang='lat' dir='ltr'><strong>cicilie</strong></span> <span class='ocrx_word' id='word_1_165' title='bbox 675 4214 705 4269; x_wconf 86' lang='lat' dir='ltr'><strong>at</strong></span> <span class='ocrx_word' id='word_1_166' title='bbox 715 4208 837 4271; x_wconf 81' lang='lat' dir='ltr'><strong>actiome</strong></span> <span class='ocrx_word' id='word_1_167' title='bbox 846 4208 995 4289; x_wconf 75' lang='lat' dir='ltr'><strong>politiora,</strong></span> <span class='ocrx_word' id='word_1_168' title='bbox 1010 4224 1141 4285; x_wconf 86' lang='lat' dir='ltr'><strong>quarum</strong></span> <span class='ocrx_word' id='word_1_169' title='bbox 1153 4207 1296 4287; x_wconf 83' lang='lat' dir='ltr'><strong>posterior</strong></span> <span class='ocrx_word' id='word_1_170' title='bbox 1308 4210 1354 4267; x_wconf 87' lang='lat' dir='ltr'><strong>esi</strong></span> <span class='ocrx_word' id='word_1_171' title='bbox 1369 4199 1497 4265; x_wconf 82' lang='lat' dir='ltr'><strong>madium</strong></span> 
     </span>
     <span class='ocr_line' id='line_1_26' title="bbox 425 4301 1495 4390; baseline -0.012 -22"><span class='ocrx_word' id='word_1_172' title='bbox 425 4306 462 4368; x_wconf 86' lang='lat' dir='ltr'><strong>ed</strong></span> <span class='ocrx_word' id='word_1_173' title='bbox 483 4308 626 4387; x_wconf 85' lang='lat' dir='ltr'><strong>priorem,</strong></span> <span class='ocrx_word' id='word_1_174' title='bbox 647 4325 681 4371; x_wconf 88' lang='lat' dir='ltr'><strong>ac</strong></span> <span class='ocrx_word' id='word_1_175' title='bbox 700 4309 826 4390; x_wconf 85' lang='lat' dir='ltr'><strong>proinde</strong></span> <span class='ocrx_word' id='word_1_176' title='bbox 847 4311 929 4390; x_wconf 89' lang='lat' dir='ltr'><strong>prior</strong></span> <span class='ocrx_word' id='word_1_177' title='bbox 947 4314 1083 4387; x_wconf 89' lang='lat' dir='ltr'><strong>respectu</strong></span> <span class='ocrx_word' id='word_1_178' title='bbox 1102 4307 1226 4369; x_wconf 79' lang='lat' dir='ltr'><strong>alterium</strong></span> <span class='ocrx_word' id='word_1_179' title='bbox 1247 4301 1495 4369; x_wconf 75' lang='lat' dir='ltr'><strong>haesitationem</strong></span> 
     </span>
     <span class='ocr_line' id='line_1_27' title="bbox 425 4406 855 4487; baseline -0.014 -20"><span class='ocrx_word' id='word_1_180' title='bbox 425 4406 507 4487; x_wconf 71' lang='lat' dir='ltr'><strong>ficis.</strong></span> <span class='ocrx_word' id='word_1_181' title='bbox 850 4454 855 4461; x_wconf 93' lang='lat'>.</span> 
     </span>
     <span class='ocr_line' id='line_1_28' title="bbox 308 4496 1493 4590; baseline -0.01 -22"><span class='ocrx_word' id='word_1_182' title='bbox 308 4524 311 4530; x_wconf 84' lang='grc'><strong>’</strong></span> <span class='ocrx_word' id='word_1_183' title='bbox 465 4508 570 4586; x_wconf 85' lang='lat' dir='ltr'><strong>ltaque</strong></span> <span class='ocrx_word' id='word_1_184' title='bbox 583 4509 718 4587; x_wconf 83' lang='lat' dir='ltr'><strong>societas,</strong></span> <span class='ocrx_word' id='word_1_185' title='bbox 740 4517 891 4589; x_wconf 80' lang='lat' dir='ltr'><strong>qnatenus</strong></span> <span class='ocrx_word' id='word_1_186' title='bbox 912 4510 1064 4590; x_wconf 87' lang='lat' dir='ltr'><strong>propriam</strong></span> <span class='ocrx_word' id='word_1_187' title='bbox 1086 4522 1174 4569; x_wconf 87' lang='lat' dir='ltr'><strong>suam</strong></span> <span class='ocrx_word' id='word_1_188' title='bbox 1196 4508 1340 4569; x_wconf 81' lang='lat' dir='ltr'><strong>unitatem</strong></span> <span class='ocrx_word' id='word_1_189' title='bbox 1354 4510 1383 4566; x_wconf 90' lang='lat' dir='ltr'><strong>et</strong></span> <span class='ocrx_word' id='word_1_190' title='bbox 1400 4496 1493 4563; x_wconf 78' lang='lat' dir='ltr'><strong>effic·</strong></span> 
     </span>
     <span class='ocr_line' id='line_1_29' title="bbox 426 4608 1319 4691; baseline 0.002 -22"><span class='ocrx_word' id='word_1_191' title='bbox 426 4608 503 4669; x_wconf 89' lang='lat' dir='ltr'><strong>ciam</strong></span> <span class='ocrx_word' id='word_1_192' title='bbox 517 4615 670 4671; x_wconf 85' lang='lat' dir='ltr'><strong>conservat</strong></span> <span class='ocrx_word' id='word_1_193' title='bbox 679 4628 713 4672; x_wconf 86' lang='lat' dir='ltr'><strong>ec</strong></span> <span class='ocrx_word' id='word_1_194' title='bbox 728 4612 853 4691; x_wconf 86' lang='lat' dir='ltr'><strong>perficit,</strong></span> <span class='ocrx_word' id='word_1_195' title='bbox 868 4616 1010 4691; x_wconf 87' lang='lat' dir='ltr'><strong>operatur</strong></span> <span class='ocrx_word' id='word_1_196' title='bbox 1022 4610 1055 4671; x_wconf 90' lang='lat' dir='ltr'><strong>iu</strong></span> <span class='ocrx_word' id='word_1_197' title='bbox 1069 4608 1173 4671; x_wconf 89' lang='lat' dir='ltr'><strong>ordine</strong></span> <span class='ocrx_word' id='word_1_198' title='bbox 1188 4609 1319 4688; x_wconf 84' lang='lat' dir='ltr'><strong>politice.</strong></span> 
     </span>
     <span class='ocr_line' id='line_1_30' title="bbox 464 4702 1489 4791; baseline -0.012 -22"><span class='ocrx_word' id='word_1_199' title='bbox 464 4708 624 4771; x_wconf 69' lang='lat' dir='ltr'><strong>etidcirco</strong></span> <span class='ocrx_word' id='word_1_200' title='bbox 637 4726 672 4772; x_wconf 86' lang='lat' dir='ltr'><strong>ea</strong></span> <span class='ocrx_word' id='word_1_201' title='bbox 685 4727 771 4771; x_wconf 82' lang='lat' dir='ltr'><strong>suam</strong></span> <span class='ocrx_word' id='word_1_202' title='bbox 788 4711 1000 4789; x_wconf 86' lang='lat' dir='ltr'><strong>perlectionem</strong></span> <span class='ocrx_word' id='word_1_203' title='bbox 1014 4710 1214 4791; x_wconf 88' lang='lat' dir='ltr'><strong>persequitur,</strong></span> <span class='ocrx_word' id='word_1_204' title='bbox 1232 4715 1264 4771; x_wconf 88' lang='lat' dir='ltr'><strong>ut</strong></span> <span class='ocrx_word' id='word_1_205' title='bbox 1278 4702 1489 4770; x_wconf 83' lang='lat' dir='ltr'><strong>individuorum</strong></span> 
     </span>
    </p>
   </div>
   <div class='ocr_carea' id='block_1_13' title="bbox 0 0 1784 5675">
    <p class='ocr_par' dir='ltr' id='par_1_13' title="bbox 0 0 1784 5675">
     <span class='ocr_line' id='line_1_31' title="bbox 0 0 1784 5675; baseline 0 2"><span class='ocrx_word' id='word_1_206' title='bbox 0 0 1784 5675; x_wconf 95' lang='lat' dir='ltr'><strong> </strong></span> 
     </span>
    </p>
   </div>
  </div>
 </body>
</html>
