3559 5675
466 771 527 838 131
875 791 956 837 rums
975 780 1135 838 urrunnun

466 896 618 977 politicam
631 902 806 976 potestatem
818 897 867 958 isti
882 897 951 958 boni
966 897 1146 975 attribuunt,
1158 905 1206 960 est
1218 899 1319 976 ipsum
1328 898 1402 960 illud
1411 901 1511 978 uulgus,

468 995 548 1074 quod
561 998 599 1058 ab
606 997 713 1059 iisdem
725 996 895 1058 doctoribus
905 1013 1030 1072 cacum,
1051 998 1371 1076 ineptum‚luriosum,
1382 1001 1424 1059 sni
1436 1001 1513 1078 ipsius
1530 1020 1534 1026 ·

467 1096 614 1173 dirigendi
633 1113 754 1176 prorsus
772 1097 919 1176 impotens
934 1097 1114 1178 appellatur.
1130 1099 1233 1175 Atqui,
1247 1098 1324 1158 sicut
1337 1099 1515 1178 imprudenter

466 1205 568 1274 ageret
592 1199 643 1274 qui
663 1196 798 1273 judicem
813 1198 870 1257 sibi
892 1198 1050 1258 bominem
1067 1197 1214 1278 ejusmodi
1238 1205 1387 1259 amentem
1404 1199 1515 1274 eligeret,

466 1299 507 1357 ita
529 1297 667 1376 ineptiret
680 1297 804 1356 omnino
818 1298 869 1374 quui
892 1297 975 1358 atali
995 1296 1095 1374 iudice
1109 1297 1302 1377 prudentiam
1322 1299 1517 1375 0100000010-

466 1405 526 1458 tom
541 1399 572 1456 in
596 1395 837 1476 redijudicanda
848 1404 996 1476 speraret.

506 1497 708 1569 Quamobrem
722 1497 878 1568 sententia,
891 1503 1098 1575 contraquam
1112 1497 1162 1557 hic
1182 1513 1366 1575 pugnamps,
1381 1498 1483 1557 sincere
1492 1513 1516 1556 ar

465 1595 559 1656 nilide
573 1597 716 1674 exposita,
733 1595 769 1656 ad
785 1595 937 1676 duplicem
958 1597 1037 1658 banc
1060 1598 1292 1676 propositionem
1319 1596 1462 1658 reducitur
1474 1611 1482 1654 :
1494 1593 1517 1654 l·

465 1694 575 1774 populo
594 1697 647 1770 jus
671 1703 717 1756 est
738 1694 898 1771 iudicandi
921 1701 1026 1756 utrum
1050 1696 1160 1758 debeat
1179 1713 1236 1756 suo
1249 1696 1378 1775 principi
1397 1695 1518 1756 obedire:

463 1794 544 1872 quod
556 1795 679 1871 quidem
690 1793 833 1854 absolutus
847 1795 996 1855 auarclniae
1006 1796 1187 1874 principium
1199 1802 1260 1867 est;
1277 1799 1309 1854 2·
1322 1792 1518 1873 periculosissi-
1586 1818 1587 1833 1

465 1909 551 1954 mum
565 1898 620 1962 cst,
634 1893 745 1972 populo
758 1894 816 1954 tale
827 1895 881 1968 jus
893 1895 1074 1971 permittere,
1085 1896 1158 1971 quia
1171 1894 1357 1974 impossibile
1369 1899 1425 1967 est,
1435 1899 1520 1952 utnon
1586 1900 1587 1919 1

464 1989 522 2051 hoc
531 1992 601 2067 jnre
615 1991 755 2051 abutatur
770 2005 779 2050 a
794 1991 873 2068 qunod
886 1993 1046 2057 manifeste
1065 1991 1195 2054 ostendit
1210 1995 1264 2070 jus
1282 1992 1341 2054 boc
1355 2005 1521 2068 nequaquan

468 2089 608 2152 naturaie
622 2105 687 2150 esse
701 2106 797 2169 posse.
821 2093 923 2168 ltaque
936 2092 989 2167 qni
1010 2096 1147 2151 statuunt
1170 2092 1296 2152 omnino
1306 2091 1467 2170 principem
1479 2090 1521 2149 ali·

464 2207 555 2267 quem
580 2205 644 2250 esse
659 2189 834 2265 creandum,
860 2191 932 2266 quia
955 2190 1098 2269 populus,
1120 2193 1212 2251 etism
1237 2190 1361 2267 quando
1385 2197 1477 2270 pacate
1494 2205 1520 2249 ac

465 2289 626 2366 tranquille
641 2291 714 2366 agit,
728 2290 848 2369 ineptus
859 2291 897 2350 ad
911 2291 1247 2368 seipsumdirigeudum
1261 2298 1318 2360 est.
1344 2299 1374 2352 et
1386 2291 1470 2352 simul
1481 2308 1521 2370 pc

465 2389 537 2467 pulo
551 2389 689 2450 tribuunt
707 2395 883 2468 potestatem
897 2391 935 2451 du
949 2391 1039 2452 rebus
1053 2392 1101 2452 sni
1117 2391 1263 2472 principis
1273 2391 1440 2468 judicandi,
1451 2397 1523 2468 atque

466 2490 494 2548 id
509 2475 631 2566 r'puidem
659 2506 711 2568 per
726 2489 901 2550 ebrietatem
914 2490 999 2551 illam
1021 2497 1051 2550 et
1064 2491 1209 2561 furorem.
1223 2505 1285 2568 quo
1300 2492 1333 2552 in
1350 2491 1472 2570 politicis
1484 2497 1523 2549 tu-

465 2582 612 2644 multibus
626 2590 654 2642 et
666 2582 792 2644 coedbus
804 2583 1003 2662 popularibus
1013 2585 1078 2662 capi
1090 2585 1202 2660 vulgus
1211 2601 1333 2646 necesse
1347 2593 1404 2660 est,
1415 2582 1526 2646 euidenti
1586 2664 1587 2673 ἵ

465 2689 555 2759 atque
566 2681 747 2742 intolerabili
759 2699 827 2744 sese
837 2684 1070 2745 contradictione
1081 2684 1247 2746 inuoluunt.
1264 2688 1301 2746 Et
1314 2688 1453 2764 princepe
1463 2699 1522 2744 sane

465 2782 577 2861 populo
591 2782 623 2843 in
637 2781 719 2843 bunc
732 2783 863 2844 menime
885 2782 978 2844 finem
999 2783 1207 2862 praeficiendus
1220 2790 1277 2858 est,
1290 2790 1326 2845 ut
1342 2784 1524 2846 insanientem
1586 2814 1587 2860 5

466 2884 497 2942 in
512 2883 636 2963 politicis
651 2882 782 2943 rnotibus
794 2882 1022 2945 multitudinem
1034 2891 1213 2963 compescat,
1229 2892 1320 2961 atque
1332 2886 1466 2947 ordinem
1477 2899 1524 2960 pru·

466 2982 579 3044 blicum
593 2990 623 3045 ct
647 2984 836 3045 securitatem
859 2985 1045 3061 privatorum
1059 2990 1163 3045 contra
1176 2984 1327 3060 eJusmudi
1350 2984 1523 3064 potissimum

467 3090 655 3163 tempestates
669 3091 799 3157 meatim,

506 3186 554 3245 lll.
570 3186 651 3245 llinae
665 3186 829 3261 mutantia,
843 3200 912 3261 qum
924 3186 1017 3247 tonia
1029 3186 1152 3246 cuidam
1173 3200 1308 3264 personae
1332 3186 1474 3265 principis
1487 3184 1526 3244 iu·

466 3284 662 3362 dependentis
686 3300 809 3345 causam
827 3285 1025 3363 judicandum
1043 3287 1191 3347 committi
1204 3286 1321 3363 volunt,
1336 3284 1525 3364 suntquidenr

466 3384 611 3445 abstracto
628 3385 752 3462 Justitiae
772 3384 870 3445 ordini
885 3387 1029 3447 manime
1039 3386 1227 3460 conformem
1242 3392 1274 3447 at
1286 3387 1388 3447 ordini
1402 3385 1526 3465 practico,

466 3485 518 3562 qui
538 3485 571 3543 in
586 3484 676 3544 rebus
687 3482 830 3545 humenis
852 3485 981 3547 obtineri
994 3486 1099 3563 possit,
1113 3487 1198 3547 omni
1211 3503 1249 3547 en
1262 3491 1347 3564 parte
1358 3487 1523 3567 repugnant.

466 3586 540 3647 Num
554 3588 582 3645 l·
594 3586 729 3663 princepe
741 3588 1066 3665 eupremnauctoritate
1079 3586 1346 3665 proditusnequit‚
1363 3588 1526 3663 sineapertn

465 3686 707 3761 contradictione,
721 3686 806 3749 alteri
818 3688 948 3766 cuipiam
960 3687 1127 3749 auctoritati
1138 3688 1257 3763 subjici.

507 3786 538 3843 2·
564 3787 684 3847 Etiamsi
705 3787 871 3849 secundum
892 3790 946 3866 jus
966 3787 1053 3849 alteri
1075 3788 1213 3868 potestati
1229 3787 1369 3865 princeps
1388 3786 1527 3862 subjectus

468 3893 606 3963 ponatur,
625 3888 712 3947 nulla
734 3888 895 3948 auctoritas
917 3887 997 3965 apud
1011 3887 1150 3948 homines
1167 3887 1261 3956 adast.
1277 3902 1346 3964 quae
1358 3887 1421 3948 rim
1433 3882 1526 3946 macti·

468 4004 534 4046 vam
550 3987 657 4047 babeat
670 3988 707 4048 ad
723 3987 805 4049 illius
817 3986 942 4047 alterius
952 3989 1106 4065 potestatis
1118 3988 1298 4047 senentiam
1310 4004 1446 4065 congrua
1454 3998 1527 4046 sune·

467 4086 545 4147 tione
556 4086 806 4161 confirmandam,
820 4088 947 4163 ejusque
963 4086 1128 4162 urgendum
1137 4086 1369 4147 exsecutionem.
1422 4106 1426 4111 ·

504 4188 535 4246 3ο
549 4188 732 4262 Quanquam
755 4185 849 4245 altera
869 4185 923 4245 illa
947 4192 1076 4264 potestas
1096 4185 1224 4262 adesset,
1247 4185 1334 4245 nulle
1353 4182 1527 4245 tamenratio

465 4286 549 4346 illius
563 4286 718 4356 aileundae.
735 4302 890 4363 causaque
919 4286 957 4345 sd
986 4286 1072 4345 illam
1095 4284 1267 4346 deferendas
1287 4285 1371 4345 foret.
1404 4285 1530 4359 armosos

466 4404 597 4465 nouique
618 4385 833 4465 independens,
857 4387 995 4463 viresque
1014 4402 1120 4447 omnes
1144 4384 1271 4445 sociales
1284 4386 1315 4447 iu
1329 4402 1384 4447 sua
1399 4389 1528 4464 potestate

466 4487 593 4553 habena.
606 4486 742 4560 omnino,
757 4486 816 4547 nisi
833 4486 935 4547 fatuus
956 4487 1008 4557 nil,
1031 4484 1175 4564 impediet
1186 4500 1226 4545 ne
1249 4484 1287 4545 ad
1309 4485 1398 4547 talem
1412 4488 1529 4563 potesta·

465 4588 523 4641 tem
539 4582 670 4661 populus
682 4596 817 4657 unquam
834 4580 997 4657 confugiat.

504 4682 537 4743 4ο
551 4680 648 4743 lledio
659 4696 721 4741 avo
735 4682 820 4741 tertia
835 4680 1011 4758 hujusmodi
1030 4684 1172 4760 potestas,
1186 4696 1254 4757 quaa
1274 4679 1414 4739 omnium
1429 4676 1529 4759 priuci-

463 4798 535 4863 pum
550 4780 794 4855 christianorum,
805 4781 1003 4860 quantumuis
1014 4776 1296 4859 independentium,
1307 4785 1386 4839 esset
1396 4792 1527 4857 supreme
