3559 5675
456 760 496 822 70
866 768 946 815 ruars
965 768 1122 815 semmam

459 891 551 955 atam
562 882 610 945 rel
623 879 769 963 supponit
787 878 929 956 calfacit,
945 877 1052 963 nequit
1064 878 1224 943 consistere
1237 894 1307 941 cum
1321 880 1463 943 relatione
1476 882 1529 945 illa

455 982 661 1065 superioriset
672 978 796 1043 subditi.
812 980 903 1058 Ergo,
917 968 986 1041 elci
1013 978 1026 1021 ·'

496 1087 530 1145 2⁰
541 1080 742 1159 Plerumque,
760 1095 796 1140 ar
810 1083 929 1164 naturae
943 1077 1039 1159 ipsius
1061 1075 1192 1157 legibue,
1203 1084 1297 1141 cessat
1310 1081 1343 1143 in
1355 1088 1479 1163 parente
1491 1085 1530 1147 le·

456 1180 610 1256 subditas,
623 1194 721 1257 quum
735 1193 770 1238 aa
790 1174 918 1256 perlecta
937 1176 1096 1237 constituta
1112 1177 1193 1255 riget
1208 1177 1242 1237 in
1260 1178 1351 1257 prole.
1368 1178 1402 1242 ld
1428 1184 1528 1243 mani·

451 1284 528 1345 testo
542 1280 653 1343 indicio
663 1284 722 1355 eat,
732 1292 928 1357 naquaquam
940 1277 973 1339 in
986 1276 1135 1345 Crmwris
1146 1278 1311 1342 mtenhme
1324 1280 1418 1342 fuisse
1428 1288 1464 1344 ut
1476 1282 1529 1345 lilii

453 1399 526 1445 cum
535 1378 712 1461 parantibus
724 1376 883 1439 nuberent.

490 1478 591 1544 hon.
604 1482 638 1540 2·
649 1490 737 1541 raus.
752 1507 793 1521 -
809 1474 842 1537 1·
852 1472 990 1536 Facullan
1010 1473 1231 1537 connubiorum
1257 1476 1335 1539 inter
1351 1482 1530 1558 consangui-

451 1576 720 1645 uecscollateralas
736 1572 965 1655 jungendorum
981 1574 1145 1635 maalmam
1158 1574 1191 1636 in
1199 1574 1321 1637 familiis
1331 1578 1530 1657 corruptelam

451 1697 574 1751 marum
591 1679 741 1757 panant,
764 1674 929 1739 maximam
943 1675 1107 1737 temerariis
1125 1676 1323 1741 matrimoniis
1346 1678 1531 1745 mmsionem

449 1778 604 1861 praeberet
618 1776 708 1851 Nam,
722 1774 749 1835 ei
759 1773 838 1837 inter
852 1789 904 1836 ace
916 1778 1048 1851 quonum
1065 1772 1212 1835 naturalis
1228 1778 1273 1835 est
1285 1772 1475 1857 cohabitatio,
1489 1774 1529 1839 li-

450 1883 533 1944 canl
550 1872 744 1944 matrimonia
760 1871 947 1951 contrahere,
960 1872 1068 1935 iisdem
1085 1872 1174 1935 etiarn
1194 1873 1296 1937 liceret
1313 1891 1377 1936 sese
1398 1874 1431 1939 in
1448 1876 1532 1939 hunc

450 1979 659 2043 mammulae
669 1990 802 2054 quarere
816 1977 966 2053 atemere,
979 1972 1016 2035 de
1027 1973 1262 2053 iuturienuptiis
1273 1972 1416 2053 colloqui,
1430 1977 1532 2041 atalia

450 2094 595 2160 peragere
605 2091 674 2155 qua
687 2074 726 2137 ab
739 2072 868 2135 externis
878 2072 1043 2154 juvenibus
1057 2072 1121 2135 fieri
1137 2062 1233 2135 soient
1243 2090 1314 2153 erga
1324 2075 1441 2163 puellas
1453 2094 1530 2157 quas

452 2174 646 2247 mammonin
660 2172 717 2241 sibi
728 2176 858 2257 jungere
871 2170 1064 2237 melitenen.
1073 2174 1147 2247 Qua
1157 2172 1281 2251 quidem
1295 2174 1374 2237 inter
1385 2192 1530 2260 personas

453 2291 514 2337 nen
525 2274 710 2355 propinquae
719 2286 754 2333 ac
763 2270 853 2331 domo
863 2274 999 2332 externae
1008 2285 1062 2349 par
1072 2286 1104 2331 sa
1115 2271 1281 2351 periculosa
1290 2286 1353 2333 non
1363 2278 1446 2345 sunt.
1458 2275 1532 2357 qrria

455 2374 556 2440 simun
574 2388 637 2441 nan
650 2370 858 2454 propinquum
870 2374 900 2430 al
914 2373 1084 2441 externum,
1097 2368 1234 2447 quanfflu
1246 2369 1272 2429 is
1286 2368 1316 2434 in
1326 2369 1417 2433 domo
1429 2388 1532 2434 versa-

453 2477 516 2547 bar,
530 2468 761 2555 perutamtlise
777 2467 826 2534 rel
842 2469 908 2547 ipso
921 2466 1099 2532 urbanitatis
1121 2464 1217 2529 officia
1230 2466 1400 2531 meistantes
1413 2485 1533 2554 semper

456 2572 627 2640 menna

494 2674 534 2738 ht
545 2688 616 2736 sero
624 2670 730 2733 iratrm
743 2685 778 2731 aa
790 2684 906 2731 sorores
921 2669 953 2733 in
965 2666 1070 2733 eadem
1081 2666 1171 2729 darno
1180 2667 1232 2729 diu
1247 2674 1397 2751 nochrqua
1410 2670 1532 2740 cohabi-

465 2777 562 2843 lsrrtss
573 2775 684 2835 tantaa
697 2767 871 2855 monacas
882 2767 1037 2846 diligentia
1049 2766 1200 2829 observari
1212 2774 1380 2848 nequeunt,
1390 2774 1424 2831 ut
1437 2774 1535 2837 marita

458 2873 583 2940 alarum
594 2870 759 2956 colloquia,
768 2867 873 2931 multa
884 2869 1015 2930 actiones
1030 2867 1331 2948 quotidieparentum
1343 2871 1535 2950 vigilantiam

457 2990 521 3044 non
531 2969 820 3055 amesiautErgasi
831 2969 944 3048 nuptia
956 2967 1144 3031 interbalrce
1156 2984 1190 3030 ac
1201 2985 1318 3031 sorores
1328 2985 1388 3031 non
1400 2973 1537 3052 eintjurc

459 3071 593 3144 murali
608 3070 733 3146 illicita,
747 3067 775 3132 si
791 3066 934 3149 specillis
947 3065 1100 3134 edsitsesa
1112 3066 1240 3128 invicem
1254 3068 1449 3132 matrimonio
1460 3089 1537 3136 oon-

459 3171 624 3257 junsendi,
646 3175 678 3232 et
701 3169 852 3230 habmus
877 3183 963 3231 amor
989 3171 1019 3229 at
1041 3165 1162 3230 assidua
1180 3165 1356 3232 cohabitatio
1380 3173 1536 3240 maritales

455 3288 574 3340 amores
586 3267 695 3333 iisdem
714 3267 763 3330 rel
776 3266 878 3355 pueris
896 3265 1054 3330 afflabunt.
1070 3266 1141 3330 lude
1154 3271 1255 3330 autem
1277 3274 1391 3346 quanta
1412 3287 1537 3336 morum

454 3367 620 3454 corruptio,
639 3370 751 3447 quanta
779 3365 992 3445 coniugiorum
1012 3366 1164 3428 temeritas
1190 3365 1271 3428 illico
1295 3367 1368 3429 oriri
1392 3367 1536 3454 debeant,

459 3467 659 3532 manilestum
672 3470 728 3526 est.
745 3465 824 3542 Ergo
836 3463 985 3534 naturalis
998 3463 1070 3526 orrlo
1088 3463 1146 3529 hoo
1164 3466 1356 3549 precipitat
1378 3467 1459 3530 inter
1486 3489 1539 3537 ees

462 3563 756 3653 perrumpaturalis
768 3569 814 3630 est
838 3561 1028 3642 cohabitatio,
1041 3563 1181 3628 nullasit
1195 3562 1321 3631 tacubm
1349 3567 1538 3637 matrimonii

458 3661 668 3736 emuahenai.

502 3771 571 3831 lam
588 3768 667 3828 inter
684 3764 791 3827 manas
807 3771 836 3826 et
846 3779 962 3827 sorores
978 3762 1156 3829 cohabitatio
1169 3770 1214 3828 ast
1228 3767 1358 3830 maxime
1375 3769 1539 3848 naturalis,

464 3870 610 3936 aiminus
621 3881 655 3934 ac
676 3865 781 3933 minus
794 3864 941 3929 naturalis
952 3883 987 3932 ea
1001 3865 1046 3941 lt,
1059 3871 1148 3950 prout
1165 3868 1261 3944 magia
1273 3882 1308 3929 ac
1322 3869 1419 3946 tnagis
1431 3887 1541 3952 propa-

478 3971 558 4052 gatio
577 3968 731 4056 gebenna
754 3968 910 4030 communi
935 3968 1033 4048 stipite
1053 3965 1173 4029 recedit.
1189 3969 1267 4046 Ergo
1290 3964 1438 4032 namralis
1467 3971 1542 4032 ordo

476 4071 597 4153 nuptiae
610 4070 687 4133 inter
697 4069 803 4132 traces
816 4085 852 4132 ac
863 4085 981 4132 sorores
997 4069 1121 4132 omuino
1134 4073 1225 4146 vetat,
1238 4085 1350 4148 easque
1369 4069 1450 4130 inter
1464 4071 1542 4134 alias

465 4170 653 4240 collaterales
673 4170 912 4256 consanguineos
932 4169 1035 4234 minus
1048 4172 1195 4236 acmiuue
1207 4167 1356 4252 prohibet,
1371 4173 1543 4250 quomsgis

464 4289 499 4334 ac
509 4271 608 4360 magis
625 4285 728 4330 aorrrm
740 4271 986 4349 consanguinitas
1000 4273 1039 4331 sit
1051 4277 1174 4334 remota.

505 4375 539 4434 2⁰
549 4367 688 4432 Facultae
701 4370 923 4433 connubiorum
934 4371 1012 4432 inter
1022 4373 1261 4450 coumnguiaeos
1267 4371 1459 4436 collaterales
1469 4379 1545 4454 p'un·

465 4470 635 4552 gendarum
645 4468 837 4532 domesticam
846 4471 1009 4534 amicitiam
1018 4467 1192 4532 eorumdem
1206 4472 1373 4534 necessario
1382 4478 1541 4536 everteret

465 4572 552 4640 Nam.
565 4568 593 4630 ei
613 4569 693 4630 inter
705 4569 943 4646 consanguineos
966 4567 1151 4632 collaterales
1166 4567 1247 4630 licita
1272 4571 1414 4648 coniugia
1427 4579 1542 4646 essent,

465 4666 618 4730 maritales
630 4666 722 4729 unius
743 4683 815 4744 arga
826 4683 921 4729 unam
939 4684 1056 4729 amores
1069 4669 1236 4730 necessario
1245 4667 1319 4730 alios
1330 4673 1420 4747 alque
1434 4671 1512 4734 alios
1527 4691 1545 4734 a

465 4770 530 4850 pari
539 4779 642 4831 acrore
651 4767 852 4831 exarderent
864 4769 901 4829 lli
915 4774 1016 4833 autem
1029 4767 1196 4850 peculiares
1209 4785 1326 4834 amores
1333 4769 1449 4850 quibus
1462 4789 1546 4834 unam
