3559 5675
169 867 177 875 -
398 863 403 872 .
591 795 699 846 susus.
724 817 761 835 -η
783 796 867 846 urben
888 793 1077 846 oeconomus.
1301 775 1354 843 eit

169 886 183 979 ᾗ
279 901 487 976 superomnia
506 904 697 980 consulendi,
713 905 817 966 invitis
830 908 920 967 etiarn
934 913 963 966 et
978 905 1191 966 reluctantibus
1207 910 1360 982 utcunque

169 1002 181 1010 ··
279 996 579 1064 humauisomnibus
600 1005 806 1084 potestatibus.
825 1009 862 1067 ut
882 1005 989 1067 nullus
1003 1023 1066 1066 esse
1090 1011 1184 1085 potest
1207 1005 1360 1081 legitimus

170 1172 172 1179 Ι
279 1099 332 1159 bei
346 1099 458 1179 cultus,
471 1102 557 1163 nulla
566 1108 684 1166 aeteruae
694 1104 801 1166 salutis
807 1106 857 1166 via
866 1113 969 1186 praeter
978 1105 1171 1166 christianam
1183 1104 1359 1180 religionem

169 1202 185 1212 ”
277 1195 338 1259 sub
353 1203 485 1264 Romano
495 1203 636 1265 Pontiiice
650 1209 680 1264 et
693 1205 847 1284 Episcopis
859 1206 897 1266 ab
909 1223 944 1266 eo
955 1205 1108 1267 contitutis
1122 1204 1307 1265 observatam
1326 1220 1360 1266 ac

170 1274 172 1311 ⁷
278 1300 408 1363 fideliter
428 1302 606 1374 custoditam
631 1306 744 1384 (1258,
773 1303 872 1380 1267).
900 1337 940 1351 -
961 1309 990 1366 2.
1020 1303 1150 1366 Evidens
1175 1310 1219 1366 est
1239 1303 1359 1382 templis

170 1476 172 1485 Ι
277 1401 489 1480 exstruendis,
513 1405 603 1464 sacris
632 1405 741 1464 ritibus
764 1404 972 1481 celebrandis,
998 1405 1193 1465 sacrementis
1220 1404 1361 1466 decenter

169 1506 171 1513 '
274 1501 538 1578 administrandis,
550 1502 664 1564 clericis
685 1502 814 1578 alendis,
825 1504 943 1582 pietatis
955 1521 989 1564 ac
1000 1503 1209 1564 misericordie
1221 1504 1361 1584 operibus

275 1619 353 1679 erga
366 1618 523 1681 pauperes,
547 1619 618 1678 erge
634 1602 798 1681 orphanos,
814 1619 886 1680 erga
904 1602 1023 1680 viduas,
1038 1619 1109 1679 erge
1130 1603 1256 1666 miseros
1270 1620 1360 1682 quos·

169 1695 190 1721 ³'
275 1701 356 1762 libet
367 1719 404 1762 ex
417 1701 527 1763 Christi
539 1709 687 1783 precepto
700 1703 873 1764 exercendis
885 1704 1067 1766 necessarias
1080 1719 1204 1783 prorsus
1220 1720 1284 1764 esse
1296 1721 1360 1766 ma·

170 1782 188 1839 Ῐ”
275 1801 401 1863 terieles
420 1801 548 1864 divitias.

169 1896 185 1922 '³
322 1908 413 1983 Ergo,
431 1922 612 1984 quacunque
629 1906 678 1967 via
696 1907 829 1985 legitima
849 1907 925 1968 tales
946 1905 1066 1968 divitias
1084 1905 1147 1967 bac
1159 1905 1298 1983 religiosa
1314 1923 1360 1970 so·

169 1989 182 2026 ⁷·
274 2003 373 2065 cietas
395 2020 413 2062 a
438 2003 557 2065 Christo
574 2005 701 2066 Domino
724 2005 860 2066 instituta
884 1997 1066 2083 acquisierit,
1088 2021 1137 2066 eas
1159 2006 1272 2085 optimo
1289 2008 1360 2083 jure

275 2103 414 2183 possidet
423 2120 545 2182 prorsus
556 2103 790 2184 independenter
802 2104 840 2166 ab
851 2105 985 2166 humane
995 2106 1099 2183 quavis
1108 2111 1262 2186 potestate,
1271 2114 1360 2186 etque

178 2200 191 2295 Ἰ
277 2205 340 2266 hoc
351 2209 404 2284 jus
422 2205 477 2265 illa
490 2205 720 2266 immutabiliter
739 2207 863 2279 retinet,
886 2205 1090 2282 quodcunque
1104 2206 1213 2267 audeat
1226 2207 1360 2270 humane

169 2295 185 2333 ·‘·
277 2304 398 2383 quanvis
414 2312 542 2384 potestas
559 2311 662 2367 eontra
678 2302 753 2365 illud
772 2308 932 2395 attentere;
953 2320 1049 2398 neque
1064 2304 1111 2364 his
1126 2307 1233 2384 opibus
1247 2323 1282 2366 ea
1295 2323 1360 2386 spo·

181 2404 188 2417 '
278 2404 352 2464 lieri
365 2410 461 2484 potest
472 2403 531 2463 nisi
547 2421 599 2482 per
611 2401 789 2482 saerileqmn
804 2401 1013 2462 latrocinium.

324 2504 358 2565 3ο
372 2503 520 2576 Christus,
534 2505 741 2582 Homo-Deus,
754 2504 881 2582 positiva
895 2519 950 2563 sue
962 2502 1150 2564 ordinatione
1161 2501 1263 2564 divina
1270 2505 1362 2582 jussit

170 2610 186 2634 ²²
282 2603 423 2666 Ecclesiae
434 2605 587 2665 ministros
600 2603 638 2664 ab
647 2604 853 2665 ecclesiasticis
864 2605 928 2664 suis
943 2603 1121 2664 muneribus
1132 2604 1234 2664 omnia
1246 2603 1361 2665 trahere

170 2701 187 2741 ⁷‘·'
284 2705 407 2783 quaed
427 2705 538 2767 victum
559 2706 736 2783 cultumque
755 2706 917 2766 honestum
936 2705 1103 2766 necessaria
1121 2711 1204 2767 suut.
1227 2706 1259 2766 ld
1279 2706 1360 2766 enim

169 2805 182 2845 '²
282 2812 387 2886 aperte
400 2806 513 2867 l‘aulus
525 2791 685 2885 Apostolus
699 2810 836 2867 testatur.
861 2825 876 2862 e
894 2803 924 2865 Si
946 2820 1001 2866 nus
1022 2805 1106 2865 vobis
1126 2804 1289 2885 spiritualia
1308 2821 1361 2866 se-

169 2902 189 2946 *
280 2909 488 2985 minavimus,
517 2907 631 2968 altillo
654 2906 712 2987 (a),
740 2922 888 2983 magnum
916 2912 960 2967 est
984 2907 1019 2966 si
1033 2922 1088 2967 nos
1110 2906 1243 2967 carnalia
1262 2913 1360 2968 vestra

169 3004 190 3069 Ξῖ
280 3010 495 3068 metamusl...
517 3007 653 3082 Nescitis,
670 3008 815 3084 qnoniam
829 3006 883 3084 qui
905 3006 936 3065 iu
957 3006 1083 3069 sacrario
1100 3010 1273 3084 operantur,
1291 3022 1360 3083 quae

178 3096 181 3101 ’
280 3108 323 3169 de
337 3108 465 3169 sacrario
476 3114 558 3180 srrnt,
574 3106 687 3184 eduut3
703 3113 732 3168 et
746 3107 799 3185 qui
813 3106 900 3167 altari
912 3106 1094 3177 deserviunt,
1110 3122 1178 3168 oum
1194 3105 1278 3167 alteri
1292 3122 1360 3185 par·

169 3207 187 3254 τ’
281 3208 428 3285 ticipantl
440 3209 482 3267 lta
493 3214 523 3268 et
532 3209 679 3268 hominus
693 3206 841 3267 ordinavit
852 3207 890 3267 iis
899 3206 952 3284 qui
965 3204 1156 3283 evangelium
1168 3206 1360 3280 annuntiant,

177 3312 181 3369 ἶ
280 3308 323 3369 de
348 3307 502 3384 evaugelio
525 3309 667 3368 vivere.»
693 3310 781 3385 Ergo,
803 3310 873 3384 jure
896 3309 987 3367 ctiam
1006 3308 1131 3386 positivo
1152 3306 1255 3367 divino
1273 3306 1362 3367 hebet

169 3417 177 3459 :
282 3407 417 3469 Ecclesia
430 3407 613 3484 facultatem,
631 3423 843 3486 aquacunque
857 3424 981 3487 prorsus
999 3408 1134 3467 humana
1152 3410 1295 3487 potestate
1317 3408 1363 3467 in·

169 3519 178 3560 5
283 3506 514 3585 dependentem,
530 3507 698 3586 possidendi
714 3510 813 3569 omnia
827 3526 895 3587 quae
908 3508 954 3569 illi
967 3508 1003 3569 ad
1017 3524 1114 3569 sacros
1130 3508 1282 3569 ministros
1296 3524 1361 3568 sus·
1390 3576 1394 3581 ,

169 3619 180 3678 ξ
286 3607 445 3669 teubodus
460 3614 490 3667 et
507 3607 544 3668 ad
558 3614 676 3670 ceteras
695 3608 805 3671 divinae
820 3609 973 3687 religionis
987 3610 1205 3670 necessitatene
1222 3608 1363 3669 fidelibus

169 3727 174 3764 r
284 3708 400 3769 luerint
413 3724 594 3785 quocunque
610 3708 699 3769 modo
712 3708 838 3771 honesto
853 3709 919 3769 date
935 3716 964 3769 et
977 3724 1129 3784 concessa,
1149 3710 1212 3769 sive
1228 3708 1362 3783 mobilia,

284 3809 351 3870 sive
367 3805 535 3867 immobilia
550 3806 614 3868 baec
627 3808 707 3869 bone
727 3808 801 3868 sint.
824 3809 918 3879 Nam,
939 3807 1026 3867 sicuti
1040 3820 1076 3867 ex
1086 3809 1157 3883 jure
1175 3806 1255 3883 quod
1270 3822 1364 3866 unns·

169 3953 178 3965 ,
285 3909 419 3989 quisque
433 3906 566 3987 privatus
578 3908 668 3969 habet
677 3914 788 3969 certam
801 3906 999 3984 stabilemque
1014 3905 1071 3965 sibi
1084 3906 1151 3966 vitae
1164 3906 1363 3968 sustentandae

169 4025 174 4066 r
286 4013 436 4073 rationem
449 4009 655 4090 comparandi,
671 4009 767 4071 oritur
780 4008 825 4068 illi
836 4009 890 4085 jus
907 4006 996 4087 pleno
1010 4011 1039 4067 et
1052 4005 1215 4067 inviolabili
1231 4006 1365 4067 dominio

288 4110 461 4193 possidendi
474 4110 554 4171 boue
565 4111 652 4171 etiam
668 4108 837 4170 immobilia
852 4124 921 4186 quae
936 4107 1059 4167 honeste
1080 4106 1251 4183 acquisierit
1272 4106 1363 4182 (775,

170 4227 172 4266 ῑ
286 4212 387 4286 780);
405 4210 458 4284 ita,
471 4208 510 4271 ob
524 4209 662 4270 camdem
674 4208 762 4287 plene
776 4223 908 4279 causam,
926 4223 962 4268 cr
973 4206 1043 4282 jnrc
1055 4202 1134 4283 quod
1149 4204 1277 4267 Ecclesia
1290 4203 1366 4264 divi-

286 4311 371 4371 nitus
390 4308 482 4382 babet
504 4316 619 4369 certum
643 4324 677 4368 ac
699 4306 839 4367 stabilem
863 4306 928 4366 suis
952 4304 1100 4365 ministris
1124 4320 1157 4364 ac
1182 4300 1365 4383 pauperibus

285 4412 401 4471 victum
422 4407 599 4485 cultumque
619 4405 757 4487 parandi,
776 4407 874 4466 oritur
895 4403 1130 4484 independenter
1150 4422 1167 4464 a
1187 4418 1366 4481 quacunque

285 4511 430 4571 bumana
444 4508 606 4589 cujuslibet
623 4506 777 4587 potestatis
791 4505 981 4565 concessione
996 4507 1049 4581 jus
1069 4502 1240 4583 possidendi
1263 4502 1365 4583 pleno,

285 4626 372 4672 sacro
387 4615 417 4669 et
432 4606 598 4669 inviolabili
615 4605 749 4668 dominio
768 4604 847 4666 bona
859 4606 950 4667 etiem
968 4596 1145 4680 immobilia,
1162 4618 1228 4681 qum
1243 4601 1366 4663 honesto

284 4718 441 4789 numenque
459 4707 641 4787 acquisierit.

317 4870 374 4941 (o)l
388 4868 490 4931 corax,
503 4870 541 4931 tt,
553 4870 591 4930 ta,
606 4870 645 4919 tt.
