3559 5675
576 779 682 826 seua.
708 796 744 814 -·
766 781 851 826 emen
871 781 1004 826 nmmos.
1271 767 1332 833 Ἀθ

260 885 446 959 moderatrix,
462 885 660 963 diu'quidem
681 893 712 946 et
725 901 931 948 summarum
948 886 1086 948 omnium
1098 888 1254 957 nationum
1268 891 1330 950 uti·

259 986 499 1062 litateconstitit3
527 1001 620 1062 quam
642 984 795 1064 deinceps,
818 987 995 1064 perniciosis
1023 970 1330 1066 pseudopoliticorum

257 1087 418 1146 mendaciis
441 1093 472 1146 et
488 1085 670 1164 turpissimis
687 1087 939 1146 assentationibus
959 1085 1087 1165 decepti,
1100 1087 1256 1148 christiani
1266 1105 1331 1150 om·

256 1203 304 1246 nas
315 1187 469 1264 principes
478 1187 657 1260 rejecerunt.
667 1185 707 1247 m
717 1201 860 1264 supreme
876 1185 942 1252 hac
954 1192 1083 1264 potestas
1093 1185 1236 1248 omnibus
1251 1187 1329 1266 poli-

256 1288 313 1348 ticis
320 1286 513 1366 principibus
526 1271 766 1363 supereminens,
779 1303 847 1363 quac
861 1285 991 1348 nonalia
1003 1287 1162 1363 luitquam
1175 1289 1329 1350 Romanus

256 1386 400 1459 ltontrler,
420 1385 533 1446 Christi
545 1385 663 1446 [tormini
688 1385 726 1446 ad
740 1386 919 1447 christianes
938 1401 1044 1446 omnes
1060 1392 1166 1462 gentes
1181 1391 1241 1448 totu
1256 1387 1328 1449 orbe

254 1493 400 1548 terrarum
414 1483 539 1544 diffusas
553 1485 586 1544 in
597 1502 629 1546 re
643 1485 727 1547 omni
749 1485 889 1562 religiosa
899 1486 1115 1562 gubernandas
1129 1487 1277 1553 sicanus.
1288 1488 1327 1549 ab

252 1587 353 1646 ordine
369 1601 454 1646 mere
468 1583 587 1662 politico
610 1585 762 1646 evidenter
784 1587 856 1661 exit,
875 1585 956 1646 intra
969 1589 1059 1664 cujus
1077 1585 1192 1646 ordinis
1215 1586 1327 1649 limites

251 1692 304 1746 tola
318 1690 427 1746 nostra
439 1683 600 1762 disputatio
612 1683 758 1745 heomnus
774 1685 915 1746 conclusa
928 1691 984 1746 est.

285 1785 398 1860 igitur,
413 1784 559 1844 utstatim
575 1782 623 1844 hic
639 1785 803 1844 innuamus
816 1784 898 1862 quod
921 1784 1018 1844 fusius
1032 1782 1110 1844 libro
1124 1783 1174 1842 12⁰
1196 1783 1328 1862 disputa·

250 1883 362 1956 bimus,
375 1887 508 1944 veterem
521 1881 606 1942 illam
619 1883 699 1961 apud
714 1881 893 1944 christianos
905 1900 1010 1945 omnes
1022 1882 1148 1962 populos
1160 1883 1232 1943 olim
1241 1898 1327 1942 cons-

250 1985 368 2044 titutam
380 1983 479 2046 cedia
494 1985 649 2060 retentam,
666 1981 779 2054 ordinis
803 1983 916 2062 politici
929 1999 1001 2044 cum
1015 1983 1156 2059 religioso
1173 1982 1325 2062 composi-

248 2083 363 2144 tionem
391 2081 449 2142 sub
463 2083 591 2142 Romani
605 2081 754 2144 Pontificio
768 2088 891 2161 paterna
909 2099 1113 2162 supremaque
1136 2084 1324 2152 auctoritate,

246 2189 271 2242 ct
292 2182 556 2260 sapientissimam
582 2187 611 2242 et
632 2182 826 2244 utilissimam
849 2184 945 2244 lesisse
964 2182 1054 2260 plene
1076 2182 1272 2258 arbitramur,
1296 2187 1326 2254 et

246 2281 458 2361 pentametros
480 2281 708 2356 confirmamus,
723 2281 845 2344 nullum
860 2282 957 2342 alium
976 2297 1064 2360 posse
1084 2281 1245 2358 excogitari
1258 2295 1325 2340 mo·

245 2381 320 2444 dum
328 2381 503 2460 legitimum
520 2380 1327 2460 tyrannidislnprincipeindependenteeomprimender

246 2489 355 2560 prater
374 2481 460 2542 huuc
479 2480 580 2559 ipsum
602 2499 620 2541 a
641 2481 775 2559 patribus
796 2482 908 2542 nostris
926 2479 1026 2547 medio
1048 2496 1109 2543 aero
1132 2483 1323 2557 usurpatum.

247 2582 369 2642 Etenim
388 2597 426 2640 ex
440 2581 478 2641 iis
499 2595 568 2657 mire
581 2585 641 2642 tuto
660 2581 717 2642 hoc
736 2583 769 2642 2⁰
782 2579 885 2640 coruli.
911 2579 1112 2641 disseruimus
1128 2578 1324 2641 manifestum
1344 2639 1351 2650 ,

247 2683 290 2758 lit,
316 2681 439 2744 nullam
465 2696 588 2759 prorsus
610 2686 862 2758 essepotostatem
876 2679 997 2743 civilem
1010 2685 1064 2742 aut
1087 2680 1238 2759 politicam
1252 2694 1323 2758 quae

245 2783 381 2860 legitime
396 2782 571 2860 utiliterque
596 2782 692 2861 possit
710 2797 776 2842 eam
791 2781 981 2858 tyrannidem
994 2797 1140 2852 coercere.=
1153 2783 1242 2859 Ergo,
1265 2781 1324 2859 nisi

246 2882 418 2944 christianes
440 2890 543 2960 gentes
558 2898 731 2961 supremam
751 2882 936 2960 reipublice
957 2898 1079 2945 caumm
1100 2887 1225 2960 paterno
1242 2881 1325 2942 arbi-

247 2985 338 3044 tratui
353 2985 483 3045 Romani
501 2984 649 3045 Pontificio
662 2982 834 3059 subiiciant
843 2982 930 3043 nulla
940 2983 990 3041 vie
1003 2987 1104 3053 restat,
1113 2997 1174 3057 que
1183 2980 1243 3041 itta
1255 2996 1324 3059 pos·

248 3087 310 3145 sint
324 3086 356 3145 in
371 3084 511 3163 pessimis
524 3084 673 3162 ejusmodi
694 3082 878 3163 temporibus
892 3083 931 3143 ab
945 3082 1036 3143 exitio
1049 3080 1187 3143 evadere.
1209 3078 1267 3141 Sed
1285 3078 1323 3141 de

248 3184 305 3247 bae
317 3202 349 3246 re
362 3185 450 3264 plura
464 3186 494 3247 in
509 3184 585 3247 libro
601 3189 661 3246 120.

647 3396 854 3460 surrectus
874 3398 913 3458 V.

636 3580 939 3665 deleueraroopeea.

292 3785 381 3847 tull.
399 3788 496 3849 Orare
512 3802 631 3851 correi
644 3798 715 3851 tos-
724 3785 839 3849 498w:
855 3782 1324 3849 -10lbsurdumeiatuesse-

249 3894 307 3948 mm
321 3890 456 3967 aliquam
473 3891 624 3953 nationem
640 3894 711 3970 jure
722 3890 853 3952 naturali
863 3888 991 3965 obligari
1007 3886 1044 3947 ad
1060 3883 1204 3964 principis
1221 3881 1269 3941 sui
1280 3891 1324 3957 ty·

247 3988 406 4051 rannidem
418 3991 571 4051 terendam
579 3992 623 4051 ¹ita
631 3996 667 4052 ut
679 3990 758 4052 nillil
783 3992 810 4052 ei
825 3990 915 4051 liceat
923 4005 1012 4065 agere
1025 3985 1063 4047 sd
1084 3984 1170 4045 illius
1191 3982 1324 4041 iurarem

247 4095 275 4148 et
297 4090 508 4151 crudelitatem
533 4092 635 4169 procul
656 4110 673 4153 a
693 4108 727 4153 se
743 4089 926 4170 repellenda
943 4086 1031 4165 Atqui
1053 4085 1092 4147 ab
1105 4082 1159 4143 illa
1176 4081 1324 4161 positione

246 4188 316 4249 talis
330 4190 462 4252 absurda
480 4190 623 4269 obligatio
637 4198 879 4271 consequeretur.
896 4188 981 4248 -20
992 4183 1171 4250 incredibile
1185 4186 1230 4243 est
1242 4198 1259 4241 a
1271 4180 1324 4243 liei

246 4290 355 4368 optimi
369 4292 555 4370 providentia
569 4300 632 4353 tam
647 4293 724 4353 mele
738 4292 905 4353 humanam
917 4288 1087 4350 societatem
1105 4285 1198 4345 luisse
1212 4282 1326 4343 consti·

247 4400 354 4467 tutam,
371 4400 405 4453 ut
419 4392 465 4452 illi
479 4392 643 4470 aliquando
663 4392 851 4471 impossibile
873 4391 914 4451 sit
928 4404 995 4450 sese
1007 4404 1026 4447 a
1040 4384 1143 4447 sociali
1161 4383 1242 4443 nralo
1256 4398 1324 4458 gre·

245 4495 371 4556 sissimo
392 4494 520 4554 liberare
541 4494 628 4556 aliter
649 4510 741 4571 quam
765 4492 861 4569 legem
878 4488 1048 4551 naturalem
1060 4484 1211 4547 violando.
1232 4484 1323 4561 Atqui

245 4594 347 4656 hocin
366 4594 471 4655 eadem
487 4594 539 4654 illa
559 4594 704 4673 positione
727 4593 817 4672 plane
839 4592 1019 4653 continetur.
1029 4620 1073 4662 ,-
1093 4584 1125 4645 3·
1139 4586 1268 4647 Societas
1285 4582 1323 4643 etl

244 4694 360 4755 bonum
380 4694 541 4754 bominum
564 4696 801 4755 consocietorum
817 4694 878 4751 tota
902 4688 1080 4753 naturaliter
1102 4686 1240 4747 ordinata
1253 4688 1321 4743 est:

245 4796 407 4858 auctoritas
422 4798 522 4855 aulem
532 4794 569 4856 ad
582 4793 731 4856 societatis
742 4792 854 4853 bonum
863 4796 967 4871 suapte
977 4784 1320 4849 naturasebordinatur.
