3559 5675
618 756 727 800 suune.
749 774 789 787 *-
810 756 894 800 ιιιιιιι
916 756 1047 802 uncinus.
1313 742 1372 805 tte

293 860 495 922 dividuonon
510 860 614 930 selum
636 859 712 920 illud
730 861 796 921 siue
813 876 875 937 quo
894 860 947 921 illa
965 862 1091 921 existere
1111 876 1171 921 nou
1196 866 1303 940 posset,
1319 862 1370 923 sed

290 960 383 1020 etiem
398 956 475 1017 illud
489 957 557 1016 sine
571 972 633 1033 qun
646 973 724 1033 agre
743 972 800 1019 uec
810 958 881 1019 satis
899 964 1096 1035 congruenter
1111 958 1147 1019 ad
1168 974 1256 1021 stram
1273 959 1371 1036 digni·

294 1064 386 1119 tatem
401 1056 457 1116 illa
469 1056 619 1117 existeret.
1254 1079 1258 1087 »

333 1154 573 1217 3·Μιι11ιιοιιιιιίε
581 1156 699 1232 generis
707 1155 819 1217 damna
827 1156 959 1217 societati
977 1174 1011 1217 cr
1028 1158 1259 1220 immodicarum
1278 1160 1370 1220 tribu·

293 1267 396 1318 torum
405 1256 595 1334 impositione
603 1256 984 1333 proveniunt.1.liamnum
994 1258 1117 1329 morale,
1126 1260 1197 1335 quia
1207 1260 1309 1319 multis
1318 1262 1374 1321 nri·

293 1354 594 1415 minibusedtributa
601 1353 851 1432 ritendapatratis
860 1354 1173 1435 occasionempraebet.
1185 1360 1371 1419 scamnum

292 1455 414 1525 sociale,
425 1455 501 1531 quie
511 1454 662 1532 populum
674 1460 778 1515 contra
789 1454 895 1515 ῆιιιιιιι
908 1456 1035 1531 ejusque
1049 1457 1202 1517 ministros
1213 1458 1331 1531 excitet,
1343 1463 1372 1517 et

293 1554 453 1615 horrorem
467 1554 669 1630 quorumdam
682 1553 868 1631 delictorum,
882 1560 971 1633 atque
985 1558 1107 1617 honoris
1119 1556 1234 1617 socialis
1250 1572 1372 1617 sensnm

295 1654 327 1712 in
349 1652 513 1730 permultis
534 1653 651 1713 civibus
674 1653 839 1729 indigentia
860 1656 970 1732 pressis
989 1656 1146 1732 extinguit.
1169 1658 1199 1715 3.
1222 1658 1372 1715 Damnum

295 1750 465 1825 materiale,
475 1752 549 1827 quia
561 1750 616 1810 ulei
628 1752 742 1813 tributa
754 1752 847 1812 nimis
859 1755 963 1829 grauia
976 1754 1049 1828 sint,
1064 1754 1212 1813 minuitur
1225 1753 1373 1814 mercium

292 1851 486 1929 consumptio
495 1866 506 1928 3
516 1850 573 1911 hac
588 1857 690 1912 autem
704 1852 932 1931 consumptione
941 1852 1139 1930 decrescente,
1151 1854 1299 1913 minuitur
1309 1850 1374 1913 red·

292 1948 377 2009 ditus
392 1948 574 2009 nitentum
590 1967 599 2012 ι
614 1966 690 2026 qun·
703 1950 828 2027 quidem
848 1968 897 2013 res
918 1959 947 2013 et
965 1953 1099 2031 privatis,
1120 1954 1173 2029 qui
1195 1952 1374 2011 utilitatibus

293 2047 480 2125 quibusdam
499 2048 586 2109 inuiti
610 2049 760 2111 abennem
776 2057 937 2127 coguntur,
958 2056 988 2111 et
1009 2052 1066 2129 ipsi
1086 2042 1287 2129 reipublicae,
1307 2068 1374 2128 quar

292 2146 478 2207 reddituum.
496 2146 555 2206 sibi
579 2149 814 2209 necessariorum
837 2155 921 2227 parte
943 2150 1087 2227 privetur,
1105 2148 1321 2211 detrimentum
1332 2149 1375 2209 ai·

293 2245 364 2305 tert
382 2246 473 2320 Ergo,
489 2250 545 2305 etc.

335 2344 431 2405 lti95.
452 2346 522 2405 l‘os.
536 2344 621 2405 536¹.
635 2347 698 2407 ιιι
708 2346 753 2404 2⁸.
763 2376 805 2390 -
818 2345 941 2411 'tributa
958 2344 1068 2407 debent
1085 2348 1302 2425 proportionem
1317 2347 1373 2405 im·

295 2445 369 2524 poni
388 2448 455 2503 tum
475 2442 513 2503 ad
531 2446 681 2521 cujusque
702 2442 814 2505 subditi
832 2443 1000 2518 tenuitates,
1012 2449 1078 2505 tum
1101 2444 1139 2504 ad
1160 2442 1375 2505 detrimentum

295 2560 332 2605 cx
344 2544 385 2603 iis
397 2542 508 2624 cecique
522 2542 645 2603 subdito
656 2544 846 2622 preveniens.

336 2644 431 2702 Peon.
457 2643 487 2700 t=
506 2654 594 2703 cass.
611 2674 644 2685 -
660 2641 785 2703 tributa
802 2660 822 2701 a
843 2641 970 2703 subditis
996 2640 1139 2703 solvenda
1161 2646 1233 2702 sunt
1256 2640 1375 2703 societis

296 2739 436 2815 numiam
454 2739 621 2817 cooperatio
635 2738 672 2799 ad
688 2755 850 2801 commune
866 2740 994 2812 bonum,
1009 2746 1044 2800 ut
1056 2744 1171 2805 constat
1184 2754 1221 2799 ex
1236 2756 1267 2799 n.
1284 2737 1372 2801 tcttt.

297 2835 375 2915 Ergo
398 2854 461 2899 nen
479 2837 646 2900 secundum
664 2841 893 2912 commutatico,
918 2840 969 2902 sed
990 2839 1156 2902 secundum
1181 2839 1376 2900 distributiva

293 2939 421 3014 iustitia
440 2940 645 3016 proportiones
670 2939 725 3000 illa
751 2938 933 3016 imponenda
958 2945 1039 2998 erint.
1066 2939 1185 2998 Etenim
1208 2939 1375 3016 cooperatio

298 3039 354 3098 ieta
377 3037 499 3098 socialis
515 3039 682 3100 necessario
707 3038 849 3118 supponit
868 3053 974 3098 omnes
990 3043 1022 3096 ct
1044 3035 1180 3121 singulos
1202 3037 1297 3096 socios
1320 3025 1376 3096 sua

298 3137 377 3198 bono
402 3138 611 3217 incommune
629 3138 803 3213 contulisse,
826 3143 861 3197 ut
880 3153 934 3216 per
952 3135 1054 3198 illaad
1071 3149 1262 3197 communem
1283 3135 1375 3196 letici-

297 3244 390 3316 tatem
413 3236 586 3316 conspirent
609 3237 706 3316 (427).
733 3240 809 3315 Ergo
829 3239 932 3299 omnia
958 3241 1107 3316 cujusque
1132 3237 1203 3297 sccii
1223 3236 1301 3298 bono
1323 3235 1373 3295 dc·

297 3337 371 3398 beot
383 3335 423 3396 ad
433 3335 526 3397 linem
535 3337 676 3398 socielern
689 3335 910 3415 procurandum
926 3336 1087 3415 cooperari.
1099 3337 1202 3412 Atqui,
1216 3336 1275 3396 uisi
1288 3335 1376 3410 quis-

298 3452 359 3514 que
372 3437 474 3498 socius
493 3436 604 3498 tributa
623 3437 721 3498 solvat
740 3437 957 3516 proportionale
977 3435 1013 3497 ad
1030 3437 1226 3514 quantitatem
1249 3449 1375 3496 suemm

297 3535 501 3612 fortunarum,
520 3537 585 3611 jam
606 3551 668 3598 non
686 3536 789 3596 emnia
806 3539 874 3613 ejus
891 3535 1022 3596 bonoad
1045 3535 1136 3596 linem
1155 3534 1295 3596 socialem
1311 3551 1378 3613 pro·

299 3633 470 3695 curandum
494 3640 681 3703 concurrent,
705 3633 757 3694 scd
777 3635 875 3694 solum
897 3641 976 3710 certa
995 3633 1132 3711 quadam
1153 3635 1275 3695 illorum
1294 3651 1376 3712 pers,

300 3735 387 3804 Nam,
403 3733 430 3792 si
446 3732 499 3792 ille
511 3735 565 3810 qni
579 3732 708 3812 possidet
720 3738 853 3810 eentum,
871 3739 987 3794 tuntum
1000 3734 1092 3796 soluat
1104 3739 1253 3811 quantum
1268 3733 1321 3809 qui
1332 3749 1378 3793 sc

299 3832 366 3892 lum
389 3832 492 3894 decem
510 3832 657 3911 possidet,
680 3836 744 3910 jam
767 3833 819 3892 ille
841 3831 930 3892 ditior
946 3848 1007 3892 uon
1030 3838 1204 3909 cooperatur
1224 3832 1262 3895 ad
1284 3831 1376 3892 tinem

300 3932 442 3993 socialem
464 3948 518 4010 per
537 3933 640 3992 omnia
657 3948 714 3992 suc
727 3932 816 4003 bona,
836 3931 887 3994 sed
903 3931 1002 3991 solum
1023 3947 1075 4009 per
1094 3929 1255 4007 quarndem
1272 3947 1379 3992 eorum

299 4037 414 4109 partem
427 4031 657 4108 aeqrriratcntem
679 4031 766 4092 lintris
777 4031 907 4113 'alterius
925 4029 978 4106 qui
998 4028 1096 4089 solum
1110 4028 1213 4090 decem
1227 4029 1376 4106 possidet:

301 4132 450 4191 nimirum
469 4146 532 4192 non
556 4137 732 4209 cooperatur
753 4133 902 4192 socialiter
925 4143 1022 4204 troque
1042 4131 1129 4206 juxta
1148 4127 1230 4203 leges
1252 4128 1378 4210 justitio

300 4229 431 4306 socialis.
446 4229 484 4288 Ut
495 4229 576 4288 enim
593 4230 663 4306 quis
677 4229 825 4292 socialiter
838 4237 1024 4307 cooperetur,
1039 4227 1127 4289 debet
1139 4224 1291 4304 cooperari
1314 4230 1379 4282 tan·

299 4345 394 4406 quam
411 4329 509 4406 isqui
526 4331 629 4390 omnia
646 4346 702 4390 sua
716 4331 795 4391 bona
814 4331 848 4389 in
864 4345 1024 4390 commuue
1043 4326 1215 4399 contulerit,
1232 4330 1265 4384 ut
1285 4339 1379 4402 nuper

301 4427 451 4504 diximum
466 4434 496 4489 et
506 4429 624 4505 justitia
637 4430 756 4490 socialis
774 4429 906 4507 postulat
926 4429 1025 4506 utqui
1041 4426 1140 4488 sociali
1161 4425 1253 4486 tutele
1270 4423 1381 4484 fruitur

206 4549 210 4555 ⁴
303 4545 355 4606 pro
369 4528 457 4589 bonis
470 4529 535 4590 suis
547 4529 701 4606 omnibus,
715 4530 751 4588 ad
767 4530 915 4591 societatis
931 4545 1107 4607 prosporum
1119 4532 1229 4587 sutrim
1245 4541 1295 4602 pcr
1311 4539 1382 4586 seres

302 4629 438 4690 tortuose
449 4644 555 4690 omnes
575 4639 762 4708 cooperetur,
778 4629 858 4707 quod
880 4645 940 4689 nou
955 4629 1039 4692 tieret
1055 4628 1181 4708 prroloctc
1196 4624 1234 4686 ab
1250 4624 1380 4701 illoqui,

306 4730 466 4808 ampliores
479 4730 613 4794 fortunas
623 4732 789 4809 possidens,
797 4731 923 4807 aqualia
937 4730 1063 4794 solvent
1074 4730 1184 4801 tributa
1201 4741 1274 4791 cunt
1283 4723 1383 4790 mittut
