3559 5675
464 702 525 766 m
876 729 957 776 mm
978 727 1138 776 nanuum

474 825 610 890 Feclesioe
629 829 669 891 de
684 835 754 908 ¹lure
767 837 900 897 naturali
922 853 957 898 ae
969 839 1007 896 de
1027 840 1096 910 ‚inre
1119 836 1246 912 positive
1263 835 1363 898 divino
1382 834 1506 915 competit

510 928 548 988 rit
560 932 800 1008 exemptionibus
821 953 856 996 ac
865 937 1032 1012 privilegiis
1044 937 1229 1014 qrribusdenr
1242 935 1301 996 inu
1319 935 1391 997 solet
1402 935 1509 997 inelesia

469 1025 682 1092 inchristianis
694 1033 849 1112 plerisque
860 1038 1048 1110 regionibns,
1057 1053 1126 1114 que
1135 1034 1291 1114 privilegia
1302 1043 1332 1096 et
1340 1036 1511 1113 exemptiones

468 1143 661 1206 nequequam
684 1137 902 1210 suntpenersli
925 1137 1063 1210 eprrdcrn
1085 1137 1267 1216 bouoplaus
1286 1139 1452 1198 emerseris.
1468 1139 1511 1196 lie·

465 1236 583 1300 eueum
595 1229 660 1294 hare
670 1233 764 1308 igitur
784 1234 822 1296 de
832 1236 905 1310 iure
921 1236 975 1298 illo
985 1237 1101 1314 dupliei
1112 1237 1229 1312 divium
1254 1237 1336 1314 quod
1350 1235 1513 1298 utinense

467 1332 525 1388 tete
544 1329 695 1403 inuititur,
717 1332 756 1392 ed
772 1335 940 1398 Fnelesiarn
954 1339 1117 1415 perfluere.
1143 1339 1223 1413 Ergo
1235 1353 1272 1397 ex
1293 1337 1343 1416 pia
1368 1337 1512 1414 principun

465 1427 603 1492 eirilinru
615 1433 809 1495 mummione
824 1433 889 1496 huc
902 1435 1039 1498 necteus
1048 1436 1206 1499 obvenisse
1220 1435 1347 1497 dicenda
1360 1441 1434 1496 mut.

507 1525 598 1592 3343.
612 1532 748 1596 (ἶοιοιι.
768 1537 797 1594 i.
821 1565 863 1585 -ι-
876 1535 1009 1596 evidens
1027 1543 1073 1597 est
1090 1535 1293 1598 ordinationes
1320 1535 1428 1612 unibus
1439 1537 1515 1608 major

466 1626 572 1704 aliqua
594 1633 719 1695 societas
732 1650 894 1697 commune
913 1653 1039 1697 suorum
1064 1637 1180 1698 bouum
1199 1642 1354 1716 procurat,
1368 1635 1457 1696 multe
1474 1633 1513 1695 he-

468 1727 539 1790 bere
552 1745 715 1810 posseqrm
728 1734 816 1796 nulle
827 1751 862 1797 ex
876 1741 961 1814 parte
975 1743 1144 1815 repugnent
1156 1736 1391 1814 partimlaribus
1403 1735 1514 1810 singulo·

467 1844 538 1888 rum
562 1833 781 1894 consortiorum
805 1835 1057 1898 ordinationibus.
1074 1836 1134 1908 Sic,
1159 1853 1189 1894 c.
1214 1853 1261 1912 p„
1284 1833 1472 1914 municipales
1488 1833 1514 1891 de

468 1929 550 2002 apris
571 1931 707 1993 colendis
728 1940 782 1994 aut
802 1934 944 1998 domibus
971 1936 1160 1998 exstruendis
1183 1935 1398 2014 promptiones
1417 1933 1514 2010 plenan

467 2029 566 2091 adhuc
576 2030 609 2091 in
619 2032 760 2110 plurimis
769 2035 847 2096 circa
860 2053 909 2096 res
922 2036 1045 2098 easdem
1055 2036 1225 2096 libertatem
1239 2034 1416 2111 relinquunt
1424 2031 1515 2092 donee·

467 2129 535 2189 licis
548 2132 716 2193 consortiis.
731 2135 767 2196 ln
785 2131 836 2201 irie
850 2134 953 2212 iteque
975 2137 1077 2198 Status
1100 2133 1227 2210 singuli,
1241 2133 1297 2210 qui
1319 2136 1391 2192 sunt
1401 2129 1515 2192 ccclesia

471 2228 654 2292 universalis
666 2235 816 2295 musortia
826 2235 1029 2312 particularia,
1044 2233 1156 2296 habent
1172 2237 1225 2310 jue
1239 2233 1368 2294 civiliter
1380 2247 1412 2292 ac
1422 2229 1516 2310 politice

469 2327 627 2392 ordinendi
649 2347 698 2392 res
721 2349 910 2412 sepersoues
923 2335 1107 2413 pertinentes
1126 2333 1164 2394 ad
1177 2318 1317 2407 singulas
1337 2329 1465 2392 ecclesias
1476 2343 1513 2387 seu

469 2427 712 2508 dissensuque
734 2440 807 2494 sunt
826 2435 959 2496 vicissim
986 2434 1085 2496 cirilla
1114 2434 1208 2493 unius
1230 2434 1332 2494 Status
1354 2427 1514 2509 periculun

470 2533 631 2594 consortis.
644 2533 739 2608 igitur
749 2534 782 2594 in
793 2533 876 2595 hisce
885 2535 1030 2596 omnibus
1044 2534 1070 2594 si
1080 2549 1149 2611 que
1161 2532 1298 2594 ecclesiis
1310 2523 1513 2609 particularius

377 2685 382 2692 .
468 2630 673 2708 exemptiones
698 2634 813 2694 tuerint
832 2649 991 2709 mucessre,
1013 2633 1145 2694 libenrm
1168 2647 1211 2692 ee
1231 2631 1403 2711 principum
1422 2625 1512 2686 denen

469 2737 554 2805 sunt,
567 2745 629 2792 uon
639 2735 692 2808 jus
705 2733 855 2798 divinum.

509 2831 697 2913 Quapropter
717 2833 775 2897 hoe
794 2835 963 2897 universim
976 2840 1145 2895 statuamus
1169 2850 1178 2894 ε
1200 2831 1419 2904 immunitates,
1434 2831 1514 2905 quate

470 2945 530 2989 nus
544 2929 580 2991 ed
596 2930 761 2995 Ecclesiam
771 2933 976 2996 Universalem
997 2934 1246 3012 pertinentium
1264 2930 1304 2991 de
1322 2932 1392 3006 jure
1412 2922 1513 2989 nuurdi

469 3029 773 3106 mpositirodivin03
791 3036 1170 3110 quatenusverospectant
1191 3026 1229 3089 ad
1252 3028 1319 3093 locs
1331 3026 1379 3089 vel
1399 3038 1513 3105 pemeuu

469 3128 673 3205 pertinuimus,
684 3131 738 3206 jus
750 3135 822 3191 sunt
839 3130 1002 3210 positivum
1015 3130 1115 3192 ciuile.

509 3228 643 3291 (osone.
657 3226 689 3289 2.
698 3231 777 3291 -Si
787 3231 900 3307 sutus,
911 3229 1129 3309 seupcliticum
1142 3228 1335 3289 Gubernium
1346 3224 1512 3288 censium

469 3324 646 3405 religionem
658 3330 786 3407 ignoret,
797 3337 850 3391 aut
861 3348 916 3410 per
928 3330 1090 3393 absurdam
1104 3330 1288 3407 impietatem
1303 3344 1338 3387 se
1356 3322 1468 3404 perinde
1477 3338 1514 3396 ge·

468 3433 515 3487 rat
527 3430 599 3490 sesi
618 3429 756 3491 eamdem
769 3431 932 3507 ignoraret,
943 3432 997 3506 jus
1010 3429 1087 3491 illud
1108 3428 1373 3491 ecelesiastieerum
1391 3422 1514 3485 immuni·

471 3532 565 3587 tatum
584 3528 617 3587 iu
629 3544 665 3589 eo
676 3529 761 3589 Statu
785 3526 899 3591 carebit
911 3530 1116 3601 exsecutiouec
1132 3534 1162 3589 at
1181 3540 1244 3589 non
1257 3526 1425 3601 idcircnjus
1436 3521 1513 3599 ipsun

470 3625 635 3689 minuetur.
646 3629 776 3691 'leuetur
786 3628 1062 3693 euimstrictirrimc
1072 3626 1368 3689 cfficioGubcrnium
1379 3622 1512 3685 finierim

467 3728 668 3790 christianam
681 3729 826 3791 divinitus
837 3728 990 3807 adgentes
1003 3746 1110 3791 omnes
1123 3724 1273 3791 docendas
1289 3732 1380 3804 atque
1389 3722 1424 3785 ad
1438 3724 1510 3783 [eun

465 3826 619 3891 ducendas
631 3829 824 3891 constitutam
841 3846 1017 3908 agnomere,
1037 3829 1083 3890 illi
1098 3846 1130 3891 se
1143 3826 1242 3905 quosd
1255 3823 1423 3905 spiritualis
1435 3818 1510 3893 sulii·

469 3942 549 4002 nere,
569 3933 661 4007 aloru
673 3930 876 4009 exemptiones
888 3944 925 3993 ac
938 3928 1095 4010 privilegia
1109 3928 1186 3991 eirca
1199 3938 1341 4007 personas
1360 3941 1392 3987 ee
1402 3939 1446 3983 res
1458 3926 1512 3979 len·

466 4026 585 4107 porales
607 4028 710 4090 omnis
731 4028 779 4089 illi
804 4028 978 4105 consedere,
993 4044 1061 4107 que
1077 4030 1225 4091 Summus
1246 4024 1391 4113 [ecclesie
1406 4016 1510 4085 Pontiffl

468 4127 637 4191 neomserie
647 4142 714 4191 este
726 4128 900 4191 decreverit.
1345 4112 1350 4123 ’

827 4270 1091 4385 aunonensi.

772 4452 817 4516 ne
827 4450 1063 4517 emenone·
1074 4448 1220 4511 sanetius.

507 4607 596 4671 1344.
622 4613 692 4674 Pos.
718 4611 802 4675 664¹.
824 4646 863 4659 -
887 4612 1018 4677 dnelesie
1044 4608 1207 4673 christiane
1228 4608 1306 4687 jure
1322 4606 1416 4669 divino
1435 4594 1502 4663 aare

457 4709 631 4795 potuum
654 4710 780 4777 omnino
793 4712 1046 4797 independentem
1070 4711 1116 4773 vis
1146 4708 1311 4773 materialis
1337 4695 1496 4787 sibiprcprie
