3559 5675
397 739 456 804 tuo
803 753 884 800 ronta
902 753 1067 802 aaronitas

394 857 681 936 quinquedominus
700 864 754 934 est,
775 873 836 922 non
851 863 945 937 potest
969 856 1033 919 solo
1043 858 1115 934 jnre
1132 856 1265 918 naturali
1285 856 1349 917 hec
1367 854 1482 916 volun·

396 958 472 1017 teria
484 957 624 1020 alienatio
634 959 783 1020 interdici.
799 960 886 1034 Ergo,
902 963 958 1018 etc.

441 1057 512 1119 923,
529 1060 597 1120 Pos.
613 1058 697 1120 too.
711 1092 748 1104 -
763 1061 875 1120 Rerum
887 1056 981 1118 valoti
993 1063 1122 1134 quatuor
1134 1062 1206 1116 sunt
1218 1056 1376 1135 precipua
1389 1055 1478 1116 bases

400 1155 518 1220 reales:
536 1156 657 1235 publica
670 1156 837 1231 aestimatio,
852 1155 972 1229 raritas,
984 1155 1160 1234 operositas,
1174 1161 1264 1232 atque
1277 1153 1404 1214 utilitas.

442 1257 535 1316 Pnon.
557 1257 584 1314 l·
600 1271 686 1318 rans.
699 1289 737 1302 -
751 1255 918 1316 Hominum
940 1245 1098 1315 aestimatio
1115 1254 1181 1316 sine
1202 1253 1295 1314 dubio
1307 1250 1423 1328 aliquid
1442 1249 1478 1312 ad

402 1370 503 1414 rerum
521 1356 652 1417 valorem
664 1357 788 1420 conten.
805 1357 847 1418 Eo
858 1358 1005 1434 majorem
1017 1354 1130 1432 etemm
1142 1369 1269 1430 queque
1281 1351 1479 1412 resvalorem

401 1453 510 1515 hahere
523 1455 642 1528 dicitur,
653 1472 714 1533 quo
728 1456 837 1534 pluris,
852 1471 913 1516 non
925 1472 1007 1516 uuus
1019 1459 1072 1514 aut
1082 1454 1157 1515 alter
1168 1451 1296 1530 quilibet
1307 1450 1413 1525 homo,
1426 1450 1478 1510 sed

400 1553 537 1632 plerique
551 1555 689 1617 homines
703 1557 787 1616 illam
804 1557 964 1618 aestimant.

440 1655 532 1716 Pnon.
556 1671 670 1718 ranres
689 1660 719 1716 2·
742 1673 779 1716 nr
802 1657 844 1718 3¹.
858 1687 897 1702 -
919 1658 953 1716 ln
977 1655 1066 1716 relrns
1085 1652 1266 1716 animandis
1286 1667 1477 1729 nequaquam

400 1759 472 1814 sunt
485 1753 623 1814 homines
643 1755 766 1818 omnino
780 1755 878 1815 liberi.
892 1756 994 1827 Quum
1015 1755 1097 1814 enim
1110 1752 1264 1814 estimatio
1277 1752 1317 1810 sit
1327 1748 1478 1827 judicium

400 1853 563 1930 quoddam,
578 1871 768 1933 nequaquam
788 1855 919 1936 liberum
936 1854 1025 1916 nobis
1041 1859 1086 1914 est
1094 1853 1244 1930 judicare,
1263 1869 1292 1911 o.
1306 1868 1352 1930 9.,
1368 1849 1478 1909 cadum

402 1953 480 2013 aeris
494 1955 708 2033 atmospharici
724 1955 847 2034 plenum
859 1953 1003 2016 tantidem
1017 1953 1128 2025 valere,
1139 1953 1244 2029 quanti
1259 1951 1338 2011 valet
1349 1949 1414 2010 nini
1427 1955 1480 2008 aut

400 2051 460 2112 olei
480 2053 582 2114 cadus.
597 2055 745 2133 tamaro,
765 2057 791 2116 si
812 2055 892 2134 apud
915 2061 1047 2116 nostram
1061 2053 1272 2134 conscientiam
1293 2065 1478 2128 quaeramus,

398 2167 491 2228 quam
504 2152 543 2215 ob
556 2169 679 2216 causam
692 2153 751 2215 tale
763 2155 849 2216 nobis
859 2155 1010 2232 jndioium
1023 2152 1206 2234 impossibile
1225 2152 1275 2227 sit,
1289 2149 1480 2210 inveniemus

401 2251 530 2329 primam
544 2269 664 2314 eausam
678 2272 753 2328 esse,
769 2255 847 2332 quod
863 2261 915 2316 aer
928 2253 1172 2332 atmosphaericus
1185 2253 1218 2311 in
1229 2249 1368 2310 omnium
1381 2255 1481 2327 potes-

399 2355 457 2412 tate
470 2354 519 2428 sit,
534 2355 677 2433 trultaque
695 2357 734 2416 sit
747 2356 830 2418 illius
844 2355 903 2416 sibi
917 2352 1107 2433 comparandi
1127 2350 1309 2420 difficultas;
1327 2356 1359 2410 at
1371 2349 1479 2408 vinum

322 2455 329 2466 ”
401 2453 535 2514 etmntto
548 2457 646 2516 rarius
660 2457 711 2530 sit,
722 2463 752 2518 et
763 2457 872 2516 multas
883 2455 921 2517 ad
931 2455 1005 2514 illud
1017 2452 1256 2514 conservandum
1269 2466 1357 2512 curae
1369 2449 1479 2523 exigat.

402 2554 479 2630 Ergo
493 2554 571 2614 binas
585 2555 650 2616 alia
663 2556 773 2617 valoris
785 2573 882 2616 causa
896 2561 968 2616 sunt
981 2555 1038 2628 rei,
1049 2555 1153 2614 raritas
1163 2561 1193 2612 et
1200 2551 1375 2630 operositas.

440 2653 533 2714 Peon
550 2653 581 2712 l·
597 2669 680 2716 nans.
694 2687 734 2700 -
748 2657 802 2716 Rei
819 2655 989 2733 cujuspiam
1003 2654 1108 2714 raritas
1122 2659 1151 2712 et
1164 2652 1327 2730 operositas
1340 2648 1379 2710 ad
1394 2648 1479 2708 illam

401 2751 594 2812 obtinendam
607 2755 775 2815 necessaria
790 2770 983 2830 nequaquam
994 2759 1064 2813 sunt
1079 2754 1226 2830 primast
1239 2751 1395 2830 praecipuae
1410 2765 1480 2809 eau-

401 2868 440 2913 sae
458 2870 525 2931 qnae
542 2855 690 2932 publicam
706 2855 787 2916 illins
805 2856 1032 2915 aestimationem
1048 2855 1188 2929 gignunt,
1210 2852 1263 2912 sed
1281 2852 1312 2911 in
1327 2857 1482 2929 perspecta

402 2958 432 3011 et
449 2952 598 3031 explorata
614 2954 657 3014 rei
680 2955 806 3015 utilitate
829 2956 961 3033 primum
982 2970 1016 3013 ac
1035 2952 1225 3031 potissimum
1244 2950 1311 3025 ejus
1323 2948 1481 3009 aestimatio

402 3050 556 3112 lundatur.
573 3054 690 3114 Etenim
705 3054 884 3114 existimatio
898 3058 943 3113 est
955 3050 1104 3129 judicium
1122 3049 1362 3129 approbationis;
1377 3063 1478 3125 appro

402 3148 482 3211 balio
500 3160 600 3214 autem
620 3155 761 3233 supponit
778 3154 910 3225 solidum
928 3151 1050 3231 aliquod
1070 3152 1101 3210 in
1121 3168 1153 3210 re
1169 3148 1331 3229 approbata
1350 3147 1477 3207 bonum.

398 3252 536 3315 tamrero
556 3252 670 3313 bonnm
691 3254 770 3329 quod
783 3254 813 3313 in
827 3252 918 3313 rebus
937 3251 1143 3312 materialibus
1156 3266 1254 3309 unum
1274 3248 1367 3319 adest,
1381 3248 1416 3307 in
1427 3264 1481 3309 en·

402 3367 471 3411 rum
485 3352 612 3411 utilitate
625 3352 770 3412 consistit.
786 3354 874 3427 tlt-go,
887 3359 943 3412 etc.

444 3447 513 3509 ont.
540 3452 608 3511 Pos.
633 3448 716 3510 luite.
735 3484 769 3497 -
788 3435 955 3529 Unicuique
968 3453 1011 3511 rei
1031 3448 1178 3513 materiali
1200 3454 1245 3510 est
1261 3450 1366 3527 utique
1380 3456 1482 3509 certus

404 3546 487 3609 valor
500 3549 674 3626 objecttvus,
689 3552 814 3611 minime
831 3552 1016 3612 arbitrarius.

444 3652 537 3711 Pnnn.
550 3680 588 3697 -·
605 3650 637 3709 1υ
650 3652 681 3711 Si
696 3668 796 3713 rernm
816 3652 899 3713 valor
919 3652 999 3713 nihil
1012 3651 1094 3712 aliud
1115 3657 1193 3711 esset
1210 3666 1304 3727 qnam
1322 3649 1483 3711 arbitraria

401 3749 561 3811 hominum
574 3752 741 3818 aestimatio.
757 3753 843 3813 nulla
854 3755 920 3831 jam
933 3752 1063 3831 amplius
1071 3752 1190 3828 justitia
1204 3754 1416 3811 contractuum
1430 3750 1482 3810 ob-

397 3851 508 3926 jectiva
521 3858 700 3929 superesset,
716 3852 768 3913 sed
782 3868 887 3913 ornnes
901 3860 1069 3912 contractus
1089 3856 1188 3911 essent
1204 3851 1280 3927 justi
1299 3857 1352 3909 aut
1372 3849 1482 3927 injusti

401 3966 456 4028 pro
472 3948 589 4011 diversa
606 3951 843 4013 contrahentium
865 3954 1066 4029 persuasione.
1084 3950 1173 4026 Atqui
1192 3949 1249 4010 hoc
1261 3948 1415 4009 evidenter
1428 3948 1483 4008 ial-

402 4066 470 4111 sunt
482 4058 536 4111 est.
550 4052 655 4113 'lotum
671 4068 801 4129 namque
813 4052 983 4113 humanum
998 4068 1095 4128 gentas
1107 4056 1210 4111 eontra
1224 4054 1394 4127 contractus
1406 4050 1439 4107 in
1452 4066 1483 4109 se

313 4146 325 4159 ”
402 4148 474 4229 ipsis
489 4150 604 4211 laesivos
618 4156 647 4210 et
661 4150 787 4226 injustos
800 4151 917 4213 clamat.
935 4153 1023 4227 Ergo,
1036 4157 1091 4209 stc.

442 4252 476 4309 2⁰
486 4249 518 4309 ln
534 4248 707 4328 praecedenti
722 4252 867 4329 positione
886 4250 1073 4311 ostendimus
1092 4256 1188 4311 certas
1208 4248 1357 4327 quasdam
1371 4250 1483 4309 valoris

402 4348 587 4409 determinati
602 4348 739 4427 oltp'ectivi
754 4352 838 4411 bases
853 4353 947 4411 reales
959 4351 1077 4411 aslesse:
1093 4351 1204 4427 quinus
1217 4350 1483 4429 prolecto-basibus

403 4446 533 4507 valorem
552 4448 782 4511 determinatum
804 4451 931 4510 minime
942 4450 1132 4509 arbitrarium
1152 4450 1271 4510 fundari
1286 4466 1408 4509 necesse
1426 4458 1482 4521 est,

403 4553 436 4607 ut
445 4563 480 4606 ex
491 4549 626 4607 terminis
641 4550 711 4627 ipsis
724 4556 846 4609 constan.
864 4551 980 4611 Etenim
995 4550 1205 4610 contrahentes
1217 4549 1343 4608 minime
1358 4557 1484 4627 possunt

404 4660 504 4705 rernm
520 4651 657 4707 naturam
672 4653 787 4707 mutare
800 4645 957 4711 efficiendo
970 4655 1003 4707 ut
1016 4647 1095 4727 quod
1110 4664 1214 4708 rarum
1229 4648 1367 4722 inventu,
1381 4664 1484 4727 opero·

404 4758 474 4807 snm
485 4744 620 4821 obtentu,
632 4744 706 4809 utile
720 4742 857 4809 adhibita
871 4753 928 4825 est,
945 4746 995 4813 vet
1007 4764 1111 4811 aarum
1125 4762 1187 4811 non
1205 4747 1256 4825 sit,
1273 4745 1323 4809 vel
1337 4762 1399 4811 non
1413 4762 1483 4830 ope·
