3559 5675
604 809 713 862 saisina.
740 835 774 845 -
795 817 879 862 amru
901 817 1072 867 mosomus.
1324 805 1383 868 395

301 931 420 996 semper
433 915 503 979 finis
516 917 668 998 legitimus
681 927 725 984 est
739 921 777 983 ob
792 938 883 1002 quem
898 921 1015 986 bellum
1034 923 1072 985 ab
1093 925 1266 989 auctoritato
1277 927 1382 1005 lobea-

299 1022 352 1078 tur
365 1037 373 1087 ;
391 1024 421 1078 at
432 1034 490 1079 non
504 1019 576 1080 item
592 1021 697 1083 sociale
709 1022 822 1083 bonum
837 1023 983 1104 simplicis
997 1027 1220 1091 convenientiae.

341 1117 570 1196 Nobiscum·
586 1121 703 1180 Bonum
713 1121 859 1183 societatis
875 1123 1061 1202 particularis
1075 1124 1183 1204 duplex
1192 1131 1236 1186 cst
1248 1141 1255 1184 :
1267 1126 1380 1187 bonum

301 1209 472 1279 universale
486 1225 515 1280 e't
528 1219 701 1281 absolutum
724 1240 777 1283 seu
799 1221 961 1294 tritanum,
981 1231 1009 1284 et
1024 1223 1140 1284 bonnm
1165 1223 1323 1290 relativum
1346 1244 1380 1287 ac

300 1314 491 1396 particulare,
509 1321 570 1382 sire
588 1303 660 1381 utile
677 1319 1015 1402 (tensanumanem
1029 1323 1191 1387 honesturn
1206 1331 1381 1403 potestesse

301 1410 435 1478 cilicium
455 1421 553 1481 stricte
577 1419 734 1497 obligans,
765 1421 811 1482 vel
843 1422 971 1502 simplex
994 1425 1202 1484 convenientia
1227 1424 1381 1485 rationalis

301 1515 417 1576 nullam
432 1511 645 1596 obligationem
662 1520 807 1582 inducens
820 1522 914 1598 (279).

344 1619 436 1680 l‘ttou.
458 1635 521 1681 ros.
552 1617 581 1679 l·
606 1635 691 1706 rans.
716 1654 752 1665 -
777 1623 894 1682 Bonum
918 1621 1081 1683 honestum
1106 1623 1317 1702 obligatorium
1338 1630 1383 1684 est

299 1721 416 1782 bonnm
434 1719 564 1780 societati
585 1719 709 1781 omuino
728 1728 757 1780 et
777 1719 913 1782 absolute
934 1723 1150 1784 necessarium.
1172 1725 1249 1800 Ergo
1264 1722 1381 1806 sociatis

300 1817 460 1882 auctoritas
482 1837 601 1900 semper
617 1824 733 1880 tenetur
747 1819 802 1880 hoc
818 1819 931 1881 bonurn
947 1822 1079 1882 societati
1093 1839 1275 1901 comparare.
1292 1825 1378 1905 Ergo,

299 1919 418 1996 quoties
433 1918 509 1978 illutl
525 1919 629 1996 nequit
650 1919 736 1980 aliter
756 1937 848 1998 quain
869 1921 899 1980 vi
921 1902 1064 1980 et'armis
1083 1924 1247 2004 comparari
1262 1930 1291 1983 et
1307 1938 1381 1983 con-

287 2019 432 2092 servari,
455 2034 573 2096 semper
594 2007 661 2078 lieet
683 2014 798 2079 bellum
818 2017 856 2078 ob
872 2015 954 2106 liunc
977 2007 1068 2081 linem
1088 2013 1199 2098 gerere.
1224 2023 1379 2099 Praeterea,

298 2112 404 2178 sociali
418 2115 496 2180 hono
509 2117 646 2193 honesto,
668 2112 747 2196 quod
762 2121 801 2180 sit
828 2121 929 2180 stricte
943 2119 1090 2197 officium,
1112 2140 1216 2184 omnes
1231 2126 1380 2186 sociorum

301 2216 471 2277 voluntates
496 2215 599 2278 cellere
619 2209 768 2295 subtlique
786 2217 919 2279 debent:
937 2221 1041 2297 nequit
1071 2223 1153 2280 euim
1180 2222 1262 2283 ullus
1285 2223 1380 2282 socio-

302 2333 373 2378 rum
390 2325 490 2378 oontra
511 2319 650 2378 socialem
673 2319 886 2396 obligationem
913 2320 1078 2396 quidquam
1101 2339 1198 2398 agere.
1217 2325 1305 2398 Ergo,
1326 2322 1380 2381 irbi

302 2414 447 2478 belluma
462 2417 564 2477 sociali
579 2417 750 2477 auctoritate
765 2417 804 2476 ob
824 2417 914 2477 talem
929 2417 1018 2477 tinem
1039 2416 1184 2478 indictum
1203 2419 1304 2493 luerit,
1319 2436 1382 2480 om-

301 2532 358 2576 nes
371 2516 442 2577 socii
458 2523 596 2577 tenentur
607 2516 678 2578 hnic
693 2515 785 2592 bello,
800 2521 950 2594 quantum
964 2516 1097 2596 legitima
1109 2519 1269 2579 auctoritas
1280 2521 1382 2596 jusse-

303 2615 355 2690 rit,
367 2617 531 2694 cooperari.

345 2717 437 2778 Pnoo.
461 2719 493 2776 2·
512 2706 599 2778 rsus.
626 2749 641 2758 -
672 2715 789 2778 Bonum
817 2704 977 2779 honestum
1004 2702 1147 2798 simplicis
1170 2718 1383 2779 convenientior

294 2831 363 2877 non
379 2823 423 2877 est
436 2817 566 2878 societati
578 2817 703 2879 omnino
712 2818 928 2897 necessarium,
950 2824 1039 2897 atque
1053 2810 1136 2879 illius
1157 2817 1259 2880 electio
1271 2825 1317 2879 est
1329 2835 1383 2897 per

301 2934 333 2977 se
354 2914 693 2996 singulisomnilrnsque
709 2916 870 2978 individuis
883 2915 989 2979 libera.
1012 2920 1089 2995 Ergo
1114 2934 1232 2998 semper
1256 2926 1381 2997 possunt

303 3016 459 3078 individua
473 3033 561 3077 suam
576 3032 684 3093 negare
699 3016 938 3096 cooperationem
965 3013 1003 3077 ad
1017 3016 1132 3077 bellum
1146 3015 1226 3095 quod
1246 3034 1298 3095 pro
1314 3017 1380 3077 talis

303 3116 376 3179 boni
395 3114 549 3194 adeptione
564 3116 768 3201 denuntietur.
784 3118 864 3193 Quin
885 3116 960 3191 imo,
976 3134 1070 3195 quum
1087 3115 1248 3176 honestum
1263 3114 1381 3192 simpli-

303 3216 346 3277 cis
360 3217 573 3277 convenientia
598 3216 692 3295 possit
716 3216 898 3294 quandoque
920 3211 1045 3276 honesto
1073 3211 1245 3292 obligatorio
1267 3212 1379 3288 collidi,

302 3322 398 3395 potest
415 3315 568 3376 interdum
581 3315 745 3376 individuis
758 3332 818 3375 non
834 3306 933 3376 solnm
944 3318 1006 3393 jus,
1028 3312 1078 3376 sed
1099 3316 1235 3374 strictum
1250 3310 1381 3372 officinm

302 3430 367 3477 osse
380 3412 547 3475 abstinendi
561 3432 683 3495 prorsus
696 3432 715 3475 a
736 3412 815 3475 bello
830 3414 910 3493 quod
923 3423 978 3493 pro
991 3415 1043 3475 tali
1054 3414 1135 3474 bono
1149 3410 1295 3491 simplicis
1307 3428 1380 3470 con·

302 3514 460 3574 venientia
485 3514 676 3592 suscipiatur,
693 3514 783 3591 Atqui
805 3514 963 3575 essentiale
978 3513 1126 3575 societatis
1151 3512 1311 3591 cujuslibet
1327 3511 1381 3571 bo·

305 3631 380 3674 num
394 3602 572 3675 consistitis
595 3614 687 3674 tutela
699 3615 818 3693 jurium
842 3617 1050 3676 communium
1076 3613 1135 3674 alio
1154 3596 1224 3693 jure
1243 3611 1383 3672 validiore

304 3730 364 3775 tion
378 3707 562 3773 collisorum.
579 3714 656 3791 Ergo
669 3711 794 3788 bellum,
821 3700 899 3791 quod
923 3731 975 3792 pro
989 3709 1068 3774 bono
1092 3712 1238 3791 simplicis
1260 3709 1384 3771 moralis

303 3813 515 3874 corruenientiae
539 3813 759 3891 susciperetur,
797 3829 987 3891 nequaquam
1012 3812 1049 3873 ad
1077 3828 1237 3871 commune
1267 3810 1383 3871 bonnm

303 3910 456 3985 tenderet,
481 3910 614 3989 adeoque
637 3929 654 3973 a
684 3910 786 3971 sociali
820 3910 995 3971 auctoritate
1023 3909 1128 3986 nequit
1151 3907 1227 3969 illud
1247 3907 1383 3970 absolute

305 4010 436 4090 praecipi.

350 4110 436 4169 1189.
462 4108 591 4169 Conott.
625 4110 704 4167 1.-
728 4090 850 4168 Etiamsi
871 4103 909 4167 ob
934 4101 1079 4167 moralem
1107 4103 1293 4164 honestatem
1322 4120 1383 4163 non

305 4208 511 4285 obligatoriam
526 4214 652 4285 nequeat
659 4208 816 4268 auotoritas
830 4206 944 4266 bellum
960 4202 1087 4265 subditis
1101 4201 1270 4282 precipere,
1281 4210 1311 4261 at
1325 4203 1382 4281 ipsi

305 4306 428 4383 subditi,
441 4304 534 4367 libera
544 4307 790 4383 magnanimitate
802 4306 941 4389 permoti,
953 4312 1079 4384 possunt
1091 4304 1168 4365 ultro
1183 4301 1296 4363 bellum
1306 4304 1384 4379 ejus·

305 4406 388 4467 morli
406 4414 517 4485 optare.
533 4398 617 4467 Turio
641 4416 709 4467 vero
723 4408 905 4467 arroteritatis
920 4395 1141 4476 otiicium'erit,
1165 4419 1307 4480 generosa
1322 4400 1383 4461 haec

304 4496 407 4590 populi
430 4504 528 4565 studia
543 4507 706 4585 opportune
730 4502 836 4581 lovere,
862 4510 951 4581 atque
965 4502 1001 4565 atl
1022 4511 1104 4565 amia
1120 4518 1238 4578 omnes,
1255 4503 1382 4579 quicun-

304 4622 365 4686 qne
384 4622 439 4684 pro
457 4612 558 4665 salicta
580 4606 779 4685 praeclaraque
793 4602 969 4682 hujusmodi
984 4612 1072 4665 causa
1084 4604 1234 4664 decertare
1248 4602 1382 4680 cupiant,

305 4720 475 4766 convocare.
494 4706 599 4779 Quum
620 4704 700 4766 enim
720 4704 832 4764 borium
853 4702 1020 4777 societatis,
1035 4718 1096 4762 non
1120 4717 1204 4762 secus
1220 4706 1309 4777 atque
1333 4699 1384 4759 in-

305 4802 434 4881 erviter,
458 4788 624 4867 maximum
647 4804 685 4866 sn
711 4801 957 4882 honerosum),
981 4798 1138 4863 acaunus
1162 4802 1214 4861 rau
1228 4797 1321 4876 neno,=
1344 4800 1381 4861 oo
