3559 5675
451 669 511 734 stt
860 687 939 735 tants
959 685 1118 736 barbatus

451 793 612 854 bominum
626 810 662 856 ac
679 801 839 873 potestates
855 811 916 857 uon
934 795 1022 857 aliter
1034 813 1128 874 quam
1143 811 1197 874 per
1220 793 1359 856 Ecclesia
1375 791 1503 871 judicium

451 910 538 973 posse
560 896 744 955 auctoritatis
771 896 1013 957 saeveritatem
1036 901 1204 958 monstrare
1231 912 1264 956 ac
1291 893 1430 955 stabilire.
1450 893 1505 954 Sola

451 994 590 1057 uidelicet
612 996 743 1079 licclesia
767 997 859 1058 babet
877 998 910 1056 iu
926 1013 957 1057 se
972 999 1038 1075 ipsa
1051 1003 1081 1058 ct
1101 1013 1161 1076 prae
1175 1011 1207 1070 se
1221 997 1277 1056 lert
1293 994 1457 1056 authentica
1467 993 1507 1053 do

452 1101 594 1158 cumenta
619 1095 725 1173 (tetras)
748 1098 868 1172 jurium
897 1112 1039 1174 suorum;
1064 1097 1253 1157 auctoritates
1279 1111 1352 1155 vero
1375 1093 1469 1154 civiles
1483 1109 1508 1152 ac

454 1196 633 1274 temporales
645 1197 731 1257 trulla
741 1198 774 1256 in
784 1213 816 1257 se
831 1198 905 1275 ipsis
927 1195 1079 1273 ejusmodi
1093 1195 1208 1256 babent
1220 1195 1414 1270 documenta,
1428 1193 1471 1253 aad
1480 1193 1509 1253 ab

454 1295 581 1357 Ecclesia
595 1295 659 1356 laec
682 1297 830 1373 accipiant
843 1311 964 1357 necesse
984 1301 1038 1355 est.
1058 1296 1120 1356 Soli
1145 1311 1277 1373 namqrrc
1301 1295 1510 1355 Faclesiacou-

454 1393 547 1453 missa
560 1399 605 1452 cst
615 1409 717 1454 rerum
728 1393 930 1471 spiritualium
945 1399 1081 1473 potestas.
1094 1395 1184 1467 dtuui
1193 1393 1348 1472 judicium
1357 1387 1510 1466 dejanira,

453 1490 491 1551 dc
504 1491 687 1569 veritatatis
700 1489 857 1568 decertate,
869 1493 908 1554 de
914 1491 1050 1572 juridica
1061 1491 1218 1552 validitate
1238 1493 1369 1571 pertinet
1381 1489 1511 1550 evidenter

454 1592 492 1651 ad
510 1591 642 1668 judicem
668 1609 770 1653 rerum
790 1593 1019 1672 spiritualiumz
1044 1600 1117 1654 sunt
1134 1595 1216 1654 enlm
1236 1593 1284 1652 bas
1308 1609 1357 1652 res
1380 1605 1474 1651 omnes
1491 1593 1512 1647 et

455 1691 583 1766 singulas
595 1691 684 1769 plane
704 1693 886 1770 spirituales.
902 1695 992 1768 Ergo,
1006 1701 1061 1754 etc.
1073 1693 1117 1754 Cl.
1132 1711 1200 1770 quae
1227 1692 1358 1753 interius
1374 1689 1411 1749 de
1430 1703 1512 1749 secc-

456 1789 520 1849 tiali
541 1790 785 1852 subordinatione
808 1795 961 1870 potestatis
988 1793 1132 1854 secularis
1154 1793 1212 1852 snb
1234 1789 1387 1870 spirituali
1411 1788 1512 1848 anila

456 1888 647 1968 disputantur
662 1891 749 1968 (part.
766 1893 798 1960 3,
812 1907 879 1970 cap.
894 1895 918 1966 l,
936 1899 991 1953 art.
1006 1893 1049 1970 2).

497 1988 615 2060 Quibus
626 1991 767 2051 omnibus
782 1991 858 2052 illud
870 1994 961 2053 etiam
975 1992 1009 2052 tit
1021 1993 1234 2066 manilestum,
1248 1997 1368 2066 quante
1379 1990 1418 2048 sit
1428 1985 1512 2046 smltl·

457 2087 499 2146 tia
520 2087 722 2164 Politimrum,
744 2092 866 2168 quando
889 2093 921 2152 bi
943 2093 1119 2170 temporalia
1140 2091 1294 2152 Gubemia
1316 2083 1512 2167 impallunlal

459 2185 618 2246 Ecclesiam
629 2188 806 2265 vexandam,
816 2206 834 2250 a
846 2207 908 2268 qua
918 2207 980 2254 uua
992 2199 1114 2270 possunt
1126 2189 1315 2251 assimilatis
1327 2196 1358 2250 et
1370 2183 1513 2248 caliditatis

459 2285 632 2348 authentica
645 2287 692 2348 bis
705 2289 866 2351 Guberalis
879 2305 1046 2369 eorumque
1058 2292 1178 2368 legibus
1193 2289 1369 2351 testimonis
1383 2287 1465 2348 tradi.

856 2493 1062 2552 anniculus
1084 2494 1134 2552 111.

663 2655 706 2717 Dr
716 2656 910 2718 ecclesiastica
924 2665 1066 2736 potestate
1079 2656 1338 2718 administrativa.

504 2848 591 2911 teas.
614 2852 782 2911 bertacurt
796 2847 824 2907 l.
836 2850 1037 2911 -Pctestatis
1050 2847 1299 2909 administrativa
1311 2845 1469 2907 universim
1484 2847 1515 2901 ast

462 2948 628 3009 materiales
646 2946 765 3009 ‹liritias
788 2964 858 3009 rem
881 2948 984 3025 aliquo
1003 2948 1137 3008 dominio
1161 2946 1335 3026 possidere,
1357 2962 1391 3007 ae
1414 2940 1514 3023 proinde

462 3050 606 3129 possode
630 3050 691 3111 illis
714 3068 768 3129 pro
788 3048 933 3111 arbitratu
954 3066 1020 3119 sno,
1045 3050 1136 3109 salvis
1157 3048 1261 3125 legum
1286 3042 1514 3109 ordinationibus,

463 3156 592 3211 statuere
609 3151 692 3228 (7t5,
710 3150 812 3231 1803).
826 3150 1028 3223 Orraerendum
1041 3164 1111 3225 crgo
1121 3148 1170 3208 bic
1184 3154 1242 3221 est,
1256 3152 1363 3208 ulrum
1373 3143 1514 3207 christiana

465 3251 600 3311 Fcclesiae
615 3254 667 3328 jus
690 3250 763 3311 insit
781 3248 949 3310 materiales
972 3247 1093 3309 divitias
1115 3264 1185 3309 vero
1203 3247 1342 3309 dominio
1356 3238 1513 3325 possidendi,

463 3366 574 3426 easqrre
591 3367 641 3426 per
655 3366 687 3410 se
702 3351 798 3427 ipsam
811 3348 1053 3409 administrandi.
1070 3350 1103 3407 ln
1116 3362 1176 3424 qua
1190 3346 1358 3424 quastione
1370 3343 1452 3405 debet
1460 3352 1514 3417 pru·

463 3448 537 3507 lecto
550 3447 695 3509 dtrbitatio
709 3449 774 3529 ipsa
784 3448 879 3509 videri
894 3446 1077 3525 perabsurda
1090 3452 1119 3507 el
1136 3444 1329 3525 perridicula,
1344 3459 1436 3521 quum
1450 3436 1514 3501 nulla
1568 3512 1569 3531 Χ

464 3547 557 3625 possit
570 3548 627 3605 nisi
640 3565 692 3625 per
701 3565 852 3608 summam
867 3549 1017 3608 insaniem
1032 3564 1123 3607 causa
1132 3544 1289 3607 dubitandi
1303 3544 1440 3621 confingi.
1453 3542 1514 3601 illla-

465 3662 533 3705 men
548 3648 628 3725 quod
645 3648 719 3710 ratio
733 3648 993 3708 evidentissimum
1003 3646 1131 3724 judicat,
1145 3662 1205 3706 uon
1227 3646 1313 3707 facile
1326 3642 1452 3707 coneedit
1464 3638 1511 3698 auri

463 3743 615 3827 cupiditas
629 3747 690 3819 itta,
703 3764 771 3825 quae
786 3764 805 3809 a
818 3748 912 3809 Paulo
924 3746 1062 3824 apostolo
1077 3743 1167 3806 radia
1185 3744 1315 3805 omnium
1327 3742 1462 3803 malorum
1473 3753 1512 3813 ap

465 3845 594 3925 pellatur
606 3848 658 3924 (a).
675 3850 736 3909 llac
746 3848 828 3908 enim
843 3848 1035 3926 potissimum
1047 3846 1210 3925 cupiditate
1219 3844 1308 3905 multi
1322 3844 1461 3923 principes
1473 3833 1510 3895 nti

465 3946 501 4007 ad
513 3945 675 4008 Ecclesiam
690 3948 855 4009 vexandam
868 3947 982 4008 incitati
1000 3952 1083 4022 snut,
1101 3953 1136 4006 ut
1148 3948 1215 4024 ejus
1228 3962 1300 4023 opes
1320 3932 1511 4005 materialesad

466 4046 518 4105 nei
532 4046 648 4108 cultum
664 4055 692 4107 et
706 4048 878 4108 adelericus
900 4064 933 4107 ac
948 4062 1096 4125 pauperes
1110 4045 1234 4106 alendos
1248 4044 1407 4105 destinatas
1418 4035 1510 4119 possen

465 4144 523 4202 sibi
536 4145 679 4222 sacrilego
695 4146 850 4207 latrocinio
865 4146 1029 4206 vindicare.

507 4244 558 4301 Est
571 4252 672 4305 aarum
692 4246 741 4305 bic
763 4247 796 4305 in
811 4248 988 4307 memoriam
1003 4242 1203 4309 revocandum
1225 4244 1306 4322 quod
1321 4242 1448 4322 superius
1461 4236 1507 4311 jtffl

465 4340 643 4419 explicatum
654 4351 696 4405 est
707 4346 823 4425 (1155),
833 4346 962 4425 duplicis
971 4344 1085 4405 ordinis
1095 4343 1266 4404 dominium
1279 4362 1342 4405 esse
1354 4342 1507 4413 distinguere
1534 4359 1535 4363 =

465 4438 552 4515 dum,
574 4442 661 4504 risile
682 4445 827 4505 nimirum
846 4450 876 4505 el
888 4444 1053 4525 politicum.
1078 4444 1165 4505 Prius
1179 4444 1256 4504 illud
1278 4440 1406 4505 consistit
1417 4440 1443 4497 iu
1454 4436 1505 4513 just

467 4538 571 4599 utendi
584 4544 691 4620 opibus
709 4545 916 4606 materialibus
937 4560 1046 4623 casque
1061 4544 1091 4603 iu
1106 4545 1242 4624 proprios
1258 4561 1330 4605 usus
1343 4528 1504 4603 consumendi

495 4686 533 4749 (a)
547 4694 556 4737 t
569 4688 635 4741 Tiar.
648 4689 680 4741 ad
692 4702 727 4749 rt,
741 4694 780 4741 td.
