3559 5675
548 758 656 805 suune.
680 776 720 790 -
741 756 823 802 einen
845 753 1017 801 muscinis,
1262 744 1321 805 385

274 870 381 961 aptiores
396 864 431 926 ad
443 863 589 943 ejusmodi
603 864 766 940 legationes
779 868 862 933 sunt,
877 876 931 937 qur
924 857 999 919 'hoc
1013 874 1139 919 munere
1152 860 1237 939 fungi
1251 871 1322 928 tunc

274 955 341 1039 velit,
356 982 447 1044 quum
461 968 556 1043 major
570 963 655 1024 illius
667 962 795 1041 gravitas
808 966 838 1020 ot
856 958 1017 1020 necessitas
1031 964 1088 1033 est,
1102 959 1214 1023 scilicet
1226 980 1321 1042 quum

272 1074 363 1129 notua
374 1064 439 1128 odia
449 1069 477 1126 et
495 1064 577 1125 bella
597 1065 675 1125 inter
689 1060 765 1124 duas
780 1047 917 1122 natmnes
934 1058 1137 1121 exardescunt.
1151 1044 1256 1141 Atqui,
1266 1074 1320 1131 etc.

272 1170 347 1244 drgo,
361 1172 413 1227 etc

306 1264 382 1327 117³.
404 1266 470 1326 Pus.
493 1260 623 1325 579·.-
584 1264 742 1339 -legato
760 1259 896 1337 cuilibet,
914 1257 1061 1339 quamdiu
1075 1262 1152 1340 apud
1176 1190 1324 1345 populum

271 1365 301 1426 ad
313 1382 395 1444 quem
414 1370 458 1425 est
470 1365 594 1440 missus,
614 1378 684 1424 cum
705 1360 757 1421 tali
768 1367 896 1424 munere
919 1366 1065 1436 versetur,
1081 1362 1160 1424 nihil
1174 1368 1201 1429 ei
1215 1370 1326 1447 populo

271 1474 405 1543 utcunque
420 1464 543 1524 nonum
564 1468 678 1523 tentare
691 1460 771 1522 licet.

303 1566 382 1626 Peos.
397 1565 474 1625 binis
498 1563 665 1624 rationibus
678 1560 829 1622 similibus
842 1558 973 1621 duarum
987 1560 1099 1638 quibam
1115 1570 1263 1642 postrema
1273 1586 1326 1649 po-

270 1666 326 1726 sitio
335 1664 504 1725 confirmata
516 1659 583 1724 luit.
594 1692 633 1706 -
648 1662 765 1722 Etenim
778 1661 821 1738 1⁰,
836 1675 935 1738 quum
949 1658 1065 1736 legatus
1076 1676 1129 1721 seu
1148 1667 1326 1731 nuntiusad

270 1770 403 1830 nationem
424 1767 560 1844 aliquam
582 1762 714 1840 advenit,
736 1762 881 1842 implicito
898 1759 1055 1843 promittit,
1078 1763 1156 1824 nihil
1174 1782 1206 1828 se
1226 1776 1329 1831 contra

267 1869 339 1928 illam
352 1869 504 1929 nationem
517 1865 706 1939 moliturum.
722 1863 785 1924 Nisi
799 1864 881 1924 enim
900 1862 956 1924 hoc
969 1863 1112 1943 implicite
1126 1865 1327 1947 polliceretur,

269 1978 328 2031 tunc
340 1970 502 2049 presertim
514 1984 612 2046 quum
624 1964 691 2028 odia
704 1966 820 2028 ferrent
832 1966 909 2027 inter
917 1968 1068 2027 nationem
1082 1966 1120 2029 ad
1131 1984 1223 2046 quam
1234 1974 1326 2049 venit,

267 2072 483 2148 etaliamaqua
491 2070 633 2143 mittitur,
642 2083 801 2148 nunquam
812 2068 894 2145 prior
905 2065 956 2127 illa
968 2067 1059 2139 natio,
1071 2073 1106 2139 nt
1117 2086 1185 2146 quae
1195 2073 1326 2135 multum

268 2169 379 2248 elegati
395 2169 557 2249 praesentia
576 2166 824 2229 timendum-sibi
840 2166 948 2227 merito
969 2168 1165 2247 existimaret,
1188 2173 1327 2235 eumdcnr

266 2272 442 2333 siucrcttines
455 2286 526 2331 auos
541 2266 668 2345 ingredi,
686 2272 775 2344 atque
786 2266 818 2325 in
830 2266 893 2325 suis
908 2265 994 2326 terris
1010 2269 1133 2327 versari.
1150 2272 1227 2347 Ergo
1244 2274 1330 2333 tacito

266 2368 311 2431 lac
323 2371 520 2449 promissione
534 2377 563 2431 et
576 2375 662 2447 pacto
684 2367 800 2443 legatus
818 2364 980 2453 obligatur,
991 2374 1025 2426 ut
1039 2368 1151 2444 nequid
1169 2372 1281 2431 nationi
1293 2373 1327 2433 ad

196 2541 197 2548 p
266 2487 344 2547 quam
372 2474 488 2533 missus
516 2477 580 2540 est,
605 2468 668 2529 sive
688 2466 785 2527 amica
803 2466 866 2526 site
891 2466 1015 2528 inimica
1038 2468 1076 2527 sit
1098 2467 1184 2531 altari
1204 2472 1285 2533 natio

196 2623 197 2648 ,
266 2573 374 2633 notium
393 2570 445 2634 rel
464 2569 669 2651 periculosum
684 2566 834 2627 moliatur.

196 2711 197 2722 ι
299 2676 327 2731 2⁰
339 2674 412 2733 llinc
424 2688 501 2734 vero
513 2669 707 2746 consequitur
722 2666 868 2729 alienatio
889 2673 1032 2730 enatura
1052 2669 1211 2747 legationis
1224 2676 1313 2752 cujrrs

196 2819 197 2822 ,
266 2788 369 2852 cunque
384 2773 583 2854 proveniens.
607 2772 682 2832 llam
701 2769 812 2846 legatio
827 2770 970 2847 quaelibet
983 2776 1029 2850 est
1042 2775 1251 2836 tantummodo
1264 2794 1313 2837 irre

197 2947 198 2952 ἵ
266 2873 338 2934 dium
360 2875 393 2937 ad
413 2879 551 2937 mentem
573 2871 715 2932 socialem
738 2870 815 2930 inter
836 2871 973 2932 nationes
987 2875 1280 2938 communicandam.
1297 2879 1331 2938 lit

265 2975 353 3049 sicuti,
365 2974 421 3035 hoc
437 2975 505 3052 ipso
526 2970 606 3048 quod
625 2987 686 3031 suae
704 2969 832 3029 nationis
848 2987 1007 3048 personam
1029 2972 1107 3050 apud
1124 2975 1215 3035 aliem
1232 2979 1332 3038 natio-

196 3120 197 3155 ι
265 3090 325 3134 nem
337 3061 424 3152 gerit,
443 3072 532 3132 habet
542 3073 595 3148 jus
609 3071 646 3132 ad
660 3069 762 3130 omnia
773 3071 884 3129 amoris
900 3069 1138 3132 internetionalis
1150 3077 1331 3157 testimonie,

264 3171 297 3232 ita
309 3175 394 3234 etiarn
416 3172 459 3234 ol)
477 3171 614 3231 eamdem
628 3185 750 3229 causam
766 3167 908 3228 omnibus
926 3185 996 3245 erga
1009 3169 1088 3231 lianc
1108 3172 1200 3234 aliam
1210 3186 1331 3253 gentem

264 3275 362 3334 amoris
375 3269 618 3334 internatioualis
631 3267 737 3331 officiis
751 3267 911 3348 obligatur.
929 3271 1018 3346 Ergo,
1035 3271 1135 3348 siquid
1150 3274 1266 3351 legatus
1279 3299 1332 3343 nn·

264 3373 384 3434 doni-ad
405 3389 502 3452 quarn
526 3371 667 3445 mittitur,
690 3369 816 3452 noxium
837 3374 977 3446 mutaret,
1002 3388 1066 3432 rem
1085 3373 1208 3452 quidem
1227 3379 1335 3445 lacer-et

264 3481 366 3534 namra
385 3489 452 3536 sum
463 3471 600 3558 muneris
621 3469 780 3531 intrinsece
796 3475 1032 3552 repugnentom3
1057 3478 1222 3552 prasertim
1245 3497 1334 3562 vcro,

262 3589 350 3649 quum
374 3574 445 3635 talis
469 3570 595 3632 lacultas
618 3569 759 3647 nationis,
782 3567 819 3628 ad
838 3585 931 3646 quam
950 3570 1002 3633 ille
1030 3573 1172 3654 mittitur,
1193 3578 1334 3648 laedenda

264 3673 475 3751 impossibilem
488 3687 611 3751 prorsus
625 3670 724 3730 omnis
739 3669 896 3745 legationis
911 3671 1148 3736 internetionalis
1161 3696 1252 3741 usum
1264 3669 1335 3744 'elli-

263 3781 342 3836 ceret.
368 3773 434 3835 Nisi
456 3772 538 3831 enim
560 3770 650 3848 plane
668 3774 816 3831 constaret
835 3769 914 3848 apud
935 3784 1042 3833 omnes
1062 3777 1191 3854 populos
1213 3783 1335 3845 nullum

263 3871 386 3934 lesionis
395 3871 571 3952 'periodum
583 3888 600 3931 a
613 3869 703 3946 legati
717 3870 873 3950 presentia
886 3866 1056 3931 timendum
1065 3889 1143 3952 csse,
1156 3878 1240 3939 nulla
1255 3881 1337 3956 natio

264 3969 372 4050 legatos
404 3972 552 4050 exciperet
578 3977 650 4031 tunc
671 3988 768 4048 quum
793 3971 925 4031 maxima
950 3976 994 4030 est
1018 3988 1122 4034 eorum
1155 3982 1336 4084 necessitas,

264 4089 364 4154 nempe
379 4075 544 4135 inimicitiae
557 4078 587 4133 et
599 4071 670 4132 belli
691 4080 835 4151 tempore.
853 4074 942 4150 Ergo,
957 4080 1042 4138 eto.

301 4177 388 4238 1174.
412 4176 605 4255 Cononsff-
622 4175 692 4234 Ex
684 4176 722 4233 ris
744 4191 812 4252 quae
834 4173 870 4233 ad
896 4181 1060 4253 postremas
1081 4177 1158 4242 dues
1176 4183 1337 4262 positiones

265 4277 495 4356 comprobandas
519 4274 664 4352 diximus,
685 4276 817 4353 quisque
843 4275 991 4354 intelliget
1014 4281 1085 4356 jure
1112 4284 1277 4364 meritoque
1300 4286 1338 4346 ab

264 4362 401 4441 omuibus
414 4380 553 4440 ninnium
567 4385 688 4451 aetatum
702 4377 834 4456 populis,
846 4383 1040 4457 quantumvis
1054 4383 1200 4465 barbaris,
1210 4363 1340 4466 injurias

265 4495 328 4555 que
340 4482 389 4542 rel
410 4482 537 4560 legatos
558 4482 678 4541 tratione
693 4496 761 4557 quae
782 4480 872 4539 illum
890 4485 1049 4563 ercopcrit,
1070 4486 1117 4546 vel
1136 4486 1263 4566 alegato
1286 4509 1341 4552 na·

265 4579 333 4638 tioni
356 4600 374 4640 a
396 4599 454 4658 quo
469 4582 561 4642 luerit
582 4587 733 4661 exceptus,
758 4581 849 4641 illata
871 4584 941 4654 sint,
969 4585 1113 4647 horrendi
1133 4588 1253 4650 sceleris
1278 4591 1341 4652 loco

265 4695 379 4761 semper
392 4682 484 4744 luisse
497 4684 627 4746 liabitas.
674 4766 680 4774 ‚

301 4785 419 4844 lorium
431 4793 532 4847 autem
547 4797 575 4849 et
589 4787 757 4850 officiorum
772 4786 810 4849 ad
824 4781 1085 4852 intemationalom
1100 4794 1211 4856 meutis
1225 4791 1342 4855 socialis

385 4901 415 4948 ιι.
1136 4897 1174 4956 25
