3559 5675
598 783 705 828 11111.
732 799 767 810 -
791 781 872 826 tissa
894 783 1063 832 01101111.
1313 777 1370 839 ast

299 893 485 984 respublicas
500 907 560 960 suae
573 887 718 952 1011111111
742 891 871 966 tueatur,
890 900 1053 970 conservet,
1075 900 1165 974 atque
1183 898 1274 965 stiam
1297 901 1373 962 intra

297 1005 398 1082 justos
412 996 523 1056 limites
536 995 652 1068 augeat,
678 991 772 1066 potest
786 985 837 1049 illa
860 989 965 1067 utique
979 998 1007 1052 ct
1021 991 1200 1077 plerumque
1225 996 1312 1060 debet
1324 1017 1375 1060 ar-

301 1114 422 1162 morum
434 1096 463 1156 vi
475 1089 626 1155 obstacula
648 1079 818 1180 istiusmodi
835 1097 975 1151 11111111.
1005 1093 1095 1168 stum
1117 1097 1274 1158 commoda
1298 1099 1377 1160 bello

300 1197 502 1278 comparanda
523 1195 648 1272 possunt
672 1204 743 1250 sane
765 1187 883 1251 minora
908 1206 972 1252 esse
998 1208 1091 1268 quam
1117 1192 1273 1264 commoda
1298 1201 1378 1277 pacis

302 1305 445 1374 servatam
458 1303 531 1356 tunc
544 1297 645 1354 autem
659 1287 731 1350 belli
744 1285 857 1349 utilitas
874 1286 1052 1353 detrimento
1062 1293 1143 1378 quod
1159 1295 1240 1357 bello
1252 1295 1377 1359 afferre·

303 1405 365 1471 tur,
378 1395 541 1471 colliditur,
556 1397 586 1453 et
598 1389 713 1452 bellum
728 1404 787 1448 non
802 1386 902 1449 solum
915 1390 1032 1466 inutile,
1051 1394 1102 1454 ssd
1121 1396 1245 1456 noxium
1258 1414 1379 1475 quoque

304 1498 438 1562 societati
452 1500 539 1558 esset.
552 1496 658 1570 ltaque
667 1489 754 1550 nulla
766 1497 837 1556 tunc
850 1495 922 1562 belli
938 1493 1118 1572 suscipiendi
1130 1511 1231 1574 causa,
1244 1507 1378 1576 respectu

306 1597 435 1680 publicar
454 1593 604 1672 utilitatis,
619 1591 671 1656 sed
690 1594 788 1671 potius
811 1612 903 1658 eausa
922 1610 1044 1674 prorsus
1070 1611 1089 1655 a
1109 1593 1190 1656 bello
1212 1597 1380 1660 abstinendi

306 1699 447 1780 suppetit.
1224 1754 1227 1763 .

353 1798 441 1858 1191.
458 1793 589 1858 corace.
610 1829 643 1844 -
660 1793 704 1856 td
726 1797 876 1874 politicam
900 1795 1082 1856 auctoritatis
1102 1795 1293 1876 prudentiam
1315 1816 1383 1878 per·

309 1900 384 1962 tinet
397 1896 580 1978 perpendere
597 1912 631 1957 ac
640 1895 777 1974 judicare
797 1902 900 1974 utrum
920 1895 994 1958 belli
1008 1897 1121 1958 utilitas
1134 1896 1253 1958 daronis
1266 1914 1336 1976 qua
1348 1916 1385 1960 ex

310 1999 365 2070 illo
378 1997 425 2059 111
439 2013 474 2058 ex
489 2002 602 2058 servata
622 2012 692 2076 pace
708 1997 862 2074 timentur,
886 1999 983 2074 major
1003 1997 1055 2071 sit,
1075 2013 1180 2058 necne.
1205 1999 1268 2059 1101
1285 2005 1387 2059 umen

309 2098 442 2160 maxime
457 2095 755 2158 animadvertendum
770 2103 826 2172 est,
846 2096 1002 2158 commoda
1017 2095 1072 2159 illa
1083 2095 1156 2158 belli
1176 2103 1206 2158 et
1219 2099 1310 2176 pacis,
1324 2115 1386 2160 non

310 2195 556 2272 individualiter,
572 2195 624 2257 sed
637 2194 786 2256 socialiter
801 2211 918 2275 semper
933 2214 998 2256 esse
1019 2196 1257 2260 consideranda:
1276 2215 1312 2258 ex
1325 2215 1386 2276 qno

311 2299 484 2362 discrimine
496 2296 704 2360 conclusiones
714 2295 847 2376 practica
862 2297 994 2356 maximo
1007 2296 1130 2358 diversas
1145 2295 1310 2375 prodeunt.
1327 2299 1387 2373 511,

312 2418 341 2460 0.
354 2417 398 2480 p,
413 2397 507 2458 unius
521 2398 592 2458 socii
608 2413 688 2458 mors
704 2413 721 2456 a
737 2394 835 2456 vicino
854 2396 966 2474 populo
986 2378 1132 2473 perempti
1146 2402 1191 2456 est
1204 2397 1306 2456 minus
1327 2413 1388 2456 ma·

314 2499 392 2574 lum,
408 2499 434 2559 si
452 2515 500 2558 res
514 2494 739 2556 individualiter
753 2499 913 2574 spectetur,
925 2511 1019 2572 quam
1033 2494 1117 2555 mille
1136 2495 1311 2572 hominum,
1334 2497 1388 2574 qui

314 2603 347 2662 in
360 2599 441 2661 bello
450 2596 602 2679 peribunt,
613 2598 800 2676 jacturam,
816 2597 840 2656 si
855 2613 908 2674 par
920 2613 1027 2658 eorum
1039 2595 1123 2656 millo
1133 2596 1296 2660 hominum
1309 2613 1390 2658 mor-

314 2709 375 2764 tem
390 2701 512 2764 10111111
526 2700 667 2760 univorsa
680 2717 697 2759 a
711 2698 803 2760 vicini
816 2696 919 2776 populi
932 2699 1122 2776 praepotentis
1139 2698 1261 2776 injuriis
1278 2717 1344 2761 sese
1356 2701 1388 2760 in

313 2811 468 2883 posterum
488 2803 633 2879 protegat,
648 2798 764 2860 bellum
784 2799 841 2860 erit
858 2797 1006 2859 socialiter
1021 2798 1139 2876 utilius,
1152 2801 1291 2877 quamvis
1306 2801 1390 2863 inille

316 2903 474 2966 homiuum
498 2917 580 2963 mors
598 2898 634 2961 ad
654 2900 745 2959 unius
763 2916 867 2963 necem
882 2898 1085 2960 ulciscendam
1102 2900 1192 2961 luerit
1211 2901 1389 2963 necessaria.

316 3004 435 3065 Etenim
452 3001 576 3063 evidens
595 3006 649 3079 est,
665 3001 690 3061 si
709 3000 785 3061 hanc
799 2999 890 3059 unius
905 3016 1007 3061 necem
1020 3000 1150 3061 inultam
1163 3001 1287 3063 10111111
1300 3003 1391 3063 reliu-

315 3108 404 3183 quat,
423 3101 608 3161 occasionem
628 3098 697 3159 inde
719 3096 866 3177 populum
884 3096 1039 3159 infensum
1059 3098 1096 3157 ad
1119 3101 1235 3174 majora
1254 3100 1391 3162 audenda

315 3208 523 3279 sumpturum,
546 3205 697 3275 totarnque
719 3198 803 3257 illam
824 3198 1009 3271 societatem,
1030 3196 1166 3274 adeoque
1185 3200 1289 3259 omnia
1310 3201 1393 3261 illius

305 3300 486 3375 individua,
499 3316 630 3379 quorum
645 3299 746 3373 vitain,
761 3298 882 3359 horraei
896 3298 1087 3361 securitatem
1102 3299 1179 3359 tucri
1192 3299 1312 3361 socialis
1325 3316 1392 3361 auc-

317 3402 421 3463 toritas
438 3400 537 3477 dehet,
555 3401 587 3461 in
602 3406 743 3479 perpetuo
757 3398 930 3461 discrimine
943 3398 1053 3465 deliine
1066 3398 1178 3463 lutura.

720 3616 926 3679 testiculus
946 3618 1014 3677 lv.-

424 3808 428 3817 ·
502 3781 544 3848 [le
558 3780 629 3847 tetta·
643 3781 871 3867 uniuscnjusque
879 3779 1079 3865 particularis
1082 3782 1217 3864 justitie.

364 3974 452 4039 1192.
468 3974 648 4037 Nortnnun.
670 4006 709 4017 -
723 3970 871 4047 Quoniam
884 3968 1001 4034 bellurn
1015 3977 1059 4032 est
1072 3970 1221 4034 violentus
1234 3972 1395 4033 homiuum

320 4080 358 4142 ad
376 4077 513 4140 ordinem
533 4074 686 4137 turbatum
702 4072 922 4136 restituendum
935 4072 1136 4151 pugnantium
1146 4073 1314 4152 corrssictns,
1329 4091 1397 4133 ma·

320 4180 465 4240 nifastem
484 4180 539 4251 est,
560 4173 639 4234 nihil
656 4173 686 4234 in
705 4170 784 4233 hello
802 4173 974 4252 particulari
995 4188 1061 4233 esse
1080 4170 1200 4248 debere,
1217 4174 1298 4254 quod
1320 4180 1398 4237 reolo

321 4278 422 4343 ordini
440 4274 613 4337 adversetur
624 4297 633 4351 3
652 4273 731 4352 quod
752 4272 835 4355 enim
855 4274 955 4350 ipsum
974 4272 1073 4333 ordini
1087 4279 1243 4354 repugnat,
1261 4275 1397 4354 ineptum

321 4381 452 4463 prolecto
465 4382 510 4439 est
528 4376 564 4437 ad
580 4374 715 4437 ordinem
737 4373 970 4435 resarciendum.
984 4376 1133 4449 11111110,
1147 4376 1289 4451 qnoniam
1304 4384 1399 4457 potest
1503 4372 1519 4399 ⁶

323 4481 397 4543 ordo
410 4476 515 4540 violari
531 4476 577 4538 vel
593 4492 628 4537 cx
645 4476 753 4536 mentis
773 4490 872 4534 errore
893 4480 922 4535 et
938 4474 1119 4551 ignorantie,
1137 4475 1183 4535 vel
1198 4492 1251 4553 per
1264 4483 1397 4555 apertam

322 4580 487 4647 voluntatis
501 4576 661 4651 malitiam,
673 4574 785 4655 duplex
798 4572 868 4635 belli
883 4590 980 4650 genus
993 4574 1115 4651 cogitari
1129 4580 1224 4654 potest
1235 4592 1242 4635 :
1255 4576 1397 4651 alteratur,

323 4686 355 4744 in
377 4698 438 4761 quo
457 4678 552 4742 ambae
571 4684 669 4760 partes
685 4676 894 4753 belligerantes
911 4663 990 4735 lione
1008 4674 1066 4736 lide
1083 4676 1256 4737 existimant
1269 4693 1333 4737 sese
1346 4695 1399 4755 pro

326 4782 405 4843 'recto
421 4780 526 4841 ordine
546 4780 706 4849 decertare,
721 4776 858 4855 qtramvis
874 4791 934 4835 tina
953 4774 1058 4835 saltem
1073 4793 1107 4835 ex
1124 4774 1185 4835 illis
1199 4776 1334 4836 ordinem
1353 4794 1398 4837 re·
