3559 5675
589 772 697 825 surse.
720 793 755 807 α
780 774 866 826 erasa
885 776 1021 827 cerasus.
1285 766 1342 829 tdl

297 882 484 946 Manuos.
500 912 541 929 -
560 882 662 943 turus
682 883 806 945 nomino
829 884 1034 963 significamus
1055 890 1196 969 sumptus
1215 904 1269 972 per
1291 905 1344 951 or-

257 982 457 1051 cnutonem
468 982 564 1047 raetos
582 982 616 1043 in
636 982 760 1063 itaqua
779 983 816 1057 ad
840 983 998 1049 honestam
1020 987 1068 1049 sui
1087 989 1342 1053 conservationem

256 1085 423 1165 mouent.
870 1116 873 1119 ’
902 1158 904 1163 ,

293 1186 391 1251 Paos·
407 1198 477 1251 ros.
494 1214 537 1233 ···
549 1182 653 1248 Civilis
672 1187 831 1252 auctoritas
845 1188 918 1265 jure
936 1192 1032 1269 potest
1051 1203 1085 1253 ao
1109 1188 1198 1251 debet
1213 1188 1344 1273 proiecto

255 1287 424 1369 reprimere
435 1289 576 1349 externos
591 1284 662 1348 illos
678 1290 763 1350 aetus
774 1288 829 1365 qui
845 1294 876 1349 st
887 1289 1039 1351 eooiomm
1051 1286 1149 1363 officio
1162 1288 1344 1368 individuali

255 1392 285 1449 ct
295 1388 427 1469 publico
436 1386 589 1452 societatis
602 1386 682 1451 bono
694 1386 904 1460 adversantur.
921 1389 1015 1467 Atqui
1022 1389 1113 1453 luxus
1127 1388 1344 1456 immoderatus

255 1495 299 1553 est
310 1487 548 1551 individuorum
560 1487 650 1549 simul
663 1492 694 1551 et
705 1489 854 1551 societatis
865 1488 983 1552 malum
992 1496 1160 1554 externum.

291 1592 373 1651 liam
387 1594 419 1649 1·
432 1588 503 1651 linis
512 1587 708 1663 individualis
719 1606 739 1651 a
749 1594 859 1652 natura
868 1590 999 1653 fortunis
1017 1590 1186 1673 opibusque
1201 1590 1345 1660 omuibus

254 1688 471 1761 materialibus
489 1688 629 1769 pratirus
652 1705 714 1750 non
731 1688 811 1753 alius
833 1696 882 1752 est
899 1706 993 1770 quam
1013 1690 1145 1771 eorporis
1158 1691 1344 1767 sustentatio,

254 1792 386 1868 eiusque
406 1790 567 1851 multaret
588 1788 691 1851 mbur.
714 1791 805 1869 Atqui
828 1791 930 1853 cultus
951 1791 1005 1853 ille
1034 1790 1166 1871 corporis
1186 1784 1345 1876 immodice

256 1896 460 1971 summuosus
478 1886 558 1951 rires
576 1889 748 1973 etcorporis
761 1890 913 1955 etmentis
932 1892 1040 1971 atterit,
1052 1890 1254 1967 valetudinem
1271 1906 1341 1953 sen-

257 1992 316 2055 sinr
327 1989 479 2068 absumit,
492 1989 719 2055 iortunesbreri
731 1990 879 2055 exhaurit.
963 2070 967 2077 Ι
1327 2023 1342 2060 ι,

295 2095 328 2153 2·
344 2091 435 2153 Finis
446 2089 566 2151 socialis
578 2086 757 2171 sumptuum
764 2091 804 2154 ad
812 2093 950 2173 eorporis,
957 2092 1073 2163 cultum
1086 2093 1286 2173 spectandum
1300 2098 1345 2155 cst

258 2190 399 2255 decorem
412 2190 479 2253 sire
492 2190 778 2273 cateruadeeentia.
799 2193 834 2253 ln
859 2192 1129 2276 publicarumque
1142 2195 1281 2260 mulctata
1293 2193 1345 2257 di·

262 2296 383 2357 versitas
397 2298 429 2355 at
441 2292 599 2373 disparitas
613 2291 751 2355 civilium
772 2292 980 2376 conditionum
1004 2301 1035 2355 et
1057 2294 1205 2357 classium
1217 2294 1342 2357 omnino

266 2394 437 2457 ouantia
460 2398 534 2454 sunt
548 2392 634 2470 (845,
646 2409 708 2456 cor.
720 2393 764 2469 4).
782 2396 861 2471 argo
877 2394 1048 2459 necessaria
1058 2395 1147 2457 mom
1161 2400 1234 2457 sunt
1247 2393 1343 2457 diaer-

267 2496 446 2557 santones
471 2492 626 2555 obtinendi
653 2492 866 2573 particularem
889 2496 1037 2575 cujusquo
1058 2490 1236 2559 conditionis
1249 2494 1342 2562 onem

263 2596 392 2673 ovilem,
405 2593 530 2657 diuersa
542 2593 609 2677 sitae
622 2593 693 2673 plus
712 2600 765 2657 aut
785 2596 889 2659 minus
901 2594 987 2657 dura
1000 2612 1035 2657 ac
1057 2594 1277 2679 rudisgeoera,
1293 2594 1341 2664 dir·

259 2697 333 2757 rersi
348 2694 508 2756 bonorum
520 2699 711 2756 astomorum
722 2693 847 2773 medus,
862 2695 979 2757 diversa
994 2696 1134 2773 insignia.
1152 2694 1237 2757 lliles
1251 2695 1341 2775 pimi-

257 2796 451 2876 rurnnsquit
462 2792 715 2859 iisdemaestibus
726 2794 960 2872 aomagistratus
972 2794 1069 2870 indui,
1080 2811 1136 2859 nec
1148 2794 1340 2876 magistratus

256 2895 384 2960 bricam
397 2903 431 2958 et
450 2894 569 2973 galeam
581 2895 659 2956 ierre
672 2901 767 2976 potest
774 2911 786 2974 3
806 2897 860 2974 qui
875 2895 1052 2962 liberalibus
1065 2895 1173 2960 studiis
1193 2902 1238 2958 est
1251 2893 1340 2958 dedi·

256 3005 316 3074 tus,
330 3013 399 3060 non
411 3000 510 3077 potest
529 2993 636 3057 eodem
652 2994 720 3056 cibo
735 2995 780 3054 uti
791 3012 853 3074 quo
865 2995 987 3064 labriet
998 3011 1145 3057 messores
1157 2999 1338 3070 sescentum

254 3097 395 3160 hierom
408 3094 581 3181 nutriendis
598 3094 772 3158 delicatiora
785 3095 931 3158 alimenta
948 3102 1048 3158 essent
1061 3095 1226 3172 incongrua
1233 3116 1243 3172 ;
1257 3090 1341 3156 rnol-

255 3198 300 3259 les
313 3215 350 3259 ac
363 3197 504 3276 pretiosa
518 3200 613 3282 vestes
626 3194 806 3276 locupletam
819 3211 854 3259 ac
869 3195 1004 3258 nobilem
1025 3199 1192 3260 matronam
1210 3207 1273 3256 non
1285 3191 1343 3256 da·-

254 3297 515 3377 deoent‚plabeis
536 3294 658 3372 mulieri
672 3312 734 3358 non
746 3286 940 3358 conveniunt.
955 3298 1026 3378 lpse
1034 3296 1126 3374 igitur
1139 3293 1235 3360 ciuilis
1246 3294 1342 3362 socie·
1387 3372 1392 3380 .

255 3401 326 3462 tatis
338 3399 477 3460 maeotis
487 3395 615 3458 allicitur
628 3403 663 3457 ut
675 3392 834 3478 multiplex
847 3396 881 3457 in
894 3413 929 3458 ca
943 3397 1039 3460 rictus
1060 3403 1089 3458 ct
1109 3394 1213 3458 cultus
1224 3395 1339 3465 artemi

254 3500 423 3562 diversitas
447 3510 513 3560 osse
534 3496 657 3578 debeat·
676 3514 774 3580 quum
795 3496 1002 3560 conditionum
1027 3495 1341 3576 civiliumidisparites

255 3616 408 3678 magnam
418 3615 541 3678 quoque
552 3582 788 3679 pmponsionnnr
800 3603 830 3661 et
843 3597 1054 3660 necessitatum
1069 3597 1086 3659 d
1092 3597 1271 3660 iversitatsm
1284 3613 1340 3677 pa·

254 3702 325 3764 riat.
1121 3739 1125 3746 -
1267 3717 1270 3722 ·
1293 3717 1297 3725 ·

296 3803 442 3864 lamrem
454 3798 535 3878 quod
549 3800 702 3880 propriam
716 3801 865 3880 cujusque
879 3798 1015 3862 bominis
1027 3798 1230 3866 conditionem
1243 3796 1339 3875 decet,

257 3903 336 3966 illud
355 3908 404 3966 est
426 3899 560 3962 decentio
572 3918 585 3962 .·
596 3900 680 3980 quod
696 3900 775 3964 banc
795 3899 960 3971 docendam
972 3899 1097 3976 excedit,
1110 3905 1156 3962 ast
1174 3897 1339 3970 latusim·

257 4004 447 4066 moderatus.
460 4001 586 4068 &ciclis
599 4007 700 4088 antem
715 4002 789 4066 ordo
799 4002 930 4083 postulat
947 4007 982 4065 ut
1003 4001 1102 4064 civilis
1120 3999 1255 4068 decentia
1270 4016 1340 4067 oon·

256 4110 378 4175 stanter,
385 4108 534 4166 serretur.
549 4104 641 4182 Ergo,
651 4109 708 4166 etc.
782 4132 785 4144 =
1069 4108 1071 4112 '

297 4206 333 4268 3·
353 4207 462 4268 Luxus
481 4201 662 4266 immodicus
684 4218 756 4265 mm
776 4202 879 4266 sodali
900 4201 1057 4266 honestate
1070 4207 1101 4266 ot
1114 4199 1260 4267 marium
1282 4215 1342 4282 pur

257 4313 342 4385 snat,
365 4312 434 4369 turn
458 4304 531 4382 quia
555 4301 701 4382 prodigus
720 4302 777 4364 iste
803 4303 869 4366 suis
893 4317 1082 4383 suorumque
1113 4301 1343 4374 necessitatibus

257 4403 690 4481 tuturisct'intcrtuniisquae
697 4407 934 4486 repantapratsr
947 4403 1122 4484 opinionem
1131 4403 1339 4484 mdorepus·

258 4515 342 4583 mut,
354 4521 422 4570 non
434 4503 571 4586 providet
576 4517 588 4580 ;
602 4508 669 4568 turn
682 4503 755 4582 quia
767 4504 906 4583 ineptum
919 4519 984 4568 sese
997 4503 1036 4568 ad
1049 4520 1217 4585 psupsrnnr
1226 4518 1341 4574 mm·

257 4621 312 4668 nas
324 4603 533 4667 sublevandas
546 4602 636 4670 ellim
653 4603 720 4666 sino
742 4603 914 4667 rationabili
933 4620 1039 4681 cauam
1055 4605 1205 4684 tumenta
1221 4602 1341 4685 publii!

259 4705 502 4789 intemperantiae
514 4710 546 4766 ct
558 4704 707 4784 superbia
719 4703 856 4784 exempla
867 4703 992 4784 probet.
1009 4705 1099 4782 Ergo,
1110 4710 1168 4776 etc.

172 4807 180 4825 '
296 4804 370 4870 851.
388 4805 530 4868 Cornan
543 4835 584 4852 ··
596 4806 676 4868 lotar
690 4802 790 4871 media
802 4819 872 4885 que
884 4821 903 4868 a
914 4805 997 4870 cirili
1012 4805 1185 4868 auctoritate
1204 4801 1343 4870 adbiberi
