<?xml version="1.0" encoding="UTF-8"?>
<!DOCTYPE html PUBLIC "-//W3C//DTD XHTML 1.0 Transitional//EN"
    "http://www.w3.org/TR/xhtml1/DTD/xhtml1-transitional.dtd">
<html xmlns="http://www.w3.org/1999/xhtml" xml:lang="en" lang="en">
 <head>
  <title>
</title>
<meta http-equiv="Content-Type" content="text/html;charset=utf-8" />
  <meta name='ocr-system' content='tesseract 3.04.00' />
  <meta name='ocr-capabilities' content='ocr_page ocr_carea ocr_par ocr_line ocrx_word'/>
</head>
<body>
  <div class='ocr_page' id='page_1' title='image "./jurisnaturalisu00bensgoog_0491.png"; bbox 0 0 3559 5675; ppageno 0'>
   <div class='ocr_carea' id='block_1_1' title="bbox 566 744 1349 811">
    <p class='ocr_par' dir='ltr' id='par_1_1' title="bbox 566 744 1349 811">
     <span class='ocr_line' id='line_1_1' title="bbox 566 744 1349 811; baseline 0.005 -6"><span class='ocrx_word' id='word_1_1' title='bbox 566 757 678 805; x_wconf 80' lang='lat' dir='ltr'>sauss.</span> <span class='ocrx_word' id='word_1_2' title='bbox 702 776 741 791; x_wconf 91' lang='lat'>-</span> <span class='ocrx_word' id='word_1_3' title='bbox 763 760 847 807; x_wconf 81' lang='lat' dir='ltr'>essee</span> <span class='ocrx_word' id='word_1_4' title='bbox 868 760 1059 809; x_wconf 81' lang='lat' dir='ltr'>nuonscruus.</span> <span class='ocrx_word' id='word_1_5' title='bbox 1293 744 1349 811; x_wconf 76' lang='lat' dir='ltr'>itit</span> 
     </span>
    </p>
   </div>
   <div class='ocr_carea' id='block_1_2' title="bbox 178 864 1364 2452">
    <p class='ocr_par' dir='ltr' id='par_1_2' title="bbox 178 864 1364 2452">
     <span class='ocr_line' id='line_1_2' title="bbox 267 864 1352 949; baseline 0.004 -24"><span class='ocrx_word' id='word_1_6' title='bbox 267 864 321 925; x_wconf 84' lang='lat' dir='ltr'>sis</span> <span class='ocrx_word' id='word_1_7' title='bbox 334 865 368 925; x_wconf 92' lang='lat' dir='ltr'>iu</span> <span class='ocrx_word' id='word_1_8' title='bbox 382 864 535 944; x_wconf 83' lang='lat' dir='ltr'>publicam</span> <span class='ocrx_word' id='word_1_9' title='bbox 552 864 691 927; x_wconf 78' lang='lat' dir='ltr'><strong>notitiam</strong></span> <span class='ocrx_word' id='word_1_10' title='bbox 703 882 740 927; x_wconf 86' lang='lat' dir='ltr'>ea</span> <span class='ocrx_word' id='word_1_11' title='bbox 753 867 955 945; x_wconf 81' lang='lat' dir='ltr'>pervenirent,</span> <span class='ocrx_word' id='word_1_12' title='bbox 972 866 1077 929; x_wconf 81' lang='lat' dir='ltr'>nullm</span> <span class='ocrx_word' id='word_1_13' title='bbox 1091 866 1200 929; x_wconf 87' lang='lat' dir='ltr'>modus</span> <span class='ocrx_word' id='word_1_14' title='bbox 1212 876 1352 949; x_wconf 84' lang='lat' dir='ltr'>suppete-</span> 
     </span>
     <span class='ocr_line' id='line_1_3' title="bbox 268 963 1356 1049; baseline 0.005 -24"><span class='ocrx_word' id='word_1_15' title='bbox 268 963 500 1033; x_wconf 81' lang='lat' dir='ltr'>retauthentica</span> <span class='ocrx_word' id='word_1_16' title='bbox 517 964 640 1031; x_wconf 86' lang='lat' dir='ltr'>illorum</span> <span class='ocrx_word' id='word_1_17' title='bbox 654 964 727 1027; x_wconf 83' lang='lat' dir='ltr'>titlei</span> <span class='ocrx_word' id='word_1_18' title='bbox 737 972 826 1029; x_wconf 82' lang='lat' dir='ltr'>certa</span> <span class='ocrx_word' id='word_1_19' title='bbox 838 964 995 1029; x_wconf 80' lang='lat' dir='ltr'>iacienda.</span> <span class='ocrx_word' id='word_1_20' title='bbox 1011 966 1144 1041; x_wconf 78' lang='lat' dir='ltr'>Etenim,</span> <span class='ocrx_word' id='word_1_21' title='bbox 1158 984 1255 1046; x_wconf 90' lang='lat' dir='ltr'>quum</span> <span class='ocrx_word' id='word_1_22' title='bbox 1268 968 1356 1049; x_wconf 82' lang='lat' dir='ltr'>Epis·</span> 
     </span>
     <span class='ocr_line' id='line_1_4' title="bbox 267 1064 1356 1147; baseline 0.004 -21"><span class='ocrx_word' id='word_1_23' title='bbox 267 1080 417 1145; x_wconf 87' lang='lat' dir='ltr'>coporum</span> <span class='ocrx_word' id='word_1_24' title='bbox 428 1066 461 1126; x_wconf 91' lang='lat' dir='ltr'>in</span> <span class='ocrx_word' id='word_1_25' title='bbox 474 1064 607 1127; x_wconf 64' lang='lat' dir='ltr'>Mesia</span> <span class='ocrx_word' id='word_1_26' title='bbox 620 1067 763 1128; x_wconf 75' lang='lat' dir='ltr'>centana</span> <span class='ocrx_word' id='word_1_27' title='bbox 775 1066 879 1127; x_wconf 76' lang='lat' dir='ltr'>multae</span> <span class='ocrx_word' id='word_1_28' title='bbox 889 1066 993 1127; x_wconf 79' lang='lat' dir='ltr'>adsint</span> <span class='ocrx_word' id='word_1_29' title='bbox 1005 1083 1057 1147; x_wconf 87' lang='lat' dir='ltr'>per</span> <span class='ocrx_word' id='word_1_30' title='bbox 1071 1066 1200 1146; x_wconf 88' lang='lat' dir='ltr'>ltaliam,</span> <span class='ocrx_word' id='word_1_31' title='bbox 1215 1068 1356 1145; x_wconf 86' lang='lat' dir='ltr'>Galliam,</span> 
     </span>
     <span class='ocr_line' id='line_1_5' title="bbox 269 1165 1358 1245; baseline 0.004 -19"><span class='ocrx_word' id='word_1_32' title='bbox 269 1166 463 1245; x_wconf 73' lang='lat' dir='ltr'>Hispaniam,</span> <span class='ocrx_word' id='word_1_33' title='bbox 477 1167 680 1243; x_wconf 81' lang='lat' dir='ltr'>Germaniam,</span> <span class='ocrx_word' id='word_1_34' title='bbox 703 1165 856 1245; x_wconf 81' lang='lat' dir='ltr'>hugliam,</span> <span class='ocrx_word' id='word_1_35' title='bbox 872 1167 1058 1241; x_wconf 80' lang='lat' dir='ltr'>Hiberniam,</span> <span class='ocrx_word' id='word_1_36' title='bbox 1078 1166 1219 1245; x_wconf 76' lang='lat' dir='ltr'>hiulcam,</span> <span class='ocrx_word' id='word_1_37' title='bbox 1238 1168 1358 1231; x_wconf 77' lang='lat' dir='ltr'>Amari-</span> 
     </span>
     <span class='ocr_line' id='line_1_6' title="bbox 268 1264 1357 1346; baseline 0.005 -20"><span class='ocrx_word' id='word_1_38' title='bbox 268 1280 352 1341; x_wconf 90' lang='lat' dir='ltr'>cam,</span> <span class='ocrx_word' id='word_1_39' title='bbox 367 1265 471 1327; x_wconf 81' lang='lat' dir='ltr'>haiam</span> <span class='ocrx_word' id='word_1_40' title='bbox 484 1264 636 1346; x_wconf 67' lang='lat' dir='ltr'>diepam,</span> <span class='ocrx_word' id='word_1_41' title='bbox 651 1282 714 1328; x_wconf 90' lang='lat' dir='ltr'>non</span> <span class='ocrx_word' id='word_1_42' title='bbox 726 1268 993 1346; x_wconf 87' lang='lat' dir='ltr'>possuntsingulis</span> <span class='ocrx_word' id='word_1_43' title='bbox 1004 1268 1174 1329; x_wconf 74' lang='lat' dir='ltr'>eiulatibus</span> <span class='ocrx_word' id='word_1_44' title='bbox 1188 1274 1240 1329; x_wconf 92' lang='lat' dir='ltr'>aut</span> <span class='ocrx_word' id='word_1_45' title='bbox 1252 1268 1357 1331; x_wconf 89' lang='lat' dir='ltr'>saltam</span> 
     </span>
     <span class='ocr_line' id='line_1_7' title="bbox 268 1368 1359 1449; baseline 0.004 -20"><span class='ocrx_word' id='word_1_46' title='bbox 268 1368 436 1447; x_wconf 84' lang='lat' dir='ltr'>provinciis</span> <span class='ocrx_word' id='word_1_47' title='bbox 448 1368 620 1431; x_wconf 87' lang='lat' dir='ltr'>christianis</span> <span class='ocrx_word' id='word_1_48' title='bbox 634 1369 735 1431; x_wconf 85' lang='lat' dir='ltr'>media</span> <span class='ocrx_word' id='word_1_49' title='bbox 744 1376 902 1449; x_wconf 87' lang='lat' dir='ltr'>suppetere</span> <span class='ocrx_word' id='word_1_50' title='bbox 917 1370 1034 1446; x_wconf 86' lang='lat' dir='ltr'>idonea,</span> <span class='ocrx_word' id='word_1_51' title='bbox 1047 1372 1159 1449; x_wconf 89' lang='lat' dir='ltr'>quibus</span> <span class='ocrx_word' id='word_1_52' title='bbox 1168 1387 1211 1432; x_wconf 81' lang='lat' dir='ltr'>em</span> <span class='ocrx_word' id='word_1_53' title='bbox 1221 1372 1359 1433; x_wconf 83' lang='lat' dir='ltr'>certiores</span> 
     </span>
     <span class='ocr_line' id='line_1_8' title="bbox 269 1468 1360 1551; baseline 0.004 -22"><span class='ocrx_word' id='word_1_54' title='bbox 269 1468 446 1533; x_wconf 79' lang='lat' dir='ltr'>authentice</span> <span class='ocrx_word' id='word_1_55' title='bbox 455 1470 539 1549; x_wconf 86' lang='lat' dir='ltr'>hant,</span> <span class='ocrx_word' id='word_1_56' title='bbox 553 1470 612 1531; x_wconf 88' lang='lat' dir='ltr'>talc</span> <span class='ocrx_word' id='word_1_57' title='bbox 628 1469 783 1533; x_wconf 83' lang='lat' dir='ltr'>decretum</span> <span class='ocrx_word' id='word_1_58' title='bbox 796 1486 901 1531; x_wconf 85' lang='lat' dir='ltr'>resera</span> <span class='ocrx_word' id='word_1_59' title='bbox 913 1470 952 1531; x_wconf 90' lang='lat' dir='ltr'>ab</span> <span class='ocrx_word' id='word_1_60' title='bbox 966 1471 1024 1533; x_wconf 86' lang='lat' dir='ltr'>hoc</span> <span class='ocrx_word' id='word_1_61' title='bbox 1034 1478 1065 1533; x_wconf 89' lang='lat' dir='ltr'>et</span> <span class='ocrx_word' id='word_1_62' title='bbox 1075 1470 1129 1532; x_wconf 91' lang='lat' dir='ltr'>illo</span> <span class='ocrx_word' id='word_1_63' title='bbox 1143 1472 1287 1551; x_wconf 83' lang='lat' dir='ltr'>Episcopo</span> <span class='ocrx_word' id='word_1_64' title='bbox 1297 1472 1360 1533; x_wconf 87' lang='lat' dir='ltr'>edi·</span> 
     </span>
     <span class='ocr_line' id='line_1_9' title="bbox 272 1569 1360 1650; baseline 0 -18"><span class='ocrx_word' id='word_1_65' title='bbox 272 1569 460 1648; x_wconf 80' lang='lat' dir='ltr'>tumiuisee3</span> <span class='ocrx_word' id='word_1_66' title='bbox 471 1570 610 1633; x_wconf 88' lang='lat' dir='ltr'>liberoso</span> <span class='ocrx_word' id='word_1_67' title='bbox 618 1570 780 1650; x_wconf 82' lang='lat' dir='ltr'>prudenter</span> <span class='ocrx_word' id='word_1_68' title='bbox 786 1570 874 1631; x_wconf 86' lang='lat' dir='ltr'>illum</span> <span class='ocrx_word' id='word_1_69' title='bbox 886 1570 951 1633; x_wconf 82' lang='lat' dir='ltr'>hmo</span> <span class='ocrx_word' id='word_1_70' title='bbox 958 1570 1144 1633; x_wconf 85' lang='lat' dir='ltr'>decernendo</span> <span class='ocrx_word' id='word_1_71' title='bbox 1153 1572 1263 1650; x_wconf 83' lang='lat' dir='ltr'>egisss3</span> <span class='ocrx_word' id='word_1_72' title='bbox 1274 1571 1360 1633; x_wconf 91' lang='lat' dir='ltr'>nulla</span> 
     </span>
     <span class='ocr_line' id='line_1_10' title="bbox 270 1668 1361 1753; baseline -0.002 -20"><span class='ocrx_word' id='word_1_73' title='bbox 270 1687 311 1733; x_wconf 83' lang='lat' dir='ltr'>ex</span> <span class='ocrx_word' id='word_1_74' title='bbox 324 1675 412 1749; x_wconf 86' lang='lat' dir='ltr'>parte</span> <span class='ocrx_word' id='word_1_75' title='bbox 423 1668 576 1733; x_wconf 82' lang='lat' dir='ltr'>decretum</span> <span class='ocrx_word' id='word_1_76' title='bbox 588 1671 685 1732; x_wconf 85' lang='lat' dir='ltr'>luisse</span> <span class='ocrx_word' id='word_1_77' title='bbox 696 1686 714 1732; x_wconf 90' lang='lat' dir='ltr'>a</span> <span class='ocrx_word' id='word_1_78' title='bbox 725 1670 841 1733; x_wconf 92' lang='lat' dir='ltr'>nuntiis</span> <span class='ocrx_word' id='word_1_79' title='bbox 850 1671 904 1748; x_wconf 85' lang='lat' dir='ltr'>qui</span> <span class='ocrx_word' id='word_1_80' title='bbox 915 1688 980 1732; x_wconf 89' lang='lat' dir='ltr'>rem</span> <span class='ocrx_word' id='word_1_81' title='bbox 992 1671 1156 1747; x_wconf 89' lang='lat' dir='ltr'>attulerint,</span> <span class='ocrx_word' id='word_1_82' title='bbox 1167 1678 1361 1753; x_wconf 82' lang='lat' dir='ltr'>corruptum3</span> 
     </span>
     <span class='ocr_line' id='line_1_11' title="bbox 271 1772 1360 1853; baseline 0.001 -21"><span class='ocrx_word' id='word_1_83' title='bbox 271 1788 527 1850; x_wconf 86' lang='lat' dir='ltr'>unumquemque</span> <span class='ocrx_word' id='word_1_84' title='bbox 555 1788 661 1834; x_wconf 88' lang='lat' dir='ltr'>eorum</span> <span class='ocrx_word' id='word_1_85' title='bbox 692 1772 906 1850; x_wconf 82' lang='lat' dir='ltr'>Episcoporum</span> <span class='ocrx_word' id='word_1_86' title='bbox 931 1788 995 1833; x_wconf 87' lang='lat' dir='ltr'>esse</span> <span class='ocrx_word' id='word_1_87' title='bbox 1019 1772 1149 1853; x_wconf 82' lang='lat' dir='ltr'>legitime</span> <span class='ocrx_word' id='word_1_88' title='bbox 1171 1773 1360 1849; x_wconf 82' lang='lat' dir='ltr'>institutum3</span> 
     </span>
     <span class='ocr_line' id='line_1_12' title="bbox 272 1871 1364 1953; baseline 0 -20"><span class='ocrx_word' id='word_1_89' title='bbox 272 1878 305 1933; x_wconf 88' lang='lat' dir='ltr'>et</span> <span class='ocrx_word' id='word_1_90' title='bbox 317 1873 471 1949; x_wconf 83' lang='lat' dir='ltr'>ejusmodi</span> <span class='ocrx_word' id='word_1_91' title='bbox 490 1873 633 1947; x_wconf 85' lang='lat' dir='ltr'>abarum,</span> <span class='ocrx_word' id='word_1_92' title='bbox 647 1888 716 1951; x_wconf 80' lang='lat' dir='ltr'>qus</span> <span class='ocrx_word' id='word_1_93' title='bbox 730 1872 770 1932; x_wconf 88' lang='lat' dir='ltr'>ad</span> <span class='ocrx_word' id='word_1_94' title='bbox 782 1871 853 1933; x_wconf 85' lang='lat' dir='ltr'>talis</span> <span class='ocrx_word' id='word_1_95' title='bbox 870 1871 979 1934; x_wconf 86' lang='lat' dir='ltr'>decreti</span> <span class='ocrx_word' id='word_1_96' title='bbox 1002 1873 1064 1933; x_wconf 84' lang='lat' dir='ltr'>vim</span> <span class='ocrx_word' id='word_1_97' title='bbox 1085 1872 1247 1949; x_wconf 82' lang='lat' dir='ltr'>jnritlicsm</span> <span class='ocrx_word' id='word_1_98' title='bbox 1267 1873 1364 1953; x_wconf 85' lang='lat' dir='ltr'>perti·</span> 
     </span>
     <span class='ocr_line' id='line_1_13' title="bbox 272 1972 1364 2052; baseline 0 -19"><span class='ocrx_word' id='word_1_99' title='bbox 272 1978 371 2035; x_wconf 85' lang='lat' dir='ltr'>nent:</span> <span class='ocrx_word' id='word_1_100' title='bbox 385 1972 451 2033; x_wconf 77' lang='lat' dir='ltr'>haee</span> <span class='ocrx_word' id='word_1_101' title='bbox 463 1974 549 2034; x_wconf 92' lang='lat' dir='ltr'>enim</span> <span class='ocrx_word' id='word_1_102' title='bbox 563 1973 667 2033; x_wconf 90' lang='lat' dir='ltr'>omnia</span> <span class='ocrx_word' id='word_1_103' title='bbox 677 1972 885 2052; x_wconf 84' lang='lat' dir='ltr'>perspicienda</span> <span class='ocrx_word' id='word_1_104' title='bbox 895 1977 997 2034; x_wconf 80' lang='lat' dir='ltr'>essem</span> <span class='ocrx_word' id='word_1_105' title='bbox 1010 1974 1042 2031; x_wconf 90' lang='lat' dir='ltr'>in</span> <span class='ocrx_word' id='word_1_106' title='bbox 1055 1974 1198 2034; x_wconf 87' lang='lat' dir='ltr'>omnibus</span> <span class='ocrx_word' id='word_1_107' title='bbox 1213 1979 1242 2034; x_wconf 91' lang='lat' dir='ltr'>et</span> <span class='ocrx_word' id='word_1_108' title='bbox 1254 1974 1364 2051; x_wconf 88' lang='lat' dir='ltr'>singu·</span> 
     </span>
     <span class='ocr_line' id='line_1_14' title="bbox 274 2070 1363 2152; baseline 0.002 -21"><span class='ocrx_word' id='word_1_109' title='bbox 274 2071 317 2131; x_wconf 85' lang='lat' dir='ltr'>lis</span> <span class='ocrx_word' id='word_1_110' title='bbox 332 2070 471 2150; x_wconf 72' lang='lat' dir='ltr'>decretis,</span> <span class='ocrx_word' id='word_1_111' title='bbox 487 2088 556 2151; x_wconf 82' lang='lat' dir='ltr'>quta</span> <span class='ocrx_word' id='word_1_112' title='bbox 569 2072 609 2133; x_wconf 82' lang='lat' dir='ltr'>ab</span> <span class='ocrx_word' id='word_1_113' title='bbox 625 2070 769 2133; x_wconf 90' lang='lat' dir='ltr'>omnibus</span> <span class='ocrx_word' id='word_1_114' title='bbox 786 2077 818 2132; x_wconf 89' lang='lat' dir='ltr'>et</span> <span class='ocrx_word' id='word_1_115' title='bbox 832 2072 963 2149; x_wconf 86' lang='lat' dir='ltr'>singulis</span> <span class='ocrx_word' id='word_1_116' title='bbox 977 2074 1129 2152; x_wconf 80' lang='lat' dir='ltr'>Episcopis</span> <span class='ocrx_word' id='word_1_117' title='bbox 1143 2071 1179 2134; x_wconf 87' lang='lat' dir='ltr'>sd</span> <span class='ocrx_word' id='word_1_118' title='bbox 1192 2074 1363 2151; x_wconf 76' lang='lat' dir='ltr'>generalem</span> 
     </span>
     <span class='ocr_line' id='line_1_15' title="bbox 275 2170 1364 2251; baseline 0 -18"><span class='ocrx_word' id='word_1_119' title='bbox 275 2170 420 2235; x_wconf 75' lang='lat' dir='ltr'>Foetesiae</span> <span class='ocrx_word' id='word_1_120' title='bbox 430 2171 681 2248; x_wconf 84' lang='lat' dir='ltr'>gubemab&#39;onem</span> <span class='ocrx_word' id='word_1_121' title='bbox 691 2171 771 2232; x_wconf 84' lang='lat' dir='ltr'>edita</span> <span class='ocrx_word' id='word_1_122' title='bbox 782 2170 996 2251; x_wconf 81' lang='lat' dir='ltr'>perferrentur,</span> <span class='ocrx_word' id='word_1_123' title='bbox 1009 2172 1034 2233; x_wconf 94' lang='lat' dir='ltr'>si</span> <span class='ocrx_word' id='word_1_124' title='bbox 1046 2171 1171 2250; x_wconf 81' lang='lat' dir='ltr'>quidam</span> <span class='ocrx_word' id='word_1_125' title='bbox 1183 2172 1236 2234; x_wconf 89' lang='lat' dir='ltr'>illa</span> <span class='ocrx_word' id='word_1_126' title='bbox 1244 2180 1364 2251; x_wconf 88' lang='lat' dir='ltr'>possent</span> 
     </span>
     <span class='ocr_line' id='line_1_16' title="bbox 276 2271 1364 2350; baseline 0.001 -18"><span class='ocrx_word' id='word_1_127' title='bbox 276 2278 355 2333; x_wconf 91' lang='lat' dir='ltr'>atot</span> <span class='ocrx_word' id='word_1_128' title='bbox 369 2276 492 2350; x_wconf 87' lang='lat' dir='ltr'>tamque</span> <span class='ocrx_word' id='word_1_129' title='bbox 503 2271 616 2333; x_wconf 87' lang='lat' dir='ltr'>dissitis</span> <span class='ocrx_word' id='word_1_130' title='bbox 629 2272 721 2333; x_wconf 86' lang='lat' dir='ltr'>totius</span> <span class='ocrx_word' id='word_1_131' title='bbox 734 2277 885 2332; x_wconf 87' lang='lat' dir='ltr'>terrarum</span> <span class='ocrx_word' id='word_1_132' title='bbox 897 2271 976 2332; x_wconf 86' lang='lat' dir='ltr'>orbis</span> <span class='ocrx_word' id='word_1_133' title='bbox 992 2272 1167 2348; x_wconf 86' lang='lat' dir='ltr'>regionibus</span> <span class='ocrx_word' id='word_1_134' title='bbox 1179 2274 1313 2335; x_wconf 80' lang='lat' dir='ltr'>vicissim</span> <span class='ocrx_word' id='word_1_135' title='bbox 1327 2272 1364 2335; x_wconf 89' lang='lat' dir='ltr'>ad</span> 
     </span>
     <span class='ocr_line' id='line_1_17' title="bbox 178 2361 1363 2452; baseline -0.002 -17"><span class='ocrx_word' id='word_1_136' title='bbox 178 2361 179 2366; x_wconf 59' lang='grc'>’</span> <span class='ocrx_word' id='word_1_137' title='bbox 273 2390 388 2438; x_wconf 87' lang='lat' dir='ltr'>omues</span> <span class='ocrx_word' id='word_1_138' title='bbox 403 2378 434 2435; x_wconf 89' lang='lat' dir='ltr'>at</span> <span class='ocrx_word' id='word_1_139' title='bbox 452 2372 590 2450; x_wconf 73' lang='lat' dir='ltr'>ringulae</span> <span class='ocrx_word' id='word_1_140' title='bbox 603 2373 782 2434; x_wconf 76' lang='lat' dir='ltr'>christianae</span> <span class='ocrx_word' id='word_1_141' title='bbox 795 2372 932 2433; x_wconf 86' lang='lat' dir='ltr'>civitates·</span> <span class='ocrx_word' id='word_1_142' title='bbox 945 2378 997 2433; x_wconf 87' lang='lat' dir='ltr'>aut</span> <span class='ocrx_word' id='word_1_143' title='bbox 1009 2373 1176 2451; x_wconf 80' lang='lat' dir='ltr'>prouincias</span> <span class='ocrx_word' id='word_1_144' title='bbox 1197 2374 1363 2452; x_wconf 84' lang='lat' dir='ltr'>pervenire.</span> 
     </span>
    </p>
   </div>
   <div class='ocr_carea' id='block_1_3' title="bbox 178 2472 1368 2553">
    <p class='ocr_par' dir='ltr' id='par_1_3' title="bbox 178 2472 1368 2553">
     <span class='ocr_line' id='line_1_18' title="bbox 178 2472 1368 2553; baseline -0.004 -13"><span class='ocrx_word' id='word_1_145' title='bbox 178 2535 179 2540; x_wconf 73' lang='grc'>,</span> <span class='ocrx_word' id='word_1_146' title='bbox 275 2474 339 2537; x_wconf 84' lang='lat' dir='ltr'>Sed</span> <span class='ocrx_word' id='word_1_147' title='bbox 354 2489 418 2535; x_wconf 91' lang='lat' dir='ltr'>uon</span> <span class='ocrx_word' id='word_1_148' title='bbox 430 2479 478 2535; x_wconf 86' lang='lat' dir='ltr'>est</span> <span class='ocrx_word' id='word_1_149' title='bbox 487 2473 603 2535; x_wconf 83' lang='lat' dir='ltr'>diutius</span> <span class='ocrx_word' id='word_1_150' title='bbox 615 2475 648 2536; x_wconf 87' lang='lat' dir='ltr'>in</span> <span class='ocrx_word' id='word_1_151' title='bbox 659 2472 717 2535; x_wconf 87' lang='lat' dir='ltr'>hac</span> <span class='ocrx_word' id='word_1_152' title='bbox 727 2490 760 2534; x_wconf 89' lang='lat' dir='ltr'>re</span> <span class='ocrx_word' id='word_1_153' title='bbox 770 2472 996 2535; x_wconf 85' lang='lat' dir='ltr'>immorandum</span> <span class='ocrx_word' id='word_1_154' title='bbox 1009 2494 1016 2533; x_wconf 76' lang='grc' dir='ltr'><strong>ε</strong></span> <span class='ocrx_word' id='word_1_155' title='bbox 1029 2478 1073 2536; x_wconf 85' lang='lat' dir='ltr'>est</span> <span class='ocrx_word' id='word_1_156' title='bbox 1086 2473 1167 2534; x_wconf 90' lang='lat' dir='ltr'>enim</span> <span class='ocrx_word' id='word_1_157' title='bbox 1180 2472 1244 2535; x_wconf 77' lang='lat' dir='ltr'>haec</span> <span class='ocrx_word' id='word_1_158' title='bbox 1257 2474 1368 2553; x_wconf 87' lang='lat' dir='ltr'>impos·</span> 
     </span>
    </p>
   </div>
   <div class='ocr_carea' id='block_1_4' title="bbox 276 2572 1366 2834">
    <p class='ocr_par' dir='ltr' id='par_1_4' title="bbox 276 2572 1366 2834">
     <span class='ocr_line' id='line_1_19' title="bbox 276 2572 1365 2653; baseline -0.004 -16"><span class='ocrx_word' id='word_1_159' title='bbox 276 2573 411 2637; x_wconf 89' lang='lat' dir='ltr'>sibilitas</span> <span class='ocrx_word' id='word_1_160' title='bbox 430 2572 601 2633; x_wconf 83' lang='lat' dir='ltr'>authentice</span> <span class='ocrx_word' id='word_1_161' title='bbox 616 2572 827 2650; x_wconf 79' lang='lat' dir='ltr'>cognoscenda</span> <span class='ocrx_word' id='word_1_162' title='bbox 847 2572 1064 2653; x_wconf 81' lang='lat' dir='ltr'>Episcoporum</span> <span class='ocrx_word' id='word_1_163' title='bbox 1085 2572 1289 2651; x_wconf 85' lang='lat' dir='ltr'>dispersorum</span> <span class='ocrx_word' id='word_1_164' title='bbox 1302 2572 1365 2633; x_wconf 82' lang='lat' dir='ltr'>sive</span> 
     </span>
     <span class='ocr_line' id='line_1_20' title="bbox 276 2671 1366 2751; baseline -0.002 -16"><span class='ocrx_word' id='word_1_165' title='bbox 276 2674 435 2746; x_wconf 92' lang='lat' dir='ltr'>omnium,</span> <span class='ocrx_word' id='word_1_166' title='bbox 445 2673 537 2734; x_wconf 87' lang='lat' dir='ltr'>sisse</span> <span class='ocrx_word' id='word_1_167' title='bbox 550 2687 678 2733; x_wconf 87' lang='lat' dir='ltr'>numero</span> <span class='ocrx_word' id='word_1_168' title='bbox 690 2673 832 2734; x_wconf 79' lang='lat' dir='ltr'>univerae</span> <span class='ocrx_word' id='word_1_169' title='bbox 845 2671 980 2751; x_wconf 89' lang='lat' dir='ltr'>plurium</span> <span class='ocrx_word' id='word_1_170' title='bbox 984 2714 995 2748; x_wconf 94' lang='lat'>,</span> <span class='ocrx_word' id='word_1_171' title='bbox 1007 2672 1170 2750; x_wconf 80' lang='lat' dir='ltr'>sententia,</span> <span class='ocrx_word' id='word_1_172' title='bbox 1186 2686 1240 2751; x_wconf 84' lang='lat' dir='ltr'>per</span> <span class='ocrx_word' id='word_1_173' title='bbox 1253 2688 1285 2733; x_wconf 91' lang='lat' dir='ltr'>se</span> <span class='ocrx_word' id='word_1_174' title='bbox 1297 2686 1366 2733; x_wconf 87' lang='lat' dir='ltr'>rna-</span> 
     </span>
     <span class='ocr_line' id='line_1_21' title="bbox 278 2772 491 2834; baseline -0.014 0"><span class='ocrx_word' id='word_1_175' title='bbox 278 2772 491 2834; x_wconf 72' lang='lat' dir='ltr'>nilestbeima.</span> 
     </span>
    </p>
   </div>
   <div class='ocr_carea' id='block_1_5' title="bbox 322 2870 1364 2950">
    <p class='ocr_par' dir='ltr' id='par_1_5' title="bbox 322 2870 1364 2950">
     <span class='ocr_line' id='line_1_22' title="bbox 322 2870 1364 2950; baseline -0.005 -15"><span class='ocrx_word' id='word_1_176' title='bbox 322 2874 357 2935; x_wconf 82' lang='lat'>3⁰</span> <span class='ocrx_word' id='word_1_177' title='bbox 368 2872 493 2935; x_wconf 79' lang='lat' dir='ltr'>Ehamsi</span> <span class='ocrx_word' id='word_1_178' title='bbox 506 2871 561 2933; x_wconf 85' lang='lat' dir='ltr'>illa</span> <span class='ocrx_word' id='word_1_179' title='bbox 574 2876 674 2950; x_wconf 89' lang='lat' dir='ltr'>posset</span> <span class='ocrx_word' id='word_1_180' title='bbox 685 2871 824 2948; x_wconf 90' lang='lat' dir='ltr'>cognosci</span> <span class='ocrx_word' id='word_1_181' title='bbox 838 2886 873 2932; x_wconf 89' lang='lat' dir='ltr'>ac</span> <span class='ocrx_word' id='word_1_182' title='bbox 883 2875 963 2932; x_wconf 87' lang='lat' dir='ltr'>corta</span> <span class='ocrx_word' id='word_1_183' title='bbox 976 2870 1054 2947; x_wconf 87' lang='lat' dir='ltr'>lieri,</span> <span class='ocrx_word' id='word_1_184' title='bbox 1068 2876 1148 2932; x_wconf 85' lang='lat' dir='ltr'>esset</span> <span class='ocrx_word' id='word_1_185' title='bbox 1163 2877 1262 2932; x_wconf 73' lang='lat' dir='ltr'>umen</span> <span class='ocrx_word' id='word_1_186' title='bbox 1278 2887 1364 2949; x_wconf 84' lang='lat' dir='ltr'>pror-</span> 
     </span>
    </p>
   </div>
   <div class='ocr_carea' id='block_1_6' title="bbox 179 2969 1366 3351">
    <p class='ocr_par' dir='ltr' id='par_1_6' title="bbox 179 2969 1366 3351">
     <span class='ocr_line' id='line_1_23' title="bbox 279 2969 1366 3052; baseline -0.006 -16"><span class='ocrx_word' id='word_1_187' title='bbox 279 2991 338 3037; x_wconf 88' lang='lat' dir='ltr'>sus</span> <span class='ocrx_word' id='word_1_188' title='bbox 350 2973 541 3052; x_wconf 88' lang='lat' dir='ltr'>ineptissima</span> <span class='ocrx_word' id='word_1_189' title='bbox 550 2971 587 3032; x_wconf 87' lang='lat' dir='ltr'>ad</span> <span class='ocrx_word' id='word_1_190' title='bbox 602 2970 797 3033; x_wconf 73' lang='lat' dir='ltr'>christianam</span> <span class='ocrx_word' id='word_1_191' title='bbox 809 2987 875 3032; x_wconf 86' lang='lat' dir='ltr'>rem</span> <span class='ocrx_word' id='word_1_192' title='bbox 888 2969 1041 3050; x_wconf 83' lang='lat' dir='ltr'>publicam</span> <span class='ocrx_word' id='word_1_193' title='bbox 1060 2970 1296 3047; x_wconf 81' lang='lat' dir='ltr'>gubernandam.</span> <span class='ocrx_word' id='word_1_194' title='bbox 1309 2971 1366 3030; x_wconf 84' lang='lat' dir='ltr'>hc·</span> 
     </span>
     <span class='ocr_line' id='line_1_24' title="bbox 179 3069 1366 3159; baseline -0.009 -22"><span class='ocrx_word' id='word_1_195' title='bbox 179 3150 181 3159; x_wconf 19' lang='lat' dir='ltr'>y</span> <span class='ocrx_word' id='word_1_196' title='bbox 278 3078 324 3138; x_wconf 93' lang='lat' dir='ltr'>tio</span> <span class='ocrx_word' id='word_1_197' title='bbox 343 3089 478 3152; x_wconf 85' lang='lat' dir='ltr'>namque</span> <span class='ocrx_word' id='word_1_198' title='bbox 500 3071 697 3151; x_wconf 76' lang='lat' dir='ltr'>gubernatisa</span> <span class='ocrx_word' id='word_1_199' title='bbox 714 3071 803 3132; x_wconf 81' lang='lat' dir='ltr'>debet</span> <span class='ocrx_word' id='word_1_200' title='bbox 824 3075 853 3131; x_wconf 79' lang='lat'>1⁰</span> <span class='ocrx_word' id='word_1_201' title='bbox 870 3069 908 3132; x_wconf 84' lang='lat' dir='ltr'>ad</span> <span class='ocrx_word' id='word_1_202' title='bbox 929 3087 977 3132; x_wconf 87' lang='lat' dir='ltr'>res</span> <span class='ocrx_word' id='word_1_203' title='bbox 996 3085 1088 3150; x_wconf 90' lang='lat' dir='ltr'>quam</span> <span class='ocrx_word' id='word_1_204' title='bbox 1109 3070 1268 3148; x_wconf 85' lang='lat' dir='ltr'>plurimas,</span> <span class='ocrx_word' id='word_1_205' title='bbox 1287 3071 1319 3128; x_wconf 74' lang='lat'>2·</span> <span class='ocrx_word' id='word_1_206' title='bbox 1333 3069 1366 3127; x_wconf 88' lang='lat' dir='ltr'>in</span> 
     </span>
     <span class='ocr_line' id='line_1_25' title="bbox 179 3167 1366 3257; baseline -0.009 -21"><span class='ocrx_word' id='word_1_207' title='bbox 179 3182 180 3257; x_wconf 84' lang='lat'><em>]</em></span> <span class='ocrx_word' id='word_1_208' title='bbox 277 3173 405 3252; x_wconf 86' lang='lat' dir='ltr'>singula</span> <span class='ocrx_word' id='word_1_209' title='bbox 425 3171 643 3253; x_wconf 86' lang='lat' dir='ltr'>propemodum</span> <span class='ocrx_word' id='word_1_210' title='bbox 665 3171 807 3249; x_wconf 87' lang='lat' dir='ltr'>temporis</span> <span class='ocrx_word' id='word_1_211' title='bbox 827 3175 950 3249; x_wconf 89' lang='lat' dir='ltr'>puncta,</span> <span class='ocrx_word' id='word_1_212' title='bbox 974 3171 1005 3232; x_wconf 80' lang='lat'>3·</span> <span class='ocrx_word' id='word_1_213' title='bbox 1022 3175 1159 3248; x_wconf 88' lang='lat' dir='ltr'>prompte</span> <span class='ocrx_word' id='word_1_214' title='bbox 1178 3184 1212 3229; x_wconf 88' lang='lat' dir='ltr'>ac</span> <span class='ocrx_word' id='word_1_215' title='bbox 1232 3167 1366 3228; x_wconf 83' lang='lat' dir='ltr'>celeritas</span> 
     </span>
     <span class='ocr_line' id='line_1_26' title="bbox 179 3258 1364 3351; baseline -0.009 -15"><span class='ocrx_word' id='word_1_216' title='bbox 179 3258 181 3273; x_wconf 70' lang='grc'><strong><em>’</em></strong></span> <span class='ocrx_word' id='word_1_217' title='bbox 277 3269 754 3351; x_wconf 61' lang='lat' dir='ltr'>&amp;condatiscenimpersimilts</span> <span class='ocrx_word' id='word_1_218' title='bbox 764 3271 874 3334; x_wconf 84' lang='lat' dir='ltr'>anima</span> <span class='ocrx_word' id='word_1_219' title='bbox 884 3270 918 3330; x_wconf 93' lang='lat' dir='ltr'>in</span> <span class='ocrx_word' id='word_1_220' title='bbox 929 3268 1232 3348; x_wconf 86' lang='lat' dir='ltr'>humauocomposito</span> <span class='ocrx_word' id='word_1_221' title='bbox 1242 3267 1307 3342; x_wconf 70' lang='lat' dir='ltr'>(lib.</span> <span class='ocrx_word' id='word_1_222' title='bbox 1319 3283 1364 3341; x_wconf 79' lang='lat' dir='ltr'>iv,</span> 
     </span>
    </p>
   </div>
   <div class='ocr_carea' id='block_1_7' title="bbox 179 3364 1478 3453">
    <p class='ocr_par' dir='ltr' id='par_1_7' title="bbox 179 3364 1478 3453">
     <span class='ocr_line' id='line_1_27' title="bbox 179 3364 1478 3453; baseline -0.009 -18"><span class='ocrx_word' id='word_1_223' title='bbox 179 3386 180 3391; x_wconf 74' lang='grc'>’</span> <span class='ocrx_word' id='word_1_224' title='bbox 278 3390 349 3453; x_wconf 86' lang='lat' dir='ltr'>cap.</span> <span class='ocrx_word' id='word_1_225' title='bbox 365 3372 410 3449; x_wconf 76' lang='lat' dir='ltr'>l),</span> <span class='ocrx_word' id='word_1_226' title='bbox 430 3372 665 3450; x_wconf 80' lang='lat' dir='ltr'>quaincorpus</span> <span class='ocrx_word' id='word_1_227' title='bbox 685 3369 748 3447; x_wconf 90' lang='lat' dir='ltr'>egit</span> <span class='ocrx_word' id='word_1_228' title='bbox 767 3375 920 3450; x_wconf 80' lang='lat' dir='ltr'>perpetuo,</span> <span class='ocrx_word' id='word_1_229' title='bbox 942 3375 1090 3449; x_wconf 83' lang='lat' dir='ltr'>prompte,</span> <span class='ocrx_word' id='word_1_230' title='bbox 1109 3364 1283 3446; x_wconf 77' lang='lat' dir='ltr'>iarisgulis</span> <span class='ocrx_word' id='word_1_231' title='bbox 1300 3364 1365 3444; x_wconf 76' lang='lat' dir='ltr'>ejas</span> <span class='ocrx_word' id='word_1_232' title='bbox 1477 3381 1478 3386; x_wconf 46' lang='lat'>¹</span> 
     </span>
    </p>
   </div>
   <div class='ocr_carea' id='block_1_8' title="bbox 181 3464 1367 4766">
    <p class='ocr_par' dir='ltr' id='par_1_8' title="bbox 181 3464 1364 4054">
     <span class='ocr_line' id='line_1_28' title="bbox 278 3464 1364 3550; baseline -0.012 -14"><span class='ocrx_word' id='word_1_233' title='bbox 278 3470 451 3536; x_wconf 68' lang='lat' dir='ltr'>mamacas.</span> <span class='ocrx_word' id='word_1_234' title='bbox 468 3471 591 3548; x_wconf 83' lang='lat' dir='ltr'>idcirco,</span> <span class='ocrx_word' id='word_1_235' title='bbox 605 3470 658 3531; x_wconf 93' lang='lat' dir='ltr'>ubi</span> <span class='ocrx_word' id='word_1_236' title='bbox 676 3486 803 3548; x_wconf 81' lang='lat' dir='ltr'>persona</span> <span class='ocrx_word' id='word_1_237' title='bbox 824 3469 1027 3550; x_wconf 86' lang='lat' dir='ltr'>principatum</span> <span class='ocrx_word' id='word_1_238' title='bbox 1050 3465 1206 3548; x_wconf 82' lang='lat' dir='ltr'>possidens</span> <span class='ocrx_word' id='word_1_239' title='bbox 1226 3464 1364 3544; x_wconf 88' lang='lat' dir='ltr'>pluribus</span> 
     </span>
     <span class='ocr_line' id='line_1_29' title="bbox 181 3558 1361 3647; baseline -0.01 -10"><span class='ocrx_word' id='word_1_240' title='bbox 181 3582 182 3591; x_wconf 77' lang='grc'>’</span> <span class='ocrx_word' id='word_1_241' title='bbox 279 3573 449 3636; x_wconf 76' lang='lat' dir='ltr'>indiuiduis</span> <span class='ocrx_word' id='word_1_242' title='bbox 470 3577 596 3647; x_wconf 87' lang='lat' dir='ltr'>constat,</span> <span class='ocrx_word' id='word_1_243' title='bbox 616 3571 783 3633; x_wconf 86' lang='lat' dir='ltr'>necessaria</span> <span class='ocrx_word' id='word_1_244' title='bbox 804 3575 850 3631; x_wconf 90' lang='lat' dir='ltr'>est</span> <span class='ocrx_word' id='word_1_245' title='bbox 870 3587 977 3632; x_wconf 80' lang='lat' dir='ltr'>sonim</span> <span class='ocrx_word' id='word_1_246' title='bbox 998 3558 1198 3634; x_wconf 74' lang='lat' dir='ltr'>coexistentia</span> <span class='ocrx_word' id='word_1_247' title='bbox 1209 3566 1361 3629; x_wconf 83' lang='lat' dir='ltr'>moraliter</span> 
     </span>
     <span class='ocr_line' id='line_1_30' title="bbox 181 3654 1364 3758; baseline -0.011 -19"><span class='ocrx_word' id='word_1_248' title='bbox 181 3654 182 3661; x_wconf 7' lang='grc' dir='ltr'>ἵ</span> <span class='ocrx_word' id='word_1_249' title='bbox 278 3683 438 3758; x_wconf 87' lang='lat' dir='ltr'>perpetua,</span> <span class='ocrx_word' id='word_1_250' title='bbox 452 3675 521 3736; x_wconf 87' lang='lat' dir='ltr'>telis</span> <span class='ocrx_word' id='word_1_251' title='bbox 540 3673 699 3748; x_wconf 83' lang='lat' dir='ltr'>videlicet,</span> <span class='ocrx_word' id='word_1_252' title='bbox 714 3677 789 3733; x_wconf 90' lang='lat' dir='ltr'>utet</span> <span class='ocrx_word' id='word_1_253' title='bbox 802 3671 936 3750; x_wconf 82' lang='lat' dir='ltr'>quotidie</span> <span class='ocrx_word' id='word_1_254' title='bbox 951 3671 1004 3732; x_wconf 90' lang='lat' dir='ltr'>illa</span> <span class='ocrx_word' id='word_1_255' title='bbox 1017 3675 1193 3748; x_wconf 82' lang='lat' dir='ltr'>congregata</span> <span class='ocrx_word' id='word_1_256' title='bbox 1207 3667 1316 3741; x_wconf 86' lang='lat' dir='ltr'>atlsint,</span> <span class='ocrx_word' id='word_1_257' title='bbox 1333 3674 1364 3728; x_wconf 92' lang='lat' dir='ltr'>et</span> 
     </span>
     <span class='ocr_line' id='line_1_31' title="bbox 278 3766 1359 3855; baseline -0.012 -17"><span class='ocrx_word' id='word_1_258' title='bbox 278 3775 405 3855; x_wconf 85' lang='lat' dir='ltr'>quando</span> <span class='ocrx_word' id='word_1_259' title='bbox 426 3773 614 3849; x_wconf 87' lang='lat' dir='ltr'>recesserint,</span> <span class='ocrx_word' id='word_1_260' title='bbox 638 3772 754 3851; x_wconf 79' lang='lat' dir='ltr'>possint</span> <span class='ocrx_word' id='word_1_261' title='bbox 774 3772 874 3852; x_wconf 79' lang='lat' dir='ltr'>prium</span> <span class='ocrx_word' id='word_1_262' title='bbox 897 3785 1018 3848; x_wconf 86' lang='lat' dir='ltr'>quoque</span> <span class='ocrx_word' id='word_1_263' title='bbox 1039 3777 1171 3848; x_wconf 86' lang='lat' dir='ltr'>tempore</span> <span class='ocrx_word' id='word_1_264' title='bbox 1192 3766 1359 3828; x_wconf 82' lang='lat' dir='ltr'>conuocari.</span> 
     </span>
     <span class='ocr_line' id='line_1_32' title="bbox 279 3863 1363 3953; baseline -0.015 -15"><span class='ocrx_word' id='word_1_265' title='bbox 279 3877 376 3953; x_wconf 79' lang='lat' dir='ltr'>htqui</span> <span class='ocrx_word' id='word_1_266' title='bbox 391 3874 516 3937; x_wconf 83' lang='lat' dir='ltr'>evidens</span> <span class='ocrx_word' id='word_1_267' title='bbox 530 3878 576 3933; x_wconf 83' lang='lat' dir='ltr'>est</span> <span class='ocrx_word' id='word_1_268' title='bbox 586 3871 665 3931; x_wconf 90' lang='lat' dir='ltr'>nihil</span> <span class='ocrx_word' id='word_1_269' title='bbox 679 3869 789 3932; x_wconf 79' lang='lat' dir='ltr'>honam</span> <span class='ocrx_word' id='word_1_270' title='bbox 802 3885 890 3950; x_wconf 82' lang='lat' dir='ltr'>posse</span> <span class='ocrx_word' id='word_1_271' title='bbox 904 3867 1035 3947; x_wconf 77' lang='lat' dir='ltr'>prestari</span> <span class='ocrx_word' id='word_1_272' title='bbox 1048 3884 1066 3928; x_wconf 91' lang='lat' dir='ltr'>a</span> <span class='ocrx_word' id='word_1_273' title='bbox 1080 3863 1275 3928; x_wconf 86' lang='lat' dir='ltr'>multitudine</span> <span class='ocrx_word' id='word_1_274' title='bbox 1291 3863 1363 3943; x_wconf 78' lang='lat' dir='ltr'>Epi·</span> 
     </span>
     <span class='ocr_line' id='line_1_33' title="bbox 279 3972 776 4054; baseline -0.014 -16"><span class='ocrx_word' id='word_1_275' title='bbox 279 3991 443 4054; x_wconf 83' lang='lat' dir='ltr'>scoparum</span> <span class='ocrx_word' id='word_1_276' title='bbox 455 3972 599 4052; x_wconf 87' lang='lat' dir='ltr'>dispersa.</span> <span class='ocrx_word' id='word_1_277' title='bbox 614 3972 704 4049; x_wconf 81' lang='lat' dir='ltr'>Ergo,</span> <span class='ocrx_word' id='word_1_278' title='bbox 719 3975 776 4031; x_wconf 89' lang='lat' dir='ltr'>etc.</span> 
     </span>
    </p>

    <p class='ocr_par' dir='ltr' id='par_1_9' title="bbox 279 4059 1367 4766">
     <span class='ocr_line' id='line_1_34' title="bbox 320 4059 1361 4158; baseline -0.014 -20"><span class='ocrx_word' id='word_1_279' title='bbox 320 4077 356 4138; x_wconf 79' lang='lat'>4⁰</span> <span class='ocrx_word' id='word_1_280' title='bbox 378 4075 515 4158; x_wconf 80' lang='lat' dir='ltr'>Episcopi</span> <span class='ocrx_word' id='word_1_281' title='bbox 534 4088 640 4135; x_wconf 91' lang='lat' dir='ltr'>omnes</span> <span class='ocrx_word' id='word_1_282' title='bbox 658 4076 688 4133; x_wconf 89' lang='lat' dir='ltr'>et</span> <span class='ocrx_word' id='word_1_283' title='bbox 707 4068 820 4147; x_wconf 83' lang='lat' dir='ltr'>singuli</span> <span class='ocrx_word' id='word_1_284' title='bbox 839 4074 911 4132; x_wconf 90' lang='lat' dir='ltr'>sunt</span> <span class='ocrx_word' id='word_1_285' title='bbox 924 4067 993 4146; x_wconf 89' lang='lat' dir='ltr'>agui</span> <span class='ocrx_word' id='word_1_286' title='bbox 1015 4073 1045 4128; x_wconf 89' lang='lat' dir='ltr'>et</span> <span class='ocrx_word' id='word_1_287' title='bbox 1061 4081 1130 4128; x_wconf 86' lang='lat' dir='ltr'>oses</span> <span class='ocrx_word' id='word_1_288' title='bbox 1142 4059 1262 4126; x_wconf 80' lang='lat' dir='ltr'>Christi.</span> <span class='ocrx_word' id='word_1_289' title='bbox 1284 4063 1361 4138; x_wconf 83' lang='lat' dir='ltr'>Ergo</span> 
     </span>
     <span class='ocr_line' id='line_1_35' title="bbox 280 4161 1363 4247; baseline -0.019 -7"><span class='ocrx_word' id='word_1_290' title='bbox 280 4178 433 4241; x_wconf 79' lang='lat' dir='ltr'>debente</span> <span class='ocrx_word' id='word_1_291' title='bbox 456 4176 542 4236; x_wconf 82' lang='lat' dir='ltr'>Petro</span> <span class='ocrx_word' id='word_1_292' title='bbox 565 4187 672 4233; x_wconf 85' lang='lat' dir='ltr'>omnes</span> <span class='ocrx_word' id='word_1_293' title='bbox 699 4177 728 4231; x_wconf 86' lang='lat' dir='ltr'>et</span> <span class='ocrx_word' id='word_1_294' title='bbox 755 4167 869 4247; x_wconf 80' lang='lat' dir='ltr'>singuli</span> <span class='ocrx_word' id='word_1_295' title='bbox 897 4167 996 4229; x_wconf 81' lang='lat' dir='ltr'>‹loceri</span> <span class='ocrx_word' id='word_1_296' title='bbox 1019 4171 1049 4228; x_wconf 89' lang='lat' dir='ltr'>et</span> <span class='ocrx_word' id='word_1_297' title='bbox 1068 4162 1229 4244; x_wconf 87' lang='lat' dir='ltr'>gubernari</span> <span class='ocrx_word' id='word_1_298' title='bbox 1248 4178 1256 4218; x_wconf 79' lang='grc' dir='ltr'><em>τ</em></span> <span class='ocrx_word' id='word_1_299' title='bbox 1278 4161 1363 4221; x_wconf 82' lang='lat' dir='ltr'>Petro</span> 
     </span>
     <span class='ocr_line' id='line_1_36' title="bbox 280 4272 1365 4357; baseline -0.019 -16"><span class='ocrx_word' id='word_1_300' title='bbox 280 4295 418 4357; x_wconf 86' lang='lat' dir='ltr'>namque</span> <span class='ocrx_word' id='word_1_301' title='bbox 439 4275 577 4338; x_wconf 85' lang='lat' dir='ltr'>Christus</span> <span class='ocrx_word' id='word_1_302' title='bbox 599 4272 747 4335; x_wconf 81' lang='lat' dir='ltr'>Dominus</span> <span class='ocrx_word' id='word_1_303' title='bbox 771 4285 877 4332; x_wconf 89' lang='lat' dir='ltr'>omnes</span> <span class='ocrx_word' id='word_1_304' title='bbox 894 4286 966 4331; x_wconf 92' lang='lat' dir='ltr'>suos</span> <span class='ocrx_word' id='word_1_305' title='bbox 990 4283 1094 4346; x_wconf 85' lang='lat' dir='ltr'>eguus,</span> <span class='ocrx_word' id='word_1_306' title='bbox 1108 4277 1273 4342; x_wconf 86' lang='lat' dir='ltr'>omnesque</span> <span class='ocrx_word' id='word_1_307' title='bbox 1294 4275 1365 4322; x_wconf 54' lang='lat' dir='ltr'>oseis</span> 
     </span>
     <span class='ocr_line' id='line_1_37' title="bbox 280 4365 1365 4460; baseline -0.016 -22"><span class='ocrx_word' id='word_1_308' title='bbox 280 4376 450 4460; x_wconf 77' lang='lat' dir='ltr'>pamendas</span> <span class='ocrx_word' id='word_1_309' title='bbox 460 4373 591 4452; x_wconf 88' lang='lat' dir='ltr'>tradidit,</span> <span class='ocrx_word' id='word_1_310' title='bbox 600 4372 747 4433; x_wconf 89' lang='lat' dir='ltr'>nimirum</span> <span class='ocrx_word' id='word_1_311' title='bbox 758 4368 909 4431; x_wconf 74' lang='lat' dir='ltr'>domabas</span> <span class='ocrx_word' id='word_1_312' title='bbox 919 4365 1173 4446; x_wconf 84' lang='lat' dir='ltr'>etgubcrnandas.</span> <span class='ocrx_word' id='word_1_313' title='bbox 1182 4366 1256 4425; x_wconf 87' lang='lat' dir='ltr'>Nam</span> <span class='ocrx_word' id='word_1_314' title='bbox 1266 4367 1365 4442; x_wconf 87' lang='lat' dir='ltr'>pastor</span> 
     </span>
     <span class='ocr_line' id='line_1_38' title="bbox 281 4461 1366 4556; baseline -0.02 -13"><span class='ocrx_word' id='word_1_315' title='bbox 281 4485 316 4542; x_wconf 87' lang='lat' dir='ltr'>in</span> <span class='ocrx_word' id='word_1_316' title='bbox 325 4494 399 4543; x_wconf 80' lang='lat' dir='ltr'>sasas</span> <span class='ocrx_word' id='word_1_317' title='bbox 413 4493 483 4540; x_wconf 84' lang='lat' dir='ltr'>oves</span> <span class='ocrx_word' id='word_1_318' title='bbox 495 4475 622 4556; x_wconf 90' lang='lat' dir='ltr'>plenum</span> <span class='ocrx_word' id='word_1_319' title='bbox 636 4471 803 4548; x_wconf 74' lang='lat' dir='ltr'>hebetius,</span> <span class='ocrx_word' id='word_1_320' title='bbox 817 4469 1013 4547; x_wconf 73' lang='lat' dir='ltr'>stmctumque</span> <span class='ocrx_word' id='word_1_321' title='bbox 1022 4465 1155 4529; x_wconf 86' lang='lat' dir='ltr'>officium</span> <span class='ocrx_word' id='word_1_322' title='bbox 1168 4479 1272 4526; x_wconf 88' lang='lat' dir='ltr'>eorum</span> <span class='ocrx_word' id='word_1_323' title='bbox 1287 4461 1366 4523; x_wconf 91' lang='lat' dir='ltr'>bono</span> 
     </span>
     <span class='ocr_line' id='line_1_39' title="bbox 279 4560 1366 4656; baseline -0.021 -12"><span class='ocrx_word' id='word_1_324' title='bbox 279 4577 464 4644; x_wconf 87' lang='lat' dir='ltr'>consulendi</span> <span class='ocrx_word' id='word_1_325' title='bbox 476 4573 640 4656; x_wconf 65' lang='lat' dir='ltr'>efficaciter.</span> <span class='ocrx_word' id='word_1_326' title='bbox 657 4572 746 4650; x_wconf 76' lang='lat' dir='ltr'>Atqui</span> <span class='ocrx_word' id='word_1_327' title='bbox 760 4571 876 4631; x_wconf 90' lang='lat' dir='ltr'>honum</span> <span class='ocrx_word' id='word_1_328' title='bbox 902 4569 1003 4630; x_wconf 81' lang='lat' dir='ltr'>ovium</span> <span class='ocrx_word' id='word_1_329' title='bbox 1017 4567 1127 4630; x_wconf 84' lang='lat' dir='ltr'>Christi</span> <span class='ocrx_word' id='word_1_330' title='bbox 1146 4571 1191 4627; x_wconf 88' lang='lat' dir='ltr'>est</span> <span class='ocrx_word' id='word_1_331' title='bbox 1203 4560 1318 4625; x_wconf 74' lang='lat' dir='ltr'>mam</span> <span class='ocrx_word' id='word_1_332' title='bbox 1337 4565 1366 4621; x_wconf 90' lang='lat' dir='ltr'>et</span> 
     </span>
     <span class='ocr_line' id='line_1_40' title="bbox 280 4665 1367 4766; baseline -0.021 -20"><span class='ocrx_word' id='word_1_333' title='bbox 280 4685 458 4766; x_wconf 74' lang='lat' dir='ltr'>saoerequa</span> <span class='ocrx_word' id='word_1_334' title='bbox 465 4677 612 4740; x_wconf 63' lang='lat' dir='ltr'>muninus</span> <span class='ocrx_word' id='word_1_335' title='bbox 620 4671 719 4734; x_wconf 79' lang='lat' dir='ltr'>decuit</span> <span class='ocrx_word' id='word_1_336' title='bbox 730 4688 764 4733; x_wconf 89' lang='lat' dir='ltr'>ac</span> <span class='ocrx_word' id='word_1_337' title='bbox 772 4671 932 4751; x_wconf 78' lang='lat' dir='ltr'>pracepit.</span> <span class='ocrx_word' id='word_1_338' title='bbox 940 4671 1017 4745; x_wconf 80' lang='lat' dir='ltr'>Ergo</span> <span class='ocrx_word' id='word_1_339' title='bbox 1023 4669 1128 4728; x_wconf 81' lang='lat' dir='ltr'>Pastor</span> <span class='ocrx_word' id='word_1_340' title='bbox 1135 4665 1367 4727; x_wconf 81' lang='lat' dir='ltr'>christianorum</span> 
     </span>
    </p>
   </div>
   <div class='ocr_carea' id='block_1_9' title="bbox 280 4759 1368 4943">
    <p class='ocr_par' dir='ltr' id='par_1_10' title="bbox 280 4759 1368 4943">
     <span class='ocr_line' id='line_1_41' title="bbox 280 4759 1368 4926; baseline -0.027 -76"><span class='ocrx_word' id='word_1_341' title='bbox 280 4781 471 4850; x_wconf 84' lang='lat' dir='ltr'>Universalis</span> <span class='ocrx_word' id='word_1_342' title='bbox 484 4781 538 4855; x_wconf 84' lang='lat' dir='ltr'>jus</span> <span class='ocrx_word' id='word_1_343' title='bbox 551 4775 747 4854; x_wconf 83' lang='lat' dir='ltr'>officiumque</span> <span class='ocrx_word' id='word_1_344' title='bbox 766 4771 859 4832; x_wconf 91' lang='lat' dir='ltr'>habet</span> <span class='ocrx_word' id='word_1_345' title='bbox 882 4766 1044 4831; x_wconf 84' lang='lat' dir='ltr'>efficaciter</span> <span class='ocrx_word' id='word_1_346' title='bbox 1068 4764 1216 4926; x_wconf 48' lang='lat' dir='ltr'>dirigsptii</span> <span class='ocrx_word' id='word_1_347' title='bbox 1229 4759 1320 4846; x_wconf 70' lang='lat' dir='ltr'>fidem</span> <span class='ocrx_word' id='word_1_348' title='bbox 1338 4765 1368 4822; x_wconf 93' lang='lat' dir='ltr'>et</span> 
     </span>
     <span class='ocr_line' id='line_1_42' title="bbox 409 4896 443 4943; baseline -0.059 0"><span class='ocrx_word' id='word_1_349' title='bbox 409 4896 443 4943; x_wconf 87' lang='grc' dir='ltr'>ιι.</span> 
     </span>
    </p>
   </div>
   <div class='ocr_carea' id='block_1_10' title="bbox 0 0 1803 5675">
    <p class='ocr_par' dir='ltr' id='par_1_11' title="bbox 0 0 1803 5675">
     <span class='ocr_line' id='line_1_43' title="bbox 0 0 1803 5675; baseline 0 0"><span class='ocrx_word' id='word_1_350' title='bbox 0 0 1803 5675; x_wconf 95' lang='lat' dir='ltr'> </span> 
     </span>
    </p>
   </div>
  </div>
 </body>
</html>
