3559 5675
587 756 697 804 surnra.
723 754 865 803 -atasa
885 752 1032 813 suminus,
1304 740 1343 819 bb

258 862 485 941 etquicunque
500 862 608 938 velint,
623 864 705 925 adire
717 862 792 923 illud
806 865 930 943 possint.
948 864 1060 935 Omnes
1074 868 1173 929 autom
1188 872 1216 927 et
1230 864 1343 943 singuli

257 964 402 1025 homines
417 963 532 1023 multas
547 963 660 1037 habent
675 964 751 1023 alias
762 964 921 1037 ,naturales
941 964 1135 1043 aptitudines,
1150 982 1225 1043 quas
1239 982 1344 1029 omnes

258 1078 399 1123 exercere
420 1071 511 1140 atque
533 1063 669 1123 evolvere
692 1063 824 1141 protecto
842 1068 1010 1144 nequeunt,
1035 1070 1070 1123 ut
1086 1066 1153 1142 jam
1175 1067 1343 1129 noudmns

258 1162 339 1223 libro
352 1166 378 1223 l·
391 1162 468 1239 (tt).
486 1165 576 1239 Ergo,
590 1149 646 1225 etc.

299 1265 339 1323 ll.
357 1263 472 1325 Omnia
482 1262 560 1339 logie
573 1262 718 1323 naturalis
729 1269 876 1343 praecepta
889 1279 961 1339 erga
975 1264 1108 1343 seipsum
1122 1265 1233 1343 optime
1247 1270 1344 1345 potest

258 1362 400 1423 bernoin
413 1368 557 1442 perpetuo
571 1362 708 1423 cmlibatu
722 1362 887 1426 observare.
905 1363 1128 1424 Matrimonium
1143 1379 1273 1441 namque
1290 1379 1344 1425 nee

256 1460 294 1521 ad
314 1462 415 1523 vitam
428 1460 677 1531 conservandam,
693 1476 748 1521 noc
761 1459 798 1521 ad
819 1461 912 1521 animi
930 1461 1009 1521 vires
1023 1460 1216 1539 perficiendas
1229 1466 1273 1521 est
1286 1477 1342 1523 ne-

256 1563 440 1647 ceesarium,
456 1567 491 1623 ut
511 1562 583 1623 satis
601 1578 652 1640 per
665 1580 697 1623 se
718 1561 912 1634 manifestum
929 1566 984 1631 cst,
998 1567 1027 1621 et
1041 1562 1178 1639 sequenti
1195 1563 1342 1641 positione

256 1660 359 1721 insius
374 1658 562 1723 ostendetur.
578 1662 667 1737 Ergo,
682 1666 737 1721 ete.

296 1762 353 1821 ΙΙΙ.
370 1759 463 1823 Nullo
474 1760 574 1821 alieno
581 1762 652 1839 jura
662 1760 892 1821 matrimonium
906 1764 1002 1839 potest
1014 1758 1157 1823 omnibus
1168 1758 1344 1821 hominibus

258 1858 324 1919 lieri
339 1859 568 1937 obligatorium.
592 1862 665 1921 Nam
687 1858 745 1919 hoe
760 1863 825 1937 jus,
848 1859 874 1919 si
895 1860 1045 1937 existeret,
1069 1865 1147 1921 esset
1160 1859 1208 1921 rel
1231 1858 1344 1920 indivi-

260 1957 362 2028 duale,
376 1958 428 2017 vel
443 1956 564 2017 sociale.
579 1957 671 2035 Atqui
687 1960 717 2018 1⁰
728 1956 884 2018 individua
899 1957 930 2017 in
943 1958 1099 2021 communi
1113 1963 1227 2019 natura
1239 1956 1343 2021 ordino

261 2062 333 2119 suot
346 2075 401 2137 per
421 2073 455 2117 se
468 2056 612 2137 aqualia3
625 2064 655 2119 et
673 2059 902 2133 matrimonium
924 2064 969 2121 est
989 2060 1136 2121 institutio
1153 2059 1195 2130 ad,
1208 2076 1343 2121 commu·

261 2170 331 2217 nem
343 2162 460 2220 naturae
474 2155 612 2217 ordinem
624 2158 777 2237 pertinens
792 2171 919 2219 :omnes
934 2175 1067 2237 namque
1082 2158 1221 2219 homines
1235 2158 1342 2235 aequali

259 2256 327 2331 iure
339 2255 378 2315 ad
393 2256 624 2317 matrimonium
640 2256 818 2319 naturaliter
833 2258 1033 2319 destinantur.
1049 2260 1138 2335 Ergo,
1153 2258 1212 2319 nisi
1231 2257 1343 2321 lactum

269 2356 383 2432 aliquod
396 2355 604 2417 voluntarium
617 2358 820 2435 equalitatem
835 2358 919 2420 iliam
935 2358 1104 2419 enarratam
1121 2358 1294 2433 mutaverit,
1311 2359 1342 2417 in

272 2454 351 2516 nullo
364 2455 523 2517 individuo
542 2459 667 2519 existere
685 2465 783 2537 potest
793 2460 845 2535 jus
859 2458 1024 2537 maralana
1044 2473 1104 2537 quo
1122 2456 1250 2519 altemm
1266 2457 1343 2517 indi-

266 2554 386 2615 ridnum
408 2557 474 2633 rogi
496 2555 534 2616 ad
551 2558 778 2618 matrimonium
798 2557 902 2637 possit.
921 2558 950 2619 Si
971 2574 1041 2619 vero
1061 2557 1175 2619 lactum
1194 2556 1341 2635 ejusmodi

259 2654 380 2733 aliquod
399 2658 610 2717 uoluntarium
624 2658 833 2733 intercesserit,
851 2661 916 2735 jam
939 2656 1073 2719 officium
1091 2656 1217 2718 ineundi
1238 2658 1342 2717 matri-

261 2756 372 2832 monii,
387 2774 425 2819 er
443 2757 493 2817 tali
508 2757 587 2819 facto
598 2759 790 2835 proveniens,
805 2764 834 2819 et
848 2758 948 2839 ipsum
968 2758 1175 2820 voluntarium
1194 2762 1254 2837 cst;
1269 2757 1342 2835 quia

258 2857 399 2920 voluntas
415 2858 463 2920 illi
476 2859 751 2922 iactoeonscntieos
762 2859 959 2922 officioetiam
972 2877 1008 2920 ex
1017 2875 1052 2922 co
1065 2859 1141 2920 facto
1157 2859 1341 2938 provenienti

255 2961 421 3020 consensit

294 3054 331 3115 2⁰
345 3057 480 3120 Societas
491 3057 711 3138 debetquidem
722 3059 878 3120 individua
889 3059 1045 3120 existentia
1055 3057 1093 3118 ad
1107 3057 1215 3118 sociale
1226 3057 1342 3118 bonum

254 3157 421 3236 perducere
436 3177 446 3219 ι
460 3165 491 3218 at
512 3159 634 3220 nullum
650 3160 803 3236 hebetius
823 3158 946 3236 cogendi
964 3157 1059 3220 socios
1072 3157 1112 3218 ed
1131 3173 1208 3218 nova
1221 3157 1280 3216 alia
1296 3158 1328 3218 in

253 3256 382 3316 dividua
396 3258 595 3336 procreanda,
610 3259 690 3336 quod
704 3241 830 3322 interius
843 3275 879 3318 ex
895 3257 1027 3336 professo
1044 3257 1248 3336 probabimus.
1265 3257 1341 3334 Ergo

252 3357 428 3436 conjugalis
447 3359 601 3418 associatio
615 3365 658 3418 est
676 3376 798 3437 prorsus
821 3359 968 3419 immunis
989 3357 1027 3418 ab
1046 3358 1130 3418 ornni
1151 3355 1341 3420 antecedente

253 3458 442 3534 obligatione
455 3475 491 3518 ex
505 3463 589 3544 parte
602 3457 733 3520 aliorum
747 3459 917 3520 bominum.
936 3460 1025 3536 Ergo,
1038 3464 1092 3520 etc.

295 3557 367 3618 804.
387 3561 456 3618 Pos.
470 3559 555 3620 386¹.
572 3591 611 3606 -·
625 3563 787 3640 Perpetuus
804 3559 970 3630 carinatas,
983 3558 1100 3618 virtutis
1114 3573 1206 3630 causa
1220 3574 1340 3636 suscep

255 3664 317 3731 tus,
325 3658 523 3718 matrimonio
537 3676 590 3736 per
602 3677 634 3722 se
648 3659 839 3728 excellentior
853 3664 907 3720 est.

294 3760 394 3819 Ριοιι.
411 3791 444 3801 -
465 3759 496 3817 1ο
516 3759 616 3820 Status
629 3758 680 3820 itte
692 3761 760 3821 rita
771 3760 825 3836 qui
835 3757 1074 3838 praeclarissimis
1086 3755 1269 3834 quibusdam
1282 3756 1341 3816 rir-

255 3860 373 3921 tutibus
394 3859 569 3921 exercendis
589 3848 743 3924 obstacula
766 3859 981 3940 insuperabilia
1003 3858 1135 3938 opponit,
1151 3864 1195 3918 est
1209 3858 1341 3939 protecto

255 3961 360 4020 minus
372 3959 523 4022 excellens
537 3977 630 4038 quam
642 3961 703 4034 ille
726 3962 781 4038 qui
801 3961 911 4037 talium
931 3960 1076 4020 virtutum
1097 3958 1235 4018 exercitio
1256 3959 1339 4032 omni

254 4077 289 4120 ex
308 4065 396 4138 parte
414 4060 503 4120 taret.
517 4061 608 4138 Atqui
622 4062 861 4136 matrimonium,
875 4076 1060 4139 quamquam
1075 4059 1221 4119 Creatoris
1239 4058 1340 4120 inten-

257 4161 405 4234 tionibus,
419 4165 571 4239 qnateuus
591 4161 638 4222 bae
658 4161 696 4224 ed
718 4163 876 4242 plerosque
896 4159 1035 4222 homines
1057 4164 1201 4238 spectant,
1216 4159 1341 4220 omnino

254 4264 293 4322 sit
312 4261 484 4336 conforme,
498 4262 567 4323 aliis
581 4269 680 4324 tamen
695 4263 853 4328 altioribus
875 4261 1011 4340 oJ'usdem
1032 4259 1166 4322 consiliis
1179 4259 1216 4320 ad
1231 4275 1340 4338 paucos

254 4362 373 4440 aliquot
389 4362 531 4422 homines
545 4364 748 4443 spectantibus
762 4365 870 4425 obstat.

295 4463 396 4524 llariti
416 4478 551 4540 namque
574 4464 696 4544 plenam
718 4465 804 4525 illam
826 4461 1088 4542 independentiam
1112 4477 1180 4538 quae
1203 4461 1339 4522 animum

257 4561 292 4621 ad
306 4563 413 4624 omnia
427 4561 561 4642 pericula
576 4580 629 4641 pro
643 4566 746 4644 patria
758 4563 855 4624 salute
869 4561 1008 4622 meunda
1021 4565 1160 4639 paratum
1174 4557 1272 4636 efficit,
1284 4575 1341 4620 ne-

258 4664 388 4724 cessario
405 4663 574 4732 amiserunt
582 4678 593 4740 3
609 4665 755 4740 quianon
770 4663 874 4724 minus
892 4661 1014 4740 conjugi
1029 4667 1057 4720 et
1070 4659 1173 4720 liberis
1186 4677 1279 4737 quam
1292 4675 1342 4737 pa-

261 4763 323 4824 tria
334 4762 474 4825 subsidia
495 4762 615 4830 debent.
628 4764 758 4842 Uterque
772 4780 842 4824 vero
860 4764 979 4842 conjnx,
1006 4759 1138 4840 paternis
1151 4766 1181 4822 et
1195 4762 1338 4840 conjuga-
