3559 5675
411 688 472 751 ³12
817 707 897 753 ruere
917 706 1079 754 arruntius

412 810 449 871 ad
460 826 620 871 commune
629 812 777 873 societatis
788 812 911 872 bouum.
925 815 961 873 nt
972 812 1119 875 naturalis
1132 812 1262 875 evolutio
1275 814 1500 888 scaenaquc·
1587 851 1588 899 t

412 911 457 972 uti
471 926 634 972 numerum
647 912 796 973 sociorum
810 918 840 972 et
853 912 1043 992 publicorum
1062 928 1226 974 munerum
1243 913 1500 993 multiplicitatem
1587 904 1588 953 t

414 1019 515 1089 auget,
528 1012 570 1071 ita
586 1012 697 1073 minuit
710 1012 892 1091 primitivam
906 1011 1118 1090 impulsionem
1134 1011 1219 1073 illam
1238 1029 1301 1090 qua
1322 1013 1503 1090 gubernan-

415 1115 462 1171 tes
471 1109 509 1170 ad
522 1108 630 1172 sociale
642 1110 756 1171 bouum
766 1111 965 1187 querendum
982 1110 1190 1172 movebuntur.
1207 1114 1311 1189 ltaque
1324 1111 1446 1173 bonum
1461 1114 1504 1173 iu·

414 1207 566 1269 dividuale
590 1209 733 1288 principis
759 1207 950 1288 aliorumque
972 1209 1210 1287 gubernantium
1234 1211 1401 1289 a'publioo
1427 1212 1505 1273 bone

416 1307 562 1386 pauhtim
576 1308 771 1386 distinguitur
791 1309 833 1369 ita
851 1314 887 1369 ut
906 1309 927 1369 ii
938 1310 1005 1386 ianr
1025 1314 1177 1387 nequeant
1188 1308 1236 1371 vel
1249 1310 1348 1370 nolint
1362 1328 1439 1372 sues
1450 1312 1506 1372 icr-
1587 1316 1588 1323 ³

416 1414 506 1469 tunae
528 1408 566 1469 ad
586 1424 747 1470 commuue
769 1408 884 1470 bunum
908 1408 1090 1488 impendere.
1115 1410 1201 1470 ‘lunc
1221 1424 1292 1469 vero
1314 1415 1351 1471 ut
1371 1416 1505 1490 potestas

416 1508 587 1575 exsecutiva
595 1509 770 1571 necessariis
780 1508 924 1569 subsidiis
936 1508 1082 1570 instructa
1092 1510 1143 1582 sit,
1157 1508 1285 1588 petenda
1304 1508 1362 1569 illa
1377 1516 1503 1572 suntor
1587 1530 1588 1545 ¹

415 1608 563 1667 societatis
576 1608 749 1685 gubernatae
759 1607 879 1686 opibus,
901 1624 968 1685 quat
982 1606 1060 1668 nihil
1078 1614 1150 1669 sunt
1167 1606 1250 1668 aliud
1265 1622 1361 1685 quam
1381 1608 1501 1669 divitia·

417 1722 486 1766 rum
508 1705 739 1767 individualium
765 1707 1009 1779 summouere
1031 1706 1160 1786 amplior
1179 1723 1308 1785 queque
1326 1708 1459 1769 societas
1471 1708 1505 1769 ad

417 1806 528 1866 tributa
548 1806 676 1882 siugulis
697 1806 785 1867 sociis
807 1806 946 1885 impositu
967 1806 1121 1883 confugiat
1141 1806 1265 1867 demum
1285 1814 1418 1886 oportet.
1442 1810 1504 1869 lam

417 1904 532 1981 quibus
545 1903 694 1964 limitibus
712 1905 901 1964 continentur
914 1902 970 1965 hou
983 1906 1037 1979 jus
1053 1904 1234 1967 tribulorum
1254 1902 1386 1967 subditis
1408 1906 1504 1985 impo-

418 2002 601 2079 nendornm,
614 2004 702 2080 cujm
715 2003 842 2082 practica
861 2002 1019 2081 applicatio
1032 2002 1137 2065 multis
1157 2004 1329 2083 implicatur
1343 2001 1505 2064 difficulta-

419 2102 512 2179 tibus,
527 2102 750 2181 inspiciendum
764 2108 820 2165 est.

459 2201 549 2265 tout.
567 2206 636 2265 Poe,
650 2200 734 2265 5³5¹.
751 2204 813 2265 liar
831 2206 872 2263 1¹.
888 2234 928 2246 —-
940 2202 1064 2263 Tribnte
1078 2200 1208 2263 subditis
1221 2202 1379 2281 imponere
1393 2217 1457 2263 uon
1470 2202 1505 2262 li-

419 2310 475 2378 cet,
488 2303 546 2364 niei
561 2302 599 2365 ad
612 2318 773 2364 commune
787 2302 900 2363 bonum
922 2302 1089 2362 necessaria
1103 2306 1132 2363 et
1146 2300 1183 2361 ad
1195 2317 1394 2363 communem
1409 2320 1507 2363 nems-

419 2401 536 2462 eilatem
550 2402 779 2481 proportionata.

461 2502 556 2562 Paua.
572 2532 610 2547 -
625 2500 859 2562 ictusictus
874 2496 1048 2578 imponendi
1063 2496 1159 2558 oritur
1170 2514 1204 2557 ex
1219 2497 1396 2560 divitiarum
1409 2516 1509 2561 neces
1587 2580 1588 2583 Ἴ

421 2598 508 2659 ritate
520 2597 557 2660 ad
568 2613 732 2675 congruam
743 2598 807 2659 rim
818 2596 1015 2659 etcfficaciam
1030 2594 1166 2675 pulcanti
1179 2594 1358 2658 exsecutirer
1373 2596 1510 2659 tribuen-

420 2694 502 2773 dam,
514 2702 590 2758 etex
603 2698 775 2758 necessitate
793 2696 945 2775 potestatis
960 2694 1134 2755 exsecutirae
1155 2700 1184 2755 et
1196 2696 1293 2775 ipsius
1306 2698 1510 2758 exsecutionis

422 2795 459 2857 ad
481 2795 591 2859 sociale
608 2796 722 2858 bonum
736 2794 940 2858 efficiendum.
953 2796 1043 2872 Ergo,
1058 2799 1183 2856 eatenus
1197 2794 1298 2854 solum
1312 2793 1429 2856 tributa
1442 2795 1511 2857 licet

422 2899 595 2975 imponere,
621 2903 769 2976 qnatenus
788 2895 888 2957 illaad
905 2895 1053 2957 societatis
1066 2895 1182 2968 bonnm
1196 2893 1392 2956 efficiendum
1408 2910 1511 2959 necee-

421 2997 501 3056 saria
514 3002 597 3057 sunt.

462 3099 495 3156 2⁰
507 3098 561 3158 lus
576 3097 689 3157 tributa
700 3094 873 3174 imponendi
890 3093 981 3156 habet
999 3099 1127 3172 potestas
1147 3094 1317 3154 exsecutira
1328 3109 1366 3154 ex
1385 3094 1512 3171 obliga-

422 3187 501 3256 title
510 3211 572 3271 qua
583 3195 694 3256 subditi
709 3197 823 3274 quique
834 3198 974 3257 tenentur
984 3194 1134 3272 cooperari
1150 3193 1186 3254 ad
1201 3207 1364 3254 commune
1378 3193 1509 3254 bonum.

422 3295 512 3370 Ergo,
527 3293 647 3372 quande
663 3293 797 3356 subditos
807 3293 872 3354 hec
886 3291 1027 3369 obligatio
1037 3308 1099 3354 non
1114 3289 1284 3369 adstringit,
1297 3291 1425 3353 nullum
1441 3311 1514 3354 auc-

423 3391 533 3452 toritati
547 3391 706 3451 adtributa
720 3389 901 3472 imponenda
912 3391 964 3468 jus
977 3394 1032 3450 est.
1046 3391 1137 3466 Atqui
1152 3389 1268 3450 subditi
1285 3405 1349 3450 nnn
1367 3395 1512 3451 tenentur

423 3489 461 3550 de
473 3490 538 3548 suis
552 3487 678 3549 lortunis
690 3488 727 3549 ad
744 3505 904 3550 commune
918 3487 1032 3548 bonum
1052 3487 1255 3560 contribuere,
1276 3487 1335 3546 nisi
1357 3495 1512 3564 quatenns

424 3583 455 3646 id
479 3593 523 3646 est
546 3590 758 3649 neceesarium.
778 3589 872 3650 Nemo
895 3587 975 3648 enim
994 3590 1092 3665 potest
1111 3593 1195 3664 purte
1219 3585 1363 3662 quipiam
1382 3603 1512 3648 suorum

425 3685 672 3762 bonorumque
694 3687 826 3763 legitime
845 3683 988 3764 possidet,
1009 3683 1145 3762 spoliari,
1167 3683 1226 3743 nisi
1241 3683 1280 3744 nb
1301 3685 1514 3746 necessitatem

423 3781 555 3859 aliquam
565 3788 637 3863 jure
655 3787 769 3864 privato
782 3785 945 3846 fortiorem.
965 3783 1058 3859 igitur
1076 3781 1157 3860 quod
1177 3789 1321 3861 preterea
1341 3789 1460 3862 spectat
1477 3785 1512 3844 ad

422 3883 661 3945 commoditatem
672 3890 702 3946 et
713 3891 865 3959 ornatum,
885 3888 1011 3961 ponerint
1024 3881 1149 3960 quidem
1172 3881 1253 3942 ultro
1273 3883 1382 3960 priuati
1401 3883 1514 3944 desua

426 3983 551 4060 pecnnia
568 3983 645 4044 illud
659 3983 858 4060 contribuere,
879 3981 933 4042 ubi
951 3981 1035 4042 nulla
1049 3982 1223 4058 urgentiora
1235 3979 1335 4042 officia
1350 3982 1382 4042 id
1395 3989 1511 4053 veleut;

425 4080 476 4140 ned
490 4089 646 4158 nequeunt
657 4083 695 4142 ad
708 4082 784 4142 illud
799 4079 994 4142 tribuendum
1008 4079 1146 4158 obligari.
1165 4083 1256 4156 Ergo,
1271 4081 1391 4158 quinties
1405 4081 1445 4142 de
1464 4099 1515 4142 ne-

424 4183 559 4242 cessariis
576 4183 686 4258 agitur.
704 4187 800 4262 potest
818 4181 956 4259 princeps
976 4179 1087 4240 tributa
1105 4179 1376 4251 determinare;·at
1389 4181 1512 4259 quando

426 4277 523 4352 agitur
536 4280 573 4340 de
588 4281 625 4341 iis
644 4296 712 4356 quc
731 4281 768 4342 ad
787 4279 978 4341 commodum
996 4285 1026 4339 et
1043 4285 1184 4340 ornatum
1198 4281 1338 4357 attinent,
1360 4281 1510 4358 ejrrsmodi
1587 4327 1588 4368 ,

425 4375 537 4437 tribula
560 4381 588 4439 ei
609 4380 817 4440 tantummode
844 4377 1033 4439 subditorum
1057 4379 1134 4457 perti
1163 4379 1348 4457 imponenda
1372 4387 1457 4452 runt,
1481 4380 1529 4437 in

424 4489 557 4552 quorum
570 4478 731 4538 utilitatem
746 4478 799 4538 illa
810 4479 915 4540 cudere
934 4477 1073 4548 debeant,
1086 4482 1118 4538 et
1134 4485 1259 4540 catonus
1275 4479 1377 4540 solum
1399 4477 1511 4557 imponi
1587 4499 1588 4536 i

426 4581 563 4652 possunt,
577 4583 725 4653 quatenus
746 4578 808 4639 hae
827 4579 892 4658 ipsa
912 4576 1102 4639 subditorum
1127 4593 1195 4656 pars
1216 4578 1313 4640 libere
1335 4579 1509 4640 consentiit.

428 4674 629 4734 Necessarium
645 4683 743 4738 autem
758 4677 941 4738 censendum
961 4681 1004 4736 eet
1017 4677 1149 4737 societati
1170 4693 1229 4738 uon
1246 4693 1334 4740 secus
1352 4685 1441 4754 etque
1456 4676 1506 4734 in-
