3559 5675
550 729 659 775 suma.
682 724 716 759 ὲ.
743 728 825 773 errius
849 726 980 773 orciuos.
1249 714 1306 781 337

266 852 353 896 eorum
364 843 500 912 auctores,
516 835 613 894 statim
628 852 662 895 ac
678 833 776 895 delicti
792 834 872 892 tama
898 833 934 893 acl
948 834 1150 895 auctoritatem
1165 834 1307 913 defertur,

264 937 540 1014 comprehendantur,
556 936 834 1014 semperimpnnita
852 935 1038 1012 manehnn13
1054 936 1134 1013 quod
1159 938 1310 1001 evidenter

261 1038 405 1097 marimum
418 1036 576 1097 eversionis
597 1040 627 1096 et
647 1036 728 1096 exitii
746 1034 917 1115 periculum
937 1027 1069 1096 societati
1091 1039 1238 1101 universe
1261 1042 1310 1117 gi-

261 1144 357 1213 gneret.
370 1139 455 1212 lirgo,
467 1142 525 1197 etc.

290 1238 372 1297 Paua
384 1240 413 1296 2·
426 1252 512 1297 raas.
526 1266 567 1281 -·
580 1235 724 1297 llonticet
736 1233 1001 1314 comprehendere,
1017 1240 1105 1313 atque
1117 1237 1149 1299 in
1163 1252 1310 1300 carcerem

259 1337 384 1413 conjicere
406 1336 466 1396 nisi
491 1352 561 1395 eum
584 1335 638 1411 qui
660 1334 742 1411 gran
764 1333 868 1412 aliquo
893 1333 992 1395 delicti
1017 1334 1126 1397 indicio
1152 1339 1308 1415 premitur.

258 1436 358 1495 Etenim
369 1434 420 1495 ille
445 1450 538 1511 quem
557 1433 679 1493 nullum
701 1432 932 1494 iudicium·telis
946 1432 1046 1495 delicti
1061 1436 1171 1511 arguit,
1187 1439 1311 1499 omnino

258 1534 345 1592 macas
354 1534 390 1593 ab
402 1534 573 1593 auctoritate
586 1532 744 1593 habendus
757 1537 812 1593 est.
827 1534 865 1591 itt
877 1533 1017 1609 quisquis
1028 1534 1153 1594 omnino
1168 1535 1312 1597 innocens

257 1632 392 1695 hahemus
402 1639 458 1707 est,
473 1632 742 1711 nullapotcstjnre
756 1630 833 1692 allici
844 1646 935 1709 piena
950 1652 958 1691 ι
973 1633 1201 1712 comprehensio
1211 1643 1311 1697 autam

257 1747 283 1789 ae
294 1730 413 1793 detentio
426 1734 459 1793 in
471 1748 588 1793 carcere
601 1738 673 1791 sunt
686 1723 775 1810 piena
787 1730 977 1807 gravissima.
995 1733 1051 1792 Nec
1060 1733 1208 1794 societatis
1222 1738 1313 1798 tutela
1333 1754 1336 1761 ·

258 1830 397 1910 adoperto
415 1832 549 1911 postulat
562 1838 597 1891 ut
620 1831 682 1891 hac
703 1846 801 1908 poena,
824 1829 863 1890 ch
885 1830 997 1891 bonoim
1023 1832 1191 1910 publicum,
1214 1826 1313 1913 inipo-

257 1933 369 1992 caturci
390 1950 485 2011 quem
510 1932 631 1992 nullum
654 1948 743 2009 grace
766 1930 866 1992 delicti
889 1931 1035 1992 iudicium
1052 1934 1196 2010 coarguit.
1220 1936 1313 1998 Grave

256 2046 370 2108 namque
383 2033 534 2093 indicium
548 2048 690 2092 oocanms
712 2030 801 2104 illud,
815 2047 877 2107 qno
890 2031 1012 2091 innisus
1026 2034 1156 2110 quisquc
1170 2022 1313 2115 suspicari

256 2130 398 2206 prudenter
415 2138 514 2211 potest
540 2127 628 2189 illum
651 2129 807 2190 hominem
827 2128 923 2189 luisse
947 2130 1014 2207 ejus
1032 2128 1132 2192 delicti
1146 2142 1311 2197 auctorem.

255 2232 329 2307 loqui
345 2248 448 2311 corum
463 2230 503 2291 de
519 2246 649 2308 quornm
664 2235 748 2290 reatu
767 2228 900 2307 prudens
913 2228 1042 2307 suspicio
1056 2230 1140 2291 nulla
1156 2239 1211 2302 est.
1230 2250 1314 2293 com-

255 2328 468 2403 prehensionem
486 2328 577 2389 tutela
589 2328 737 2389 societatis
746 2343 939 2404 nequaquam
954 2328 1093 2406 postulet.
1108 2330 1138 2389 Si
1151 2331 1233 2393 enim
1245 2349 1316 2411 pru·

256 2428 343 2489 denter
353 2429 501 2510 suspicari
508 2433 637 2507 potestas
650 2426 817 2487 consecutiva
829 2441 890 2485 non
901 2432 995 2503 potest
1007 2425 1044 2485 ah
1056 2424 1104 2485 his
1113 2427 1312 2505 potiusquam

256 2528 285 2587 ah
295 2529 356 2589 aliis
369 2528 549 2592 hominihus
562 2527 706 2587 delictum
719 2526 813 2587 foisse
825 2527 1033 2597 commissum.
1055 2525 1140 2587 nulla
1155 2528 1231 2589 ratio
1244 2546 1313 2608 pru-

253 2628 376 2722 deusest,
387 2646 443 2691 eur
458 2628 492 2687 hi
506 2628 604 2705 potius
619 2643 710 2703 quam
731 2626 783 2685 alii
799 2625 973 2702 judicentur
990 2627 1118 2687 societati
1140 2628 1312 2707 periculosi.

256 2730 326 2806 lngo,
340 2731 401 2790 siae
419 2728 554 2804 cognitio
575 2726 674 2787 delicti
698 2726 760 2786 siva
785 2726 913 2785 auctoris
935 2726 1053 2803 punitio
1076 2733 1234 2807 spectetur,
1255 2744 1315 2789 non

251 2826 823 2911 licetcompreheudercillnmquigrari
837 2824 1312 2891 nulloreatusindieioteneatur.
1360 2871 1367 2891 .

282 2935 360 2994 rtet.
373 2935 512 2994 semem.
528 2934 554 2989 1.
571 2961 611 2974 -
623 2928 683 3001 Qui
706 2927 790 3002 grani
802 2926 904 3002 aliquo
927 2926 1037 2986 indicio
1058 2907 1204 3005 arguitur,
1221 2935 1316 3006 potest

248 3031 448 3092 nihilominus
463 3030 606 3089 innocens
619 3026 702 3087 illius
713 3025 815 3085 delicti
827 3041 902 3084 esse.
914 3026 1065 3100 Attamen,
1075 3024 1126 3084 ubi
1141 3025 1166 3084 is
1184 3043 1317 3104 compre-

248 3130 345 3193 hensus
358 3151 375 3194 a
388 3125 719 3211 potcstatejudiciaiia
738 3125 770 3183 in
795 3139 911 3183 earcere
931 3123 1316 3202 dedueatirr‚nequnquam

249 3233 344 3307 iniuste
360 3230 469 3311 puniri
482 3227 626 3288 dicendus
637 3231 693 3285 est.
709 3224 882 3284 Nonomnis
898 3239 1028 3300 namque
1041 3239 1128 3300 poena
1142 3230 1186 3284 est
1201 3226 1317 3302 punitio

247 3333 326 3409 (titt.
351 3335 446 3406 item,
465 3329 519 3405 qui
541 3326 624 3404 gravi
650 3323 760 3384 indicio
773 3323 940 3396 accusatur,
966 3322 1101 3383 nondum
1123 3339 1194 3384 sane
1217 3323 1316 3386 delicti

247 3441 339 3510 annor
356 3427 587 3493 existimandus
603 3430 664 3503 est3
688 3429 718 3483 at
739 3435 838 3500 neque
857 3424 1000 3482 innocens
1017 3427 1061 3482 est
1073 3421 1254 3504 habendum
1269 3425 1316 3487 'dc

245 3533 290 3594 itto
302 3535 411 3594 etenim
441 3527 604 3607 prudenter
616 3525 778 3588 duhimtur·
794 3531 898 3582 utrum
920 3523 1062 3584 innocens
1083 3524 1122 3583 ait
1135 3539 1173 3584 en
1194 3541 1313 3587 nocens.

248 3633 313 3709 llrgo
326 3635 358 3694 in
370 3631 429 3693 tali
443 3644 545 3688 rerum
559 3613 727 3687 conditione
748 3624 840 3682 miser
860 3624 916 3683 istc
937 3627 1080 3697 versatur,
1110 3639 1177 3699 quae
1202 3631 1231 3684 et
1253 3626 1317 3704 ipsa

244 3749 287 3808 per
310 3751 341 3795 se
368 3738 417 3793 est
432 3725 737 3808 poenaacerhissima3
753 3723 801 3783 vel
815 3738 877 3782 naa
898 3723 1010 3799 quippe
1032 3711 1161 3799 suspicio
1183 3729 1218 3782 et
1231 3739 1318 3784 accu-

245 3835 308 3893 satio
320 3832 500 3910 gravissima
512 3826 663 3886 innocenti
673 3823 824 3884 inlanritas
836 3827 898 3892 estc
914 3828 944 3880 et
958 3819 1047 3880 aliam
1063 3833 1183 3897 prauam
1202 3822 1248 3881 illi
1266 3839 1316 3882 ire·

245 3935 363 3993 mesano
389 3926 602 4008 imponendam
639 3923 677 3985 ob
700 3923 847 3996 societatis
874 3921 1032 3992 uniiersa,
1057 3917 1191 3995 adeoque
1223 3920 1317 3998 ipsius

244 4047 356 4110 quoquo
372 4027 516 4103 accusati,
539 4024 688 4102 siquidem
707 4023 756 4083 hic
780 4023 922 4081 innocens
942 4019 992 4093 sit,
1018 4032 1179 4078 commune
1204 4018 1317 4079 honum

246 4133 376 4208 pantu
393 4129 514 4192 Etemm
528 4122 755 4202 comprehensio
771 4120 834 4182 hac
847 4120 883 4180 de
905 4135 967 4196 qua
986 4117 1140 4195 loquimur
1164 4123 1193 4176 ot
1208 4131 1316 4176 nocen-

246 4229 315 4289 tium
338 4229 531 4309 punitionem
550 4232 580 4284 at
599 4221 804 4283 innocentium
825 4219 1030 4280 defensionem
1046 4219 1079 4278 in
1095 4221 1160 4276 tuto
1183 4215 1315 4311 collocat.

245 4331 334 4399 Quare
347 4331 493 4389 innocens
505 4329 662 4385 accusatus
673 4327 704 4381 et
715 4321 748 4380 in
762 4334 910 4380 carcerem
933 4319 1088 4395 innjectus
1100 4331 1161 4376 non
1175 4315 1314 4379 socialem

242 4429 445 4490 amtoritatem
454 4425 590 4506 culpare,
604 4421 657 4485 sed
675 4420 830 4484 adversam
840 4419 889 4480 sui
903 4419 998 4498 ipsius
1011 4418 1162 4480 loctunam
1176 4421 1318 4496 coriqueri

244 4527 339 4588 colum
351 4529 452 4590 dehet.

279 4627 414 4691 Coacon.
430 4632 460 4688 2.
475 4625 677 4698 -Quoniam
702 4621 818 4682 socialis
838 4619 1021 4680 auctoritatis
1045 4617 1178 4679 cilicium
1205 4620 1316 4694 gratis-

244 4725 356 4790 simum
370 4736 416 4788 cst
438 4727 642 4790 innocentium
668 4722 773 4800 tutela,
785 4723 838 4796 jus
856 4719 931 4780 illud
958 4719 1090 4780 horninis
1111 4718 1193 4780 malo
1214 4719 1245 4780 in
1258 4718 1322 4783 tcto

342 4841 376 4888 n.
1120 4813 1159 4878 22
