<?xml version="1.0" encoding="UTF-8"?>
<!DOCTYPE html PUBLIC "-//W3C//DTD XHTML 1.0 Transitional//EN"
    "http://www.w3.org/TR/xhtml1/DTD/xhtml1-transitional.dtd">
<html xmlns="http://www.w3.org/1999/xhtml" xml:lang="en" lang="en">
 <head>
  <title>
</title>
<meta http-equiv="Content-Type" content="text/html;charset=utf-8" />
  <meta name='ocr-system' content='tesseract 3.04.00' />
  <meta name='ocr-capabilities' content='ocr_page ocr_carea ocr_par ocr_line ocrx_word'/>
</head>
<body>
  <div class='ocr_page' id='page_1' title='image "./jurisnaturalisu00bensgoog_0250.png"; bbox 0 0 3559 5675; ppageno 0'>
   <div class='ocr_carea' id='block_1_1' title="bbox 454 652 1120 742">
    <p class='ocr_par' dir='ltr' id='par_1_1' title="bbox 454 652 1120 742">
     <span class='ocr_line' id='line_1_1' title="bbox 454 652 1120 742; baseline -0.006 0"><span class='ocrx_word' id='word_1_1' title='bbox 454 680 514 742; x_wconf 73' lang='lat' dir='ltr'><strong>rit</strong></span> <span class='ocrx_word' id='word_1_2' title='bbox 583 652 585 655; x_wconf 25' lang='lat'>¹</span> <span class='ocrx_word' id='word_1_3' title='bbox 861 692 939 738; x_wconf 77' lang='lat' dir='ltr'><strong>tonte</strong></span> <span class='ocrx_word' id='word_1_4' title='bbox 960 691 1120 741; x_wconf 73' lang='lat' dir='ltr'><strong>resersus</strong></span> 
     </span>
    </p>
   </div>
   <div class='ocr_carea' id='block_1_2' title="bbox 452 795 1505 1278">
    <p class='ocr_par' dir='ltr' id='par_1_2' title="bbox 452 795 1505 1278">
     <span class='ocr_line' id='line_1_2' title="bbox 491 795 1501 880; baseline 0 -18"><span class='ocrx_word' id='word_1_5' title='bbox 491 803 629 862; x_wconf 78' lang='lat' dir='ltr'><strong>tumuere</strong></span> <span class='ocrx_word' id='word_1_6' title='bbox 650 798 683 861; x_wconf 90' lang='lat' dir='ltr'><strong>in</strong></span> <span class='ocrx_word' id='word_1_7' title='bbox 696 795 813 880; x_wconf 78' lang='lat' dir='ltr'><strong>duabus</strong></span> <span class='ocrx_word' id='word_1_8' title='bbox 827 796 908 858; x_wconf 89' lang='lat' dir='ltr'><strong>hisce</strong></span> <span class='ocrx_word' id='word_1_9' title='bbox 921 798 1072 876; x_wconf 78' lang='lat' dir='ltr'><strong>potestatis</strong></span> <span class='ocrx_word' id='word_1_10' title='bbox 1086 801 1244 860; x_wconf 79' lang='lat' dir='ltr'><strong>exocuuvo</strong></span> <span class='ocrx_word' id='word_1_11' title='bbox 1254 797 1451 862; x_wconf 63' lang='lat' dir='ltr'><strong>lunationibus</strong></span> <span class='ocrx_word' id='word_1_12' title='bbox 1461 817 1501 880; x_wconf 87' lang='lat' dir='ltr'><strong>po</strong></span> 
     </span>
     <span class='ocr_line' id='line_1_3' title="bbox 453 895 1502 980; baseline -0.001 -17"><span class='ocrx_word' id='word_1_13' title='bbox 453 908 510 963; x_wconf 88' lang='lat' dir='ltr'><strong>test</strong></span> <span class='ocrx_word' id='word_1_14' title='bbox 522 899 641 980; x_wconf 81' lang='lat' dir='ltr'><strong>politice</strong></span> <span class='ocrx_word' id='word_1_15' title='bbox 654 895 813 958; x_wconf 84' lang='lat' dir='ltr'><strong>auctoritas</strong></span> <span class='ocrx_word' id='word_1_16' title='bbox 828 895 978 958; x_wconf 87' lang='lat' dir='ltr'><strong>ollendere</strong></span> <span class='ocrx_word' id='word_1_17' title='bbox 994 897 1024 957; x_wconf 91' lang='lat' dir='ltr'><strong>in</strong></span> <span class='ocrx_word' id='word_1_18' title='bbox 1036 897 1188 962; x_wconf 75' lang='lat' dir='ltr'><strong>obstacula</strong></span> <span class='ocrx_word' id='word_1_19' title='bbox 1202 897 1249 964; x_wconf 83' lang='lat' dir='ltr'><strong>vei</strong></span> <span class='ocrx_word' id='word_1_20' title='bbox 1263 897 1376 962; x_wconf 77' lang='lat' dir='ltr'>ordinis</span> <span class='ocrx_word' id='word_1_21' title='bbox 1389 900 1502 978; x_wconf 76' lang='lat' dir='ltr'><strong>moiun,</strong></span> 
     </span>
     <span class='ocr_line' id='line_1_4' title="bbox 453 994 1504 1078; baseline -0.003 -17"><span class='ocrx_word' id='word_1_22' title='bbox 453 1014 561 1078; x_wconf 88' lang='lat' dir='ltr'><strong>nempe</strong></span> <span class='ocrx_word' id='word_1_23' title='bbox 570 997 603 1058; x_wconf 91' lang='lat' dir='ltr'><strong>in</strong></span> <span class='ocrx_word' id='word_1_24' title='bbox 618 999 671 1076; x_wconf 90' lang='lat' dir='ltr'><strong>jus</strong></span> <span class='ocrx_word' id='word_1_25' title='bbox 684 995 881 1064; x_wconf 78' lang='lat' dir='ltr'><strong>contrarium.</strong></span> <span class='ocrx_word' id='word_1_26' title='bbox 896 995 944 1059; x_wconf 85' lang='lat' dir='ltr'><strong>rel</strong></span> <span class='ocrx_word' id='word_1_27' title='bbox 954 994 1068 1057; x_wconf 90' lang='lat' dir='ltr'><strong>ordinis</strong></span> <span class='ocrx_word' id='word_1_28' title='bbox 1089 996 1217 1076; x_wconf 75' lang='lat' dir='ltr'><strong>physici,</strong></span> <span class='ocrx_word' id='word_1_29' title='bbox 1239 1012 1347 1077; x_wconf 89' lang='lat' dir='ltr'><strong>nempe</strong></span> <span class='ocrx_word' id='word_1_30' title='bbox 1366 997 1397 1058; x_wconf 88' lang='lat' dir='ltr'><strong>in</strong></span> <span class='ocrx_word' id='word_1_31' title='bbox 1410 997 1504 1060; x_wconf 85' lang='lat' dir='ltr'><strong>subditi</strong></span> 
     </span>
     <span class='ocr_line' id='line_1_5' title="bbox 454 1093 1505 1177; baseline 0.002 -17"><span class='ocrx_word' id='word_1_32' title='bbox 454 1097 654 1162; x_wconf 69' lang='lat' dir='ltr'><strong>renitentium.</strong></span> <span class='ocrx_word' id='word_1_33' title='bbox 680 1097 758 1172; x_wconf 86' lang='lat' dir='ltr'><strong>Ergo</strong></span> <span class='ocrx_word' id='word_1_34' title='bbox 784 1093 873 1156; x_wconf 86' lang='lat' dir='ltr'><strong>debet</strong></span> <span class='ocrx_word' id='word_1_35' title='bbox 893 1094 1021 1175; x_wconf 76' lang='lat' dir='ltr'><strong>politice</strong></span> <span class='ocrx_word' id='word_1_36' title='bbox 1043 1097 1212 1157; x_wconf 72' lang='lat' dir='ltr'><strong>auctoritati</strong></span> <span class='ocrx_word' id='word_1_37' title='bbox 1232 1097 1336 1158; x_wconf 71' lang='lat' dir='ltr'><strong>edesm</strong></span> <span class='ocrx_word' id='word_1_38' title='bbox 1355 1104 1384 1158; x_wconf 84' lang='lat' dir='ltr'><strong>et</strong></span> <span class='ocrx_word' id='word_1_39' title='bbox 1396 1103 1505 1177; x_wconf 81' lang='lat' dir='ltr'><strong>potestus</strong></span> 
     </span>
     <span class='ocr_line' id='line_1_6' title="bbox 452 1193 1505 1278; baseline -0.002 -20"><span class='ocrx_word' id='word_1_40' title='bbox 452 1196 592 1276; x_wconf 78' lang='lat' dir='ltr'><strong>quodem</strong></span> <span class='ocrx_word' id='word_1_41' title='bbox 606 1195 773 1277; x_wconf 80' lang='lat' dir='ltr'><strong>essecutiva</strong></span> <span class='ocrx_word' id='word_1_42' title='bbox 783 1193 898 1254; x_wconf 81' lang='lat' dir='ltr'><strong>ordinis</strong></span> <span class='ocrx_word' id='word_1_43' title='bbox 909 1195 1043 1272; x_wconf 83' lang='lat' dir='ltr'><strong>moralis,</strong></span> <span class='ocrx_word' id='word_1_44' title='bbox 1053 1211 1121 1273; x_wconf 76' lang='lat' dir='ltr'><strong>que</strong></span> <span class='ocrx_word' id='word_1_45' title='bbox 1135 1195 1245 1258; x_wconf 90' lang='lat' dir='ltr'><strong>dicitur</strong></span> <span class='ocrx_word' id='word_1_46' title='bbox 1256 1193 1505 1278; x_wconf 77' lang='lat' dir='ltr'><strong>potestusjudtciu·</strong></span> 
     </span>
    </p>
   </div>
   <div class='ocr_carea' id='block_1_3' title="bbox 452 1294 1579 1375">
    <p class='ocr_par' dir='ltr' id='par_1_3' title="bbox 452 1294 1579 1375">
     <span class='ocr_line' id='line_1_7' title="bbox 452 1294 1579 1375; baseline -0.002 -17"><span class='ocrx_word' id='word_1_47' title='bbox 452 1297 513 1374; x_wconf 81' lang='lat' dir='ltr'><strong>riu,</strong></span> <span class='ocrx_word' id='word_1_48' title='bbox 523 1297 622 1358; x_wconf 84' lang='lat' dir='ltr'><strong>etslie</strong></span> <span class='ocrx_word' id='word_1_49' title='bbox 633 1294 801 1358; x_wconf 73' lang='lat' dir='ltr'><strong>exsecutior</strong></span> <span class='ocrx_word' id='word_1_50' title='bbox 813 1299 944 1374; x_wconf 71' lang='lat' dir='ltr'><strong>potestas</strong></span> <span class='ocrx_word' id='word_1_51' title='bbox 955 1294 1068 1372; x_wconf 82' lang='lat' dir='ltr'><strong>ordinis</strong></span> <span class='ocrx_word' id='word_1_52' title='bbox 1078 1295 1194 1375; x_wconf 81' lang='lat' dir='ltr'><strong>physici</strong></span> <span class='ocrx_word' id='word_1_53' title='bbox 1205 1296 1244 1358; x_wconf 85' lang='lat' dir='ltr'><strong>ed</strong></span> <span class='ocrx_word' id='word_1_54' title='bbox 1256 1297 1319 1358; x_wconf 81' lang='lat' dir='ltr'><strong>sim</strong></span> <span class='ocrx_word' id='word_1_55' title='bbox 1334 1297 1507 1360; x_wconf 77' lang='lat' dir='ltr'><strong>renitentium</strong></span> <span class='ocrx_word' id='word_1_56' title='bbox 1578 1299 1579 1326; x_wconf 81' lang='lat'>³</span> 
     </span>
    </p>
   </div>
   <div class='ocr_carea' id='block_1_4' title="bbox 456 1391 1508 1576">
    <p class='ocr_par' dir='ltr' id='par_1_4' title="bbox 456 1391 1508 1576">
     <span class='ocr_line' id='line_1_8' title="bbox 456 1391 1304 1478; baseline -0.006 -17"><span class='ocrx_word' id='word_1_57' title='bbox 456 1395 672 1478; x_wconf 79' lang='lat' dir='ltr'><strong>superandam,</strong></span> <span class='ocrx_word' id='word_1_58' title='bbox 685 1411 754 1474; x_wconf 78' lang='lat' dir='ltr'><strong>que</strong></span> <span class='ocrx_word' id='word_1_59' title='bbox 767 1391 813 1454; x_wconf 76' lang='lat' dir='ltr'><strong>oie</strong></span> <span class='ocrx_word' id='word_1_60' title='bbox 822 1391 942 1473; x_wconf 76' lang='lat' dir='ltr'><strong>publice</strong></span> <span class='ocrx_word' id='word_1_61' title='bbox 955 1394 1131 1474; x_wconf 81' lang='lat' dir='ltr'><strong>appellatur.</strong></span> <span class='ocrx_word' id='word_1_62' title='bbox 1148 1397 1236 1474; x_wconf 88' lang='lat' dir='ltr'><strong>Ergo,</strong></span> <span class='ocrx_word' id='word_1_63' title='bbox 1248 1402 1304 1458; x_wconf 88' lang='lat' dir='ltr'><strong>etc.</strong></span> 
     </span>
     <span class='ocr_line' id='line_1_9' title="bbox 494 1493 1508 1576; baseline -0.006 -17"><span class='ocrx_word' id='word_1_64' title='bbox 494 1498 585 1560; x_wconf 74' lang='lat'><strong>1025.</strong></span> <span class='ocrx_word' id='word_1_65' title='bbox 597 1499 730 1563; x_wconf 81' lang='lat' dir='ltr'><strong>Conone.</strong></span> <span class='ocrx_word' id='word_1_66' title='bbox 745 1527 785 1550; x_wconf 88' lang='lat'><strong>-.</strong></span> <span class='ocrx_word' id='word_1_67' title='bbox 801 1497 954 1568; x_wconf 83' lang='lat' dir='ltr'><strong>Postrema</strong></span> <span class='ocrx_word' id='word_1_68' title='bbox 966 1493 1024 1556; x_wconf 85' lang='lat' dir='ltr'><strong>heo</strong></span> <span class='ocrx_word' id='word_1_69' title='bbox 1038 1495 1185 1574; x_wconf 78' lang='lat' dir='ltr'><strong>positione</strong></span> <span class='ocrx_word' id='word_1_70' title='bbox 1204 1496 1311 1558; x_wconf 83' lang='lat' dir='ltr'><strong>divisio</strong></span> <span class='ocrx_word' id='word_1_71' title='bbox 1321 1496 1437 1574; x_wconf 87' lang='lat' dir='ltr'><strong>jurium</strong></span> <span class='ocrx_word' id='word_1_72' title='bbox 1450 1495 1508 1576; x_wconf 90' lang='lat' dir='ltr'><strong>poli·</strong></span> 
     </span>
    </p>
   </div>
   <div class='ocr_carea' id='block_1_5' title="bbox 452 1593 1579 1776">
    <p class='ocr_par' dir='ltr' id='par_1_5' title="bbox 452 1593 1579 1776">
     <span class='ocr_line' id='line_1_10' title="bbox 456 1593 1579 1682; baseline -0.008 -22"><span class='ocrx_word' id='word_1_73' title='bbox 456 1600 583 1660; x_wconf 89' lang='lat' dir='ltr'><strong>ticorum</strong></span> <span class='ocrx_word' id='word_1_74' title='bbox 592 1595 740 1676; x_wconf 84' lang='lat' dir='ltr'><strong>complete</strong></span> <span class='ocrx_word' id='word_1_75' title='bbox 751 1595 932 1670; x_wconf 78' lang='lat' dir='ltr'><strong>continetur,</strong></span> <span class='ocrx_word' id='word_1_76' title='bbox 946 1610 1015 1672; x_wconf 83' lang='lat' dir='ltr'><strong>qun</strong></span> <span class='ocrx_word' id='word_1_77' title='bbox 1028 1609 1090 1656; x_wconf 90' lang='lat' dir='ltr'><strong>non</strong></span> <span class='ocrx_word' id='word_1_78' title='bbox 1102 1612 1138 1658; x_wconf 81' lang='lat' dir='ltr'><strong>es</strong></span> <span class='ocrx_word' id='word_1_79' title='bbox 1153 1594 1249 1674; x_wconf 84' lang='lat' dir='ltr'><strong>hujus</strong></span> <span class='ocrx_word' id='word_1_80' title='bbox 1260 1602 1314 1657; x_wconf 82' lang='lat' dir='ltr'><strong>eut</strong></span> <span class='ocrx_word' id='word_1_81' title='bbox 1327 1594 1408 1656; x_wconf 91' lang='lat' dir='ltr'><strong>iilius</strong></span> <span class='ocrx_word' id='word_1_82' title='bbox 1422 1593 1508 1674; x_wconf 87' lang='lat' dir='ltr'><strong>popuii</strong></span> <span class='ocrx_word' id='word_1_83' title='bbox 1578 1679 1579 1682; x_wconf 8' lang='grc' dir='ltr'><strong>Ἴ</strong></span> 
     </span>
     <span class='ocr_line' id='line_1_11' title="bbox 452 1692 1579 1776; baseline -0.01 -15"><span class='ocrx_word' id='word_1_84' title='bbox 452 1693 1184 1774; x_wconf 79' lang='lat' dir='ltr'><strong>eonsuetudine,sedesocietetis,qundebetesse</strong></span> <span class='ocrx_word' id='word_1_85' title='bbox 1194 1692 1508 1776; x_wconf 75' lang='lat' dir='ltr'><strong>domr&#39;meucoejuerttc,</strong></span> <span class='ocrx_word' id='word_1_86' title='bbox 1578 1697 1579 1716; x_wconf 66' lang='lat'>¹</span> 
     </span>
    </p>
   </div>
   <div class='ocr_carea' id='block_1_6' title="bbox 453 1793 1509 1974">
    <p class='ocr_par' dir='ltr' id='par_1_6' title="bbox 453 1793 1509 1974">
     <span class='ocr_line' id='line_1_12' title="bbox 453 1793 1509 1877; baseline -0.004 -17"><span class='ocrx_word' id='word_1_87' title='bbox 453 1805 562 1861; x_wconf 77' lang='lat' dir='ltr'><strong>nature</strong></span> <span class='ocrx_word' id='word_1_88' title='bbox 573 1797 635 1877; x_wconf 84' lang='lat' dir='ltr'><strong>ipss</strong></span> <span class='ocrx_word' id='word_1_89' title='bbox 650 1794 813 1856; x_wconf 78' lang='lat' dir='ltr'><strong>enascitur.</strong></span> <span class='ocrx_word' id='word_1_90' title='bbox 828 1796 903 1854; x_wconf 84' lang='lat' dir='ltr'><strong>itam</strong></span> <span class='ocrx_word' id='word_1_91' title='bbox 914 1793 987 1870; x_wconf 81' lang='lat' dir='ltr'><strong>quio</strong></span> <span class='ocrx_word' id='word_1_92' title='bbox 1000 1801 1047 1856; x_wconf 91' lang='lat' dir='ltr'><strong>est</strong></span> <span class='ocrx_word' id='word_1_93' title='bbox 1058 1793 1238 1874; x_wconf 79' lang='lat' dir='ltr'><strong>conjunctio,</strong></span> <span class='ocrx_word' id='word_1_94' title='bbox 1252 1795 1341 1865; x_wconf 82' lang='lat' dir='ltr'><strong>debet</strong></span> <span class='ocrx_word' id='word_1_95' title='bbox 1353 1811 1509 1858; x_wconf 79' lang='lat' dir='ltr'><strong>essenoru-</strong></span> 
     </span>
     <span class='ocr_line' id='line_1_13' title="bbox 454 1891 1509 1974; baseline -0.003 -18"><span class='ocrx_word' id='word_1_96' title='bbox 454 1897 524 1958; x_wconf 82' lang='lat' dir='ltr'><strong>liter</strong></span> <span class='ocrx_word' id='word_1_97' title='bbox 535 1909 682 1973; x_wconf 78' lang='lat' dir='ltr'><strong>connexe,</strong></span> <span class='ocrx_word' id='word_1_98' title='bbox 695 1909 749 1955; x_wconf 89' lang='lat' dir='ltr'><strong>seu</strong></span> <span class='ocrx_word' id='word_1_99' title='bbox 761 1891 921 1954; x_wconf 80' lang='lat' dir='ltr'><strong>constituto</strong></span> <span class='ocrx_word' id='word_1_100' title='bbox 926 1907 941 1968; x_wconf 87' lang='lat'><strong>‚·</strong></span> <span class='ocrx_word' id='word_1_101' title='bbox 954 1894 1027 1972; x_wconf 83' lang='lat' dir='ltr'><strong>quie</strong></span> <span class='ocrx_word' id='word_1_102' title='bbox 1037 1909 1109 1958; x_wconf 84' lang='lat' dir='ltr'><strong>vero</strong></span> <span class='ocrx_word' id='word_1_103' title='bbox 1121 1901 1167 1956; x_wconf 90' lang='lat' dir='ltr'><strong>est</strong></span> <span class='ocrx_word' id='word_1_104' title='bbox 1179 1893 1330 1958; x_wconf 80' lang='lat' dir='ltr'><strong>domicum</strong></span> <span class='ocrx_word' id='word_1_105' title='bbox 1343 1895 1509 1974; x_wconf 84' lang='lat' dir='ltr'><strong>conjunctio,</strong></span> 
     </span>
    </p>
   </div>
   <div class='ocr_carea' id='block_1_7' title="bbox 454 1993 1579 2078">
    <p class='ocr_par' dir='ltr' id='par_1_7' title="bbox 454 1993 1579 2078">
     <span class='ocr_line' id='line_1_14' title="bbox 454 1993 1579 2078; baseline -0.005 -20"><span class='ocrx_word' id='word_1_106' title='bbox 454 1996 542 2058; x_wconf 84' lang='lat' dir='ltr'><strong>debet</strong></span> <span class='ocrx_word' id='word_1_107' title='bbox 553 1994 644 2072; x_wconf 90' lang='lat' dir='ltr'><strong>dirigi</strong></span> <span class='ocrx_word' id='word_1_108' title='bbox 654 2009 709 2073; x_wconf 86' lang='lat' dir='ltr'><strong>per</strong></span> <span class='ocrx_word' id='word_1_109' title='bbox 719 2010 768 2072; x_wconf 85' lang='lat' dir='ltr'><strong>es,</strong></span> <span class='ocrx_word' id='word_1_110' title='bbox 781 1993 985 2070; x_wconf 76' lang='lat' dir='ltr'><strong>quemdonie</strong></span> <span class='ocrx_word' id='word_1_111' title='bbox 996 1993 1139 2058; x_wconf 77' lang='lat' dir='ltr'><strong>humone</strong></span> <span class='ocrx_word' id='word_1_112' title='bbox 1161 1997 1308 2078; x_wconf 82' lang='lat' dir='ltr'><strong>principie</strong></span> <span class='ocrx_word' id='word_1_113' title='bbox 1320 2002 1403 2078; x_wconf 82' lang='lat' dir='ltr'><strong>sunt,</strong></span> <span class='ocrx_word' id='word_1_114' title='bbox 1417 1994 1512 2058; x_wconf 81' lang='lat' dir='ltr'><strong>eciiicct</strong></span> <span class='ocrx_word' id='word_1_115' title='bbox 1578 2025 1579 2042; x_wconf 53' lang='lat' dir='ltr'><strong>t</strong></span> 
     </span>
    </p>
   </div>
   <div class='ocr_carea' id='block_1_8' title="bbox 454 2090 1190 2179">
    <p class='ocr_par' dir='ltr' id='par_1_8' title="bbox 454 2090 1190 2179">
     <span class='ocr_line' id='line_1_15' title="bbox 454 2090 1190 2179; baseline 0.003 -23"><span class='ocrx_word' id='word_1_116' title='bbox 454 2112 508 2179; x_wconf 83' lang='lat' dir='ltr'><strong>por</strong></span> <span class='ocrx_word' id='word_1_117' title='bbox 520 2092 725 2175; x_wconf 76' lang='lat' dir='ltr'><strong>cognitionem,</strong></span> <span class='ocrx_word' id='word_1_118' title='bbox 741 2090 919 2156; x_wconf 75' lang='lat' dir='ltr'><strong>oolurrotem</strong></span> <span class='ocrx_word' id='word_1_119' title='bbox 930 2099 958 2156; x_wconf 87' lang='lat' dir='ltr'><strong>ct</strong></span> <span class='ocrx_word' id='word_1_120' title='bbox 971 2093 1190 2158; x_wconf 69' lang='lat' dir='ltr'><strong>eccoeots&#39;ouem.</strong></span> 
     </span>
    </p>
   </div>
   <div class='ocr_carea' id='block_1_9' title="bbox 852 2273 1119 2362">
    <p class='ocr_par' dir='ltr' id='par_1_9' title="bbox 852 2273 1119 2362">
     <span class='ocr_line' id='line_1_16' title="bbox 852 2273 1119 2362; baseline -0.007 0"><span class='ocrx_word' id='word_1_121' title='bbox 852 2273 1059 2362; x_wconf 74' lang='lat' dir='ltr'><strong>surrectus</strong></span> <span class='ocrx_word' id='word_1_122' title='bbox 1080 2300 1119 2360; x_wconf 73' lang='lat' dir='ltr'><strong>rr,</strong></span> 
     </span>
    </p>
   </div>
   <div class='ocr_carea' id='block_1_10' title="bbox 456 2451 1579 2672">
    <p class='ocr_par' dir='ltr' id='par_1_10' title="bbox 456 2451 1579 2672">
     <span class='ocr_line' id='line_1_17' title="bbox 456 2451 1579 2561; baseline -0.009 -19"><span class='ocrx_word' id='word_1_123' title='bbox 456 2479 501 2542; x_wconf 84' lang='lat' dir='ltr'><strong>De</strong></span> <span class='ocrx_word' id='word_1_124' title='bbox 520 2479 634 2542; x_wconf 77' lang='lat' dir='ltr'><strong>unitae</strong></span> <span class='ocrx_word' id='word_1_125' title='bbox 651 2477 778 2561; x_wconf 79' lang='lat' dir='ltr'><strong>politice</strong></span> <span class='ocrx_word' id='word_1_126' title='bbox 791 2461 1187 2542; x_wconf 57' lang='lat' dir='ltr'><strong>minocentaurum</strong></span> <span class='ocrx_word' id='word_1_127' title='bbox 1210 2475 1291 2560; x_wconf 81' lang='lat' dir='ltr'><strong>eprrd</strong></span> <span class='ocrx_word' id='word_1_128' title='bbox 1313 2477 1404 2540; x_wconf 77' lang='lat' dir='ltr'><strong>socios</strong></span> <span class='ocrx_word' id='word_1_129' title='bbox 1425 2473 1515 2538; x_wconf 81' lang='lat' dir='ltr'><strong>consti·</strong></span> <span class='ocrx_word' id='word_1_130' title='bbox 1578 2451 1579 2466; x_wconf 42' lang='lat'>¹</span> 
     </span>
     <span class='ocr_line' id='line_1_18' title="bbox 773 2575 1212 2672; baseline -0.007 -31"><span class='ocrx_word' id='word_1_131' title='bbox 773 2575 884 2640; x_wconf 74' lang='lat' dir='ltr'><strong>tuende</strong></span> <span class='ocrx_word' id='word_1_132' title='bbox 895 2575 967 2664; x_wconf 82' lang='lat' dir='ltr'><strong>etde</strong></span> <span class='ocrx_word' id='word_1_133' title='bbox 980 2575 1212 2672; x_wconf 76' lang='lat' dir='ltr'><strong>rutiooertutus.</strong></span> 
     </span>
    </p>
   </div>
   <div class='ocr_carea' id='block_1_11' title="bbox 457 2751 1515 3138">
    <p class='ocr_par' dir='ltr' id='par_1_11' title="bbox 457 2751 1515 3138">
     <span class='ocr_line' id='line_1_19' title="bbox 497 2751 1513 2836; baseline -0.008 -18"><span class='ocrx_word' id='word_1_134' title='bbox 497 2755 587 2818; x_wconf 75' lang='lat' dir='ltr'><strong>roeo.</strong></span> <span class='ocrx_word' id='word_1_135' title='bbox 601 2759 771 2818; x_wconf 78' lang='lat' dir='ltr'><strong>Norrnnurr</strong></span> <span class='ocrx_word' id='word_1_136' title='bbox 785 2761 813 2817; x_wconf 91' lang='lat'><strong>1.</strong></span> <span class='ocrx_word' id='word_1_137' title='bbox 829 2756 948 2819; x_wconf 84' lang='lat' dir='ltr'><strong>-lem</strong></span> <span class='ocrx_word' id='word_1_138' title='bbox 968 2757 1046 2819; x_wconf 85' lang='lat' dir='ltr'><strong>libro</strong></span> <span class='ocrx_word' id='word_1_139' title='bbox 1061 2763 1091 2820; x_wconf 81' lang='lat'><strong>8⁰</strong></span> <span class='ocrx_word' id='word_1_140' title='bbox 1113 2774 1166 2819; x_wconf 90' lang='lat' dir='ltr'><strong>nn.</strong></span> <span class='ocrx_word' id='word_1_141' title='bbox 1183 2757 1242 2821; x_wconf 77' lang='lat' dir='ltr'><strong>ert</strong></span> <span class='ocrx_word' id='word_1_142' title='bbox 1256 2763 1286 2819; x_wconf 91' lang='lat' dir='ltr'><strong>et</strong></span> <span class='ocrx_word' id='word_1_143' title='bbox 1297 2773 1382 2836; x_wconf 85' lang='lat' dir='ltr'><strong>seqq.</strong></span> <span class='ocrx_word' id='word_1_144' title='bbox 1398 2751 1513 2818; x_wconf 88' lang='lat' dir='ltr'><strong>ostendi·</strong></span> 
     </span>
     <span class='ocr_line' id='line_1_20' title="bbox 457 2856 1514 2934; baseline -0.004 -15"><span class='ocrx_word' id='word_1_145' title='bbox 457 2876 539 2934; x_wconf 87' lang='lat' dir='ltr'><strong>mus,</strong></span> <span class='ocrx_word' id='word_1_146' title='bbox 549 2857 713 2919; x_wconf 71' lang='lat' dir='ltr'><strong>auctoritati</strong></span> <span class='ocrx_word' id='word_1_147' title='bbox 725 2856 823 2919; x_wconf 81' lang='lat' dir='ltr'><strong>sociali</strong></span> <span class='ocrx_word' id='word_1_148' title='bbox 836 2856 970 2921; x_wconf 85' lang='lat' dir='ltr'><strong>officium</strong></span> <span class='ocrx_word' id='word_1_149' title='bbox 990 2859 1163 2921; x_wconf 79' lang='lat' dir='ltr'><strong>incumbere</strong></span> <span class='ocrx_word' id='word_1_150' title='bbox 1177 2858 1312 2921; x_wconf 82' lang='lat' dir='ltr'><strong>membra</strong></span> <span class='ocrx_word' id='word_1_151' title='bbox 1330 2860 1428 2921; x_wconf 83' lang='lat' dir='ltr'><strong>omnir</strong></span> <span class='ocrx_word' id='word_1_152' title='bbox 1440 2856 1514 2917; x_wconf 83' lang='lat' dir='ltr'><strong>socie·</strong></span> 
     </span>
     <span class='ocr_line' id='line_1_21' title="bbox 458 2955 1513 3036; baseline -0.007 -18"><span class='ocrx_word' id='word_1_153' title='bbox 458 2958 526 3018; x_wconf 80' lang='lat' dir='ltr'><strong>tatis</strong></span> <span class='ocrx_word' id='word_1_154' title='bbox 553 2957 585 3018; x_wconf 91' lang='lat' dir='ltr'><strong>in</strong></span> <span class='ocrx_word' id='word_1_155' title='bbox 605 2955 743 3018; x_wconf 83' lang='lat' dir='ltr'><strong>eamdem</strong></span> <span class='ocrx_word' id='word_1_156' title='bbox 762 2972 839 3018; x_wconf 82' lang='lat' dir='ltr'><strong>verae</strong></span> <span class='ocrx_word' id='word_1_157' title='bbox 859 2956 1014 3034; x_wconf 79' lang='lat' dir='ltr'><strong>religionis</strong></span> <span class='ocrx_word' id='word_1_158' title='bbox 1028 2957 1241 3036; x_wconf 77' lang='lat' dir='ltr'><strong>professionem</strong></span> <span class='ocrx_word' id='word_1_159' title='bbox 1259 2958 1451 3035; x_wconf 75' lang='lat' dir='ltr'><strong>coniungere.</strong></span> <span class='ocrx_word' id='word_1_160' title='bbox 1471 2955 1513 3029; x_wconf 82' lang='lat' dir='ltr'><strong>it,</strong></span> 
     </span>
     <span class='ocr_line' id='line_1_22' title="bbox 457 3052 1515 3138; baseline -0.009 -20"><span class='ocrx_word' id='word_1_161' title='bbox 457 3072 631 3138; x_wconf 79' lang='lat' dir='ltr'><strong>quanquam</strong></span> <span class='ocrx_word' id='word_1_162' title='bbox 653 3055 759 3133; x_wconf 88' lang='lat' dir='ltr'><strong>religio</strong></span> <span class='ocrx_word' id='word_1_163' title='bbox 777 3056 818 3117; x_wconf 85' lang='lat' dir='ltr'><strong>ibi</strong></span> <span class='ocrx_word' id='word_1_164' title='bbox 841 3063 875 3117; x_wconf 93' lang='lat' dir='ltr'><strong>ut</strong></span> <span class='ocrx_word' id='word_1_165' title='bbox 894 3056 1009 3118; x_wconf 87' lang='lat' dir='ltr'><strong>bonum</strong></span> <span class='ocrx_word' id='word_1_166' title='bbox 1033 3056 1281 3132; x_wconf 84' lang='lat' dir='ltr'><strong>individuorum,</strong></span> <span class='ocrx_word' id='word_1_167' title='bbox 1303 3056 1385 3135; x_wconf 87' lang='lat' dir='ltr'><strong>quod</strong></span> <span class='ocrx_word' id='word_1_168' title='bbox 1411 3052 1515 3134; x_wconf 80' lang='lat' dir='ltr'><strong>puhiiee</strong></span> 
     </span>
    </p>
   </div>
   <div class='ocr_carea' id='block_1_12' title="bbox 457 3154 1579 3336">
    <p class='ocr_par' dir='ltr' id='par_1_12' title="bbox 457 3154 1579 3336">
     <span class='ocr_line' id='line_1_23' title="bbox 457 3154 1579 3238; baseline -0.01 -19"><span class='ocrx_word' id='word_1_169' title='bbox 457 3157 552 3219; x_wconf 82' lang='lat' dir='ltr'><strong>tutele</strong></span> <span class='ocrx_word' id='word_1_170' title='bbox 560 3156 680 3238; x_wconf 88' lang='lat' dir='ltr'><strong>protegi</strong></span> <span class='ocrx_word' id='word_1_171' title='bbox 704 3155 742 3216; x_wconf 82' lang='lat' dir='ltr'><strong>nd</strong></span> <span class='ocrx_word' id='word_1_172' title='bbox 756 3156 892 3235; x_wconf 88' lang='lat' dir='ltr'><strong>ipsorum</strong></span> <span class='ocrx_word' id='word_1_173' title='bbox 906 3156 1063 3221; x_wconf 83' lang='lat' dir='ltr'><strong>utilitatem</strong></span> <span class='ocrx_word' id='word_1_174' title='bbox 1078 3157 1195 3233; x_wconf 76' lang='lat' dir='ltr'><strong>debent,</strong></span> <span class='ocrx_word' id='word_1_175' title='bbox 1216 3154 1514 3226; x_wconf 81' lang='lat' dir='ltr'><strong>consideraridaesset,</strong></span> <span class='ocrx_word' id='word_1_176' title='bbox 1578 3216 1579 3231; x_wconf 12' lang='grc' dir='ltr'>χ</span> 
     </span>
     <span class='ocr_line' id='line_1_24' title="bbox 459 3252 1579 3336; baseline -0.01 -17"><span class='ocrx_word' id='word_1_177' title='bbox 459 3255 596 3319; x_wconf 86' lang='lat' dir='ltr'><strong>eamdem</strong></span> <span class='ocrx_word' id='word_1_178' title='bbox 610 3256 821 3334; x_wconf 87' lang='lat' dir='ltr'><strong>nihilominus,</strong></span> <span class='ocrx_word' id='word_1_179' title='bbox 834 3254 972 3335; x_wconf 80' lang='lat' dir='ltr'><strong>analogio</strong></span> <span class='ocrx_word' id='word_1_180' title='bbox 983 3254 1077 3335; x_wconf 86' lang='lat' dir='ltr'><strong>ducti,</strong></span> <span class='ocrx_word' id='word_1_181' title='bbox 1094 3256 1152 3317; x_wconf 85' lang='lat' dir='ltr'><strong>sub</strong></span> <span class='ocrx_word' id='word_1_182' title='bbox 1166 3257 1285 3336; x_wconf 88' lang='lat' dir='ltr'><strong>politica</strong></span> <span class='ocrx_word' id='word_1_183' title='bbox 1305 3272 1428 3335; x_wconf 87' lang='lat' dir='ltr'><strong>quoqne</strong></span> <span class='ocrx_word' id='word_1_184' title='bbox 1438 3252 1515 3313; x_wconf 84' lang='lat' dir='ltr'><strong>socie·</strong></span> <span class='ocrx_word' id='word_1_185' title='bbox 1578 3296 1579 3299; x_wconf 15' lang='grc' dir='ltr'>η</span> 
     </span>
    </p>
   </div>
   <div class='ocr_carea' id='block_1_13' title="bbox 457 3354 1518 4717">
    <p class='ocr_par' dir='ltr' id='par_1_13' title="bbox 457 3354 1516 3737">
     <span class='ocr_line' id='line_1_25' title="bbox 457 3354 1515 3437; baseline -0.009 -18"><span class='ocrx_word' id='word_1_186' title='bbox 457 3356 497 3419; x_wconf 87' lang='lat' dir='ltr'><strong>lis</strong></span> <span class='ocrx_word' id='word_1_187' title='bbox 511 3358 635 3419; x_wconf 85' lang='lat' dir='ltr'><strong>unitatis</strong></span> <span class='ocrx_word' id='word_1_188' title='bbox 647 3357 762 3418; x_wconf 85' lang='lat' dir='ltr'><strong>ratione</strong></span> <span class='ocrx_word' id='word_1_189' title='bbox 775 3365 906 3436; x_wconf 81' lang='lat' dir='ltr'><strong>spectare</strong></span> <span class='ocrx_word' id='word_1_190' title='bbox 918 3354 1089 3419; x_wconf 88' lang='lat' dir='ltr'><strong>debuimus.</strong></span> <span class='ocrx_word' id='word_1_191' title='bbox 1105 3356 1200 3435; x_wconf 89' lang='lat' dir='ltr'><strong>igitur</strong></span> <span class='ocrx_word' id='word_1_192' title='bbox 1210 3358 1344 3437; x_wconf 86' lang='lat' dir='ltr'><strong>primum</strong></span> <span class='ocrx_word' id='word_1_193' title='bbox 1358 3354 1515 3418; x_wconf 79' lang='lat' dir='ltr'><strong>&#39;etomnium</strong></span> 
     </span>
     <span class='ocr_line' id='line_1_26' title="bbox 459 3450 1515 3536; baseline -0.008 -16"><span class='ocrx_word' id='word_1_194' title='bbox 459 3453 682 3521; x_wconf 81' lang='lat' dir='ltr'><strong>validissimum</strong></span> <span class='ocrx_word' id='word_1_195' title='bbox 705 3459 830 3519; x_wconf 82' lang='lat' dir='ltr'><strong>unitatis</strong></span> <span class='ocrx_word' id='word_1_196' title='bbox 856 3458 936 3519; x_wconf 91' lang='lat' dir='ltr'><strong>iuter</strong></span> <span class='ocrx_word' id='word_1_197' title='bbox 956 3459 1106 3521; x_wconf 84' lang='lat' dir='ltr'><strong>sociorum</strong></span> <span class='ocrx_word' id='word_1_198' title='bbox 1132 3458 1348 3536; x_wconf 82' lang='lat' dir='ltr'><strong>intelligentias</strong></span> <span class='ocrx_word' id='word_1_199' title='bbox 1363 3450 1515 3526; x_wconf 77' lang='lat' dir='ltr'><strong>vinculum,</strong></span> 
     </span>
     <span class='ocr_line' id='line_1_27' title="bbox 459 3556 1516 3639; baseline -0.007 -20"><span class='ocrx_word' id='word_1_200' title='bbox 459 3556 540 3637; x_wconf 89' lang='lat' dir='ltr'><strong>quod</strong></span> <span class='ocrx_word' id='word_1_201' title='bbox 549 3557 580 3618; x_wconf 90' lang='lat' dir='ltr'><strong>in</strong></span> <span class='ocrx_word' id='word_1_202' title='bbox 595 3558 749 3618; x_wconf 88' lang='lat' dir='ltr'><strong>communi</strong></span> <span class='ocrx_word' id='word_1_203' title='bbox 764 3574 886 3639; x_wconf 83' lang='lat' dir='ltr'><strong>assensu</strong></span> <span class='ocrx_word' id='word_1_204' title='bbox 903 3558 941 3619; x_wconf 82' lang='lat' dir='ltr'><strong>cd</strong></span> <span class='ocrx_word' id='word_1_205' title='bbox 951 3557 1088 3619; x_wconf 85' lang='lat' dir='ltr'><strong>eamdem</strong></span> <span class='ocrx_word' id='word_1_206' title='bbox 1104 3558 1275 3635; x_wconf 85' lang='lat' dir='ltr'><strong>religiosam</strong></span> <span class='ocrx_word' id='word_1_207' title='bbox 1294 3560 1446 3621; x_wconf 79' lang='lat' dir='ltr'><strong>veritatem</strong></span> <span class='ocrx_word' id='word_1_208' title='bbox 1460 3570 1516 3616; x_wconf 91' lang='lat' dir='ltr'><strong>con·</strong></span> 
     </span>
     <span class='ocr_line' id='line_1_28' title="bbox 459 3656 1484 3737; baseline -0.004 -18"><span class='ocrx_word' id='word_1_209' title='bbox 459 3656 547 3727; x_wconf 81' lang='lat' dir='ltr'><strong>sistit,</strong></span> <span class='ocrx_word' id='word_1_210' title='bbox 563 3656 605 3716; x_wconf 90' lang='lat' dir='ltr'><strong>ibi</strong></span> <span class='ocrx_word' id='word_1_211' title='bbox 617 3657 682 3733; x_wconf 87' lang='lat' dir='ltr'><strong>jam</strong></span> <span class='ocrx_word' id='word_1_212' title='bbox 696 3672 715 3716; x_wconf 86' lang='lat' dir='ltr'><strong>e</strong></span> <span class='ocrx_word' id='word_1_213' title='bbox 728 3657 815 3717; x_wconf 87' lang='lat' dir='ltr'><strong>nobis</strong></span> <span class='ocrx_word' id='word_1_214' title='bbox 826 3656 1059 3717; x_wconf 84' lang='lat' dir='ltr'><strong>determinatum</strong></span> <span class='ocrx_word' id='word_1_215' title='bbox 1074 3662 1128 3717; x_wconf 87' lang='lat' dir='ltr'><strong>est.</strong></span> <span class='ocrx_word' id='word_1_216' title='bbox 1482 3730 1484 3737; x_wconf 28' lang='grc' dir='ltr'>Ι</span> 
     </span>
    </p>

    <p class='ocr_par' dir='ltr' id='par_1_14' title="bbox 457 3750 1518 4717">
     <span class='ocr_line' id='line_1_29' title="bbox 488 3750 1515 3837; baseline -0.01 -19"><span class='ocrx_word' id='word_1_217' title='bbox 488 3758 673 3819; x_wconf 79' lang='lat' dir='ltr'><strong>&#39;Norsnuurr</strong></span> <span class='ocrx_word' id='word_1_218' title='bbox 687 3758 718 3816; x_wconf 74' lang='lat'><strong>2.</strong></span> <span class='ocrx_word' id='word_1_219' title='bbox 727 3754 879 3816; x_wconf 85' lang='lat' dir='ltr'><strong>-Unitee</strong></span> <span class='ocrx_word' id='word_1_220' title='bbox 889 3754 1006 3816; x_wconf 82' lang='lat' dir='ltr'><strong>socialis</strong></span> <span class='ocrx_word' id='word_1_221' title='bbox 1017 3755 1262 3837; x_wconf 72' lang='lat' dir='ltr'><strong>mongontinus,</strong></span> <span class='ocrx_word' id='word_1_222' title='bbox 1276 3772 1331 3817; x_wconf 88' lang='lat' dir='ltr'><strong>seu</strong></span> <span class='ocrx_word' id='word_1_223' title='bbox 1345 3750 1515 3835; x_wconf 82' lang='lat' dir='ltr'><strong>speculativis</strong></span> 
     </span>
     <span class='ocr_line' id='line_1_30' title="bbox 460 3852 1516 3935; baseline -0.008 -16"><span class='ocrx_word' id='word_1_224' title='bbox 460 3872 516 3919; x_wconf 86' lang='lat' dir='ltr'><strong>seu</strong></span> <span class='ocrx_word' id='word_1_225' title='bbox 534 3854 774 3935; x_wconf 62' lang='lat' dir='ltr'><strong>praenoscere</strong></span> <span class='ocrx_word' id='word_1_226' title='bbox 793 3854 947 3932; x_wconf 85' lang='lat' dir='ltr'><strong>religionis</strong></span> <span class='ocrx_word' id='word_1_227' title='bbox 965 3870 1158 3933; x_wconf 85' lang='lat' dir='ltr'><strong>nequaquem</strong></span> <span class='ocrx_word' id='word_1_228' title='bbox 1173 3852 1283 3917; x_wconf 83' lang='lat' dir='ltr'><strong>sufficit</strong></span> <span class='ocrx_word' id='word_1_229' title='bbox 1301 3853 1338 3915; x_wconf 85' lang='lat' dir='ltr'><strong>ed</strong></span> <span class='ocrx_word' id='word_1_230' title='bbox 1354 3858 1463 3915; x_wconf 89' lang='lat' dir='ltr'><strong>mentes</strong></span> <span class='ocrx_word' id='word_1_231' title='bbox 1475 3866 1516 3911; x_wconf 88' lang='lat' dir='ltr'><strong>so·</strong></span> 
     </span>
     <span class='ocr_line' id='line_1_31' title="bbox 461 3950 1517 4035; baseline -0.012 -17"><span class='ocrx_word' id='word_1_232' title='bbox 461 3956 575 4019; x_wconf 87' lang='lat' dir='ltr'><strong>ciorum</strong></span> <span class='ocrx_word' id='word_1_233' title='bbox 584 3955 710 4034; x_wconf 82' lang='lat' dir='ltr'><strong>perfecte</strong></span> <span class='ocrx_word' id='word_1_234' title='bbox 720 3951 957 4033; x_wconf 85' lang='lat' dir='ltr'><strong>conjungendas.</strong></span> <span class='ocrx_word' id='word_1_235' title='bbox 971 3956 1073 4027; x_wconf 88' lang='lat' dir='ltr'><strong>Quum</strong></span> <span class='ocrx_word' id='word_1_236' title='bbox 1084 3955 1166 4015; x_wconf 87' lang='lat' dir='ltr'><strong>enirn</strong></span> <span class='ocrx_word' id='word_1_237' title='bbox 1177 3952 1303 4035; x_wconf 76' lang='lat' dir='ltr'><strong>publicar</strong></span> <span class='ocrx_word' id='word_1_238' title='bbox 1312 3950 1442 4015; x_wconf 79' lang='lat' dir='ltr'><strong>societati</strong></span> <span class='ocrx_word' id='word_1_239' title='bbox 1452 3950 1517 4011; x_wconf 80' lang='lat' dir='ltr'><strong>ulios</strong></span> 
     </span>
     <span class='ocr_line' id='line_1_32' title="bbox 461 4048 1517 4135; baseline -0.014 -15"><span class='ocrx_word' id='word_1_240' title='bbox 461 4058 500 4119; x_wconf 89' lang='lat' dir='ltr'><strong>sit</strong></span> <span class='ocrx_word' id='word_1_241' title='bbox 523 4056 592 4117; x_wconf 82' lang='lat' dir='ltr'><strong>linis</strong></span> <span class='ocrx_word' id='word_1_242' title='bbox 614 4054 817 4132; x_wconf 79' lang='lat' dir='ltr'><strong>immediatus,</strong></span> <span class='ocrx_word' id='word_1_243' title='bbox 840 4052 913 4115; x_wconf 88' lang='lat' dir='ltr'><strong>ordo</strong></span> <span class='ocrx_word' id='word_1_244' title='bbox 936 4054 1047 4116; x_wconf 87' lang='lat' dir='ltr'><strong>scilicet</strong></span> <span class='ocrx_word' id='word_1_245' title='bbox 1059 4061 1209 4129; x_wconf 81' lang='lat' dir='ltr'><strong>externus,</strong></span> <span class='ocrx_word' id='word_1_246' title='bbox 1229 4054 1282 4133; x_wconf 85' lang='lat' dir='ltr'><strong>qui</strong></span> <span class='ocrx_word' id='word_1_247' title='bbox 1302 4073 1354 4135; x_wconf 89' lang='lat' dir='ltr'><strong>per</strong></span> <span class='ocrx_word' id='word_1_248' title='bbox 1376 4073 1408 4117; x_wconf 90' lang='lat' dir='ltr'><strong>se</strong></span> <span class='ocrx_word' id='word_1_249' title='bbox 1428 4048 1517 4113; x_wconf 81' lang='lat' dir='ltr'><strong>multis</strong></span> 
     </span>
     <span class='ocr_line' id='line_1_33' title="bbox 462 4140 1516 4233; baseline -0.012 -15"><span class='ocrx_word' id='word_1_250' title='bbox 462 4156 560 4217; x_wconf 87' lang='lat' dir='ltr'><strong>modis</strong></span> <span class='ocrx_word' id='word_1_251' title='bbox 569 4155 678 4216; x_wconf 81' lang='lat' dir='ltr'><strong>variari</strong></span> <span class='ocrx_word' id='word_1_252' title='bbox 700 4154 793 4233; x_wconf 91' lang='lat' dir='ltr'><strong>potest</strong></span> <span class='ocrx_word' id='word_1_253' title='bbox 804 4169 859 4231; x_wconf 89' lang='lat' dir='ltr'><strong>pro</strong></span> <span class='ocrx_word' id='word_1_254' title='bbox 876 4140 1048 4213; x_wconf 79' lang='lat' dir='ltr'><strong>diversitate</strong></span> <span class='ocrx_word' id='word_1_255' title='bbox 1069 4154 1287 4216; x_wconf 88' lang='lat' dir='ltr'><strong>elementorum</strong></span> <span class='ocrx_word' id='word_1_256' title='bbox 1302 4172 1338 4215; x_wconf 89' lang='lat' dir='ltr'><strong>ex</strong></span> <span class='ocrx_word' id='word_1_257' title='bbox 1355 4154 1464 4232; x_wconf 84' lang='lat' dir='ltr'><strong>quibus</strong></span> <span class='ocrx_word' id='word_1_258' title='bbox 1475 4146 1516 4209; x_wconf 91' lang='lat' dir='ltr'><strong>ille</strong></span> 
     </span>
     <span class='ocr_line' id='line_1_34' title="bbox 462 4252 1518 4333; baseline -0.003 -17"><span class='ocrx_word' id='word_1_259' title='bbox 462 4256 602 4332; x_wconf 77' lang='lat' dir='ltr'><strong>emergit,</strong></span> <span class='ocrx_word' id='word_1_260' title='bbox 627 4254 728 4314; x_wconf 83' lang='lat' dir='ltr'><strong>unitos</strong></span> <span class='ocrx_word' id='word_1_261' title='bbox 750 4260 893 4331; x_wconf 76' lang='lat' dir='ltr'><strong>preterea</strong></span> <span class='ocrx_word' id='word_1_262' title='bbox 917 4252 1100 4333; x_wconf 88' lang='lat' dir='ltr'><strong>judiciorum</strong></span> <span class='ocrx_word' id='word_1_263' title='bbox 1131 4260 1160 4315; x_wconf 91' lang='lat' dir='ltr'><strong>et</strong></span> <span class='ocrx_word' id='word_1_264' title='bbox 1189 4254 1380 4315; x_wconf 81' lang='lat' dir='ltr'><strong>voluntatum</strong></span> <span class='ocrx_word' id='word_1_265' title='bbox 1389 4254 1518 4331; x_wconf 71' lang='lat' dir='ltr'><strong>=respectu</strong></span> 
     </span>
     <span class='ocr_line' id='line_1_35' title="bbox 465 4346 1517 4433; baseline -0.006 -18"><span class='ocrx_word' id='word_1_266' title='bbox 465 4354 533 4415; x_wconf 85' lang='lat' dir='ltr'><strong>linis</strong></span> <span class='ocrx_word' id='word_1_267' title='bbox 556 4354 650 4432; x_wconf 88' lang='lat' dir='ltr'><strong>hujus</strong></span> <span class='ocrx_word' id='word_1_268' title='bbox 675 4351 840 4415; x_wconf 79' lang='lat' dir='ltr'><strong>immediati</strong></span> <span class='ocrx_word' id='word_1_269' title='bbox 860 4352 985 4414; x_wconf 90' lang='lat' dir='ltr'><strong>omniuo</strong></span> <span class='ocrx_word' id='word_1_270' title='bbox 1007 4354 1171 4415; x_wconf 77' lang='lat' dir='ltr'><strong>necessarie</strong></span> <span class='ocrx_word' id='word_1_271' title='bbox 1190 4358 1234 4417; x_wconf 89' lang='lat' dir='ltr'><strong>est</strong></span> <span class='ocrx_word' id='word_1_272' title='bbox 1250 4368 1258 4413; x_wconf 93' lang='lat'><strong>:</strong></span> <span class='ocrx_word' id='word_1_273' title='bbox 1275 4352 1331 4415; x_wconf 86' lang='lat' dir='ltr'><strong>hec</strong></span> <span class='ocrx_word' id='word_1_274' title='bbox 1344 4354 1452 4433; x_wconf 87' lang='lat' dir='ltr'><strong>quippe</strong></span> <span class='ocrx_word' id='word_1_275' title='bbox 1462 4346 1517 4409; x_wconf 91' lang='lat' dir='ltr'><strong>uni·</strong></span> 
     </span>
     <span class='ocr_line' id='line_1_36' title="bbox 464 4450 1516 4535; baseline -0.01 -18"><span class='ocrx_word' id='word_1_276' title='bbox 464 4461 524 4517; x_wconf 85' lang='lat' dir='ltr'><strong>tate</strong></span> <span class='ocrx_word' id='word_1_277' title='bbox 534 4454 701 4532; x_wconf 86' lang='lat' dir='ltr'><strong>deficiente,</strong></span> <span class='ocrx_word' id='word_1_278' title='bbox 716 4454 834 4515; x_wconf 83' lang='lat' dir='ltr'><strong>societis</strong></span> <span class='ocrx_word' id='word_1_279' title='bbox 844 4454 977 4535; x_wconf 78' lang='lat' dir='ltr'><strong>operatio</strong></span> <span class='ocrx_word' id='word_1_280' title='bbox 993 4454 1085 4517; x_wconf 79' lang='lat' dir='ltr'><strong>relate</strong></span> <span class='ocrx_word' id='word_1_281' title='bbox 1100 4452 1137 4522; x_wconf 84' lang='lat' dir='ltr'><strong>&#39;sd</strong></span> <span class='ocrx_word' id='word_1_282' title='bbox 1159 4456 1250 4517; x_wconf 87' lang='lat' dir='ltr'><strong>finem</strong></span> <span class='ocrx_word' id='word_1_283' title='bbox 1265 4451 1461 4518; x_wconf 82' lang='lat' dir='ltr'><strong>associationis</strong></span> <span class='ocrx_word' id='word_1_284' title='bbox 1471 4450 1516 4509; x_wconf 87' lang='lat' dir='ltr'><strong>in·</strong></span> 
     </span>
     <span class='ocr_line' id='line_1_37' title="bbox 463 4548 1516 4632; baseline -0.011 -15"><span class='ocrx_word' id='word_1_285' title='bbox 463 4555 627 4620; x_wconf 77' lang='lat' dir='ltr'><strong>mediorum</strong></span> <span class='ocrx_word' id='word_1_286' title='bbox 641 4555 674 4615; x_wconf 91' lang='lat' dir='ltr'><strong>in</strong></span> <span class='ocrx_word' id='word_1_287' title='bbox 686 4552 802 4614; x_wconf 78' lang='lat' dir='ltr'><strong>diversa</strong></span> <span class='ocrx_word' id='word_1_288' title='bbox 815 4551 959 4632; x_wconf 79' lang='lat' dir='ltr'><strong>paulatini</strong></span> <span class='ocrx_word' id='word_1_289' title='bbox 971 4554 1076 4631; x_wconf 84' lang='lat' dir='ltr'><strong>abiret,</strong></span> <span class='ocrx_word' id='word_1_290' title='bbox 1090 4572 1123 4617; x_wconf 84' lang='lat' dir='ltr'><strong>ec</strong></span> <span class='ocrx_word' id='word_1_291' title='bbox 1136 4556 1264 4623; x_wconf 74' lang='lat' dir='ltr'><strong>societas</strong></span> <span class='ocrx_word' id='word_1_292' title='bbox 1281 4554 1335 4617; x_wconf 88' lang='lat' dir='ltr'><strong>ille</strong></span> <span class='ocrx_word' id='word_1_293' title='bbox 1347 4554 1453 4617; x_wconf 85' lang='lat' dir='ltr'><strong>sensim</strong></span> <span class='ocrx_word' id='word_1_294' title='bbox 1464 4548 1516 4607; x_wconf 88' lang='lat' dir='ltr'><strong>dis-</strong></span> 
     </span>
     <span class='ocr_line' id='line_1_38' title="bbox 457 4656 632 4717; baseline -0.006 -1"><span class='ocrx_word' id='word_1_295' title='bbox 457 4656 632 4717; x_wconf 74' lang='lat' dir='ltr'><strong>solveretur.</strong></span> 
     </span>
    </p>
   </div>
   <div class='ocr_carea' id='block_1_14' title="bbox 0 0 1801 5675">
    <p class='ocr_par' dir='ltr' id='par_1_15' title="bbox 0 0 1801 5675">
     <span class='ocr_line' id='line_1_39' title="bbox 0 0 1801 5675; baseline 0 0"><span class='ocrx_word' id='word_1_296' title='bbox 0 0 1801 5675; x_wconf 95' lang='lat' dir='ltr'><strong> </strong></span> 
     </span>
    </p>
   </div>
  </div>
 </body>
</html>
