3559 5675
473 737 530 802 ¹02
878 750 958 796 suuis
976 749 1140 798 urrunnun

508 859 580 922 933.
593 860 724 922 munuc.
742 889 777 902 -
800 857 877 916 Sunt
899 856 952 932 qni
966 856 1140 919 existimant
1156 857 1351 918 restitutionis
1365 858 1522 936 promissum

468 977 623 1040 nunqnam
647 959 785 1040 praesenti
801 957 937 1036 pecnnia
952 957 1142 1035 aequivalere.
1163 959 1259 1036 Cujus
1276 958 1450 1036 opinationis
1460 979 1522 1022 nou·

467 1063 547 1126 nulli
570 1062 647 1123 itanc
657 1060 805 1121 rationem
824 1055 956 1119 afferunt
978 1076 988 1120 s
1013 1060 1038 1119 si
1053 1060 1215 1136 promissio
1228 1058 1384 1135 aequivalet
1394 1065 1521 1138 pecnnia

465 1165 620 1243 inquiunt,
642 1177 700 1222 non
720 1164 766 1222 est
789 1174 843 1220 cur
858 1159 986 1237 pecunia
1007 1163 1116 1220 mutuo
1130 1159 1307 1236 postuletur.
1322 1159 1379 1220 Sed
1391 1161 1522 1226 haerasia

464 1279 525 1326 non
537 1262 637 1324 solum
649 1261 734 1334 tatas,
750 1255 801 1320 sed
816 1257 946 1319 ridicula
959 1259 1051 1320 etiam
1065 1263 1120 1323 est.
1137 1257 1250 1320 Eadem
1259 1258 1344 1322 enim
1362 1257 1416 1320 hac
1428 1261 1523 1322 reione

463 1361 581 1444 probari
592 1365 698 1440 potest,
717 1373 825 1438 mtrem
846 1363 879 1418 et
898 1359 1068 1435 pecuniam.
1092 1373 1154 1434 qna
1173 1357 1260 1436 panis
1276 1357 1400 1429 emitur,
1414 1360 1522 1422 minine

462 1457 765 1538 essemqniratentiar
780 1457 864 1534 quia,
880 1457 906 1516 si
916 1461 1018 1518 essem
1029 1454 1250 1534 aquiratantia.
1266 1455 1344 1517 nihil
1356 1462 1521 1518 essctcausa

461 1577 515 1624 cur
533 1561 586 1622 illa
602 1563 858 1640 pernotarentur.
871 1557 910 1617 tt
930 1556 1061 1636 protecto
1085 1557 1129 1616 rei
1151 1556 1235 1617 rator
1254 1561 1285 1616 et
1305 1555 1439 1632 ejusdem
1460 1572 1522 1618 usus

460 1663 588 1724 maxime
606 1655 821 1742 distinguenda
840 1662 976 1718 suntset
994 1657 1082 1736 panis
1103 1663 1134 1717 et
1156 1657 1316 1735 promissio
1332 1655 1427 1718 alium
1449 1656 1521 1736 piane

459 1779 549 1826 nsum
577 1759 691 1820 habent
720 1771 813 1834 quam
837 1756 981 1836 pecunia;
1017 1755 1149 1818 ualerem
1173 1755 1374 1818 nihilominus
1399 1755 1521 1818 eumdem

457 1877 548 1942 quam
562 1863 641 1919 certa
652 1857 785 1935 pecunias
799 1871 922 1916 summa
935 1855 1044 1917 heines
1057 1861 1195 1934 possim
1209 1856 1340 1918 Pecunia
1350 1854 1470 1932 quidem
1480 1866 1522 1932 pet

457 1975 566 2022 manus
579 1957 717 2018 omnium
736 1955 963 2032 transmittitur,
982 1955 1021 2018 ad
1035 1971 1141 2018 omnes
1161 1957 1351 2019 necessitates
1371 1955 1523 2019 subdinit·

456 2068 530 2122 tur:
549 2057 705 2138 promissio
719 2059 820 2117 contra
831 2055 910 2116 vitiet
924 2055 1135 2118 tantummodo
1154 2055 1233 2135 apud
1246 2071 1318 2118 eum
1338 2059 1393 2135 qui
1404 2059 1468 2135 ejus
1478 2071 1521 2116 sa·

457 2159 551 2222 lorcin
570 2173 748 2236 cognoscere
761 2163 790 2216 et
802 2156 946 2218 adhibere
958 2166 1071 2237 potesta
1090 2159 1144 2235 qui
1158 2157 1282 2236 quidem
1296 2160 1435 2237 promissi
1453 2155 1522 2218 salon

458 2275 569 2338 magna
581 2275 617 2320 ex
629 2263 710 2338 parte
726 2255 835 2336 pandet
845 2273 864 2316 a
874 2255 1148 2335 complicetioribus
1168 2257 1321 2332 formulis,
1332 2275 1401 2338 ques
1412 2259 1445 2320 in
1460 2273 1523 2334 qun

453 2358 576 2420 ticianis
590 2363 619 2418 et
641 2357 767 2416 minutis
789 2355 962 2434 sunmtibns
984 2356 1134 2418 observari
1156 2373 1281 2437 prorsus
1301 2362 1467 2434 nequeunt.
1477 2355 1522 2414 tta·

453 2455 692 2537 quediiiorcntia
714 2456 791 2514 iuter
804 2461 982 2534 presentem
1006 2456 1165 2535 pecuniam
1181 2463 1212 2519 et
1233 2458 1465 2537 promissionem
1479 2451 1523 2514 ati·

455 2565 502 2619 est
522 2558 639 2633 utique,
660 2553 712 2614 scu
734 2559 793 2614 totu
811 2555 947 2614 consistit
965 2551 999 2614 in
1022 2569 1127 2615 earnm
1149 2569 1230 2632 utu3
1254 2571 1354 2632 neque
1374 2555 1413 2616 ati
1433 2565 1523 2614 mrum

453 2657 583 2719 valorem
604 2654 668 2714 ulie
683 2653 797 2714 ratione
815 2653 945 2730 pertinet
966 2673 974 2709 ε
995 2658 1085 2730 atque
1104 2653 1212 2716 idcirco
1230 2671 1266 2716 ea
1283 2653 1458 2716 differentia
1475 2650 1523 2712 mi·

453 2755 537 2816 nime
550 2751 684 2832 impetiit.
700 2750 866 2828 quominus
880 2765 943 2810 nna
957 2749 1043 2812 atteri
1058 2752 1245 2828 aquinateat.

491 2854 574 2929 Quoi
591 2860 691 2913 autem
706 2850 817 2911 multos
839 2850 945 2913 tallere
968 2850 1025 2913 isac
1044 2853 1075 2913 in
1088 2870 1121 2913 re
1134 2852 1222 2928 rotet,
1236 2858 1282 2915 est
1302 2856 1403 2931 major
1417 2853 1470 2914 iiia
1486 2868 1523 2911 se-

451 2956 561 3017 curitas
574 2968 636 3031 qna
645 2956 812 3030 spectamus
821 2948 851 3009 id
861 2949 1012 3027 quodiam
1025 2958 1179 3027 tenemus,
1192 2952 1315 3031 praitlo
1327 2952 1412 3031 quod
1423 2950 1525 3013 abaliis

450 3062 650 3136 expectamus.
661 3053 711 3123 nt,
725 3052 868 3128 quoniam
885 3050 949 3113 linc
959 3051 1056 3127 mmor
1069 3052 1216 3113 securitas
1230 3069 1309 3130 sape
1325 3054 1427 3115 oritur
1440 3050 1525 3113 solun

449 3174 485 3221 ex
499 3152 735 3235 apprehensione
748 3150 878 3228 quadarn
895 3150 1130 3231 imaginationis,
1153 3152 1289 3231 pericula
1307 3154 1342 3213 in
1357 3153 1449 3218 rebus
1463 3164 1525 3231 pro·

449 3256 498 3320 cul
511 3254 632 3317 remotis
643 3267 719 3311 vans
731 3248 885 3327 fingentis,
901 3249 1011 3311 ideirco
1022 3266 1059 3311 ea
1070 3266 1131 3311 non
1152 3258 1249 3331 potest
1269 3268 1336 3313 esse
1350 3250 1524 3314 rationabilis

448 3370 537 3419 eausa
549 3352 626 3431 sputi
641 3349 798 3411 hominem
811 3348 875 3425 qui,
890 3364 951 3409 non
963 3349 1191 3427 imaginatione.
1205 3350 1258 3414 aed
1268 3352 1389 3415 ratione
1402 3349 1521 3429 rapide·

449 3458 508 3519 bet.
525 3456 562 3515 Et
572 3466 642 3511 uero
653 3448 779 3529 pecnnia
790 3464 884 3525 quam
897 3464 988 3527 penes
1002 3464 1049 3509 me
1061 3448 1159 3515 habeo
1170 3467 1233 3513 uon
1246 3468 1369 3531 semper
1380 3454 1471 3513 tutior
1482 3456 1520 3511 cst

449 3552 658 3637 pecuniaque
681 3560 768 3626 penes
786 3543 877 3607 alium
893 3548 943 3607 sit.
959 3548 1086 3609 Possum
1105 3550 1188 3609 enim
1200 3552 1303 3629 etipse
1318 3550 1436 3632 ‚decipi,
1450 3551 1521 3611 [sau-

448 3658 525 3730 dari,
539 3654 619 3713 inrto
637 3646 771 3726 spoliari,
794 3646 871 3708 sicut
884 3646 963 3709 alius
977 3648 1115 3725 quilibet.
1131 3648 1257 3725 Quodsi
1276 3651 1308 3712 in
1323 3651 1388 3714 alio
1409 3664 1520 3732 possum

447 3758 582 3833 aliquam
596 3754 741 3831 praterea
753 3747 871 3809 umoris
885 3763 1007 3809 cansam
1028 3748 1176 3824 insanire,
1198 3751 1350 3811 nimirum
1368 3751 1439 3829 ejus
1455 3746 1520 3811 talli-

448 3857 595 3920 uilitatem
617 3856 646 3911 et
665 3847 829 3909 utilitatum
846 3862 974 3908 suarum
991 3864 1136 3923 amorem,
1157 3848 1221 3911 isco
1242 3850 1318 3911 ratio
1339 3852 1450 3929 utique
1462 3848 1521 3909 aliis

447 3952 631 4035 compensari
644 3950 740 4031 potest
764 3962 833 4024 qua
855 3946 959 4007 minus
979 3952 1073 4009 tutam
1092 3948 1172 4028 apuu
1184 3966 1233 4011 me
1253 3952 1420 4030 meursium
1437 3964 1520 4030 quam

449 4056 528 4137 apud
542 4052 630 4114 iilum
642 4046 780 4123 reddant,
792 4052 839 4121 ut,
854 4063 883 4105 c.
899 4061 946 4123 9,
962 4046 988 4107 si
999 4062 1067 4107 mea
1077 4046 1187 4109 domus
1201 4048 1280 4111 maie
1292 4046 1520 4119 custodimus

447 4155 578 4223 famulos
592 4152 744 4229 suspecus
756 4144 896 4223 habeam,
909 4150 940 4207 et
952 4143 1140 4222 hujusmodi.
1152 4147 1299 4225 Denique,
1313 4148 1453 4229 siquam
1466 4148 1520 4208 uim

446 4253 588 4341 periculis
610 4248 672 4311 iliis
691 4245 899 4327 promissionis
914 4244 954 4306 ab
972 4246 1185 4322 imaginatione
1197 4246 1332 4309 mutictis
1357 4260 1520 4329 suppremus

444 4358 597 4425 uolumus,
618 4366 721 4432 parem
743 4348 806 4411 rim
823 4346 890 4409 aliis
904 4344 1047 4427 periculis
1058 4348 1213 4427 prasentis
1232 4348 1312 4427 apud
1327 4366 1383 4418 me
1393 4348 1520 4431 pecunia

443 4459 575 4525 tribuere
596 4465 715 4515 nomem
733 4452 789 4509 est.
804 4446 905 4521 Quare
925 4460 1047 4507 somma
1060 4444 1161 4507 finalis
1181 4445 1369 4524 aquinatem
1384 4452 1520 4526 utrinqne

446 4578 511 4627 pesa
523 4560 619 4641 potest
642 4572 650 4617 t
675 4558 766 4629 atque
786 4546 839 4609 ubi
862 4548 1021 4627 promissio
1033 4546 1169 4613 &meac
1187 4554 1251 4611 tuta
1261 4554 1318 4627 cat,
1342 4550 1521 4633 capuensis

443 4658 581 4750 prasenti
593 4666 715 4738 prorsus
724 4646 895 4727 tequiuaiet.

481 4760 553 4826 934.
566 4760 635 4820 Poe.
648 4748 731 4813 458¹.
752 4750 824 4813 tax.
846 4749 876 4811 3·
888 4776 930 4797 -·
947 4748 1191 4829 Quotiescunque
1203 4748 1335 4831 pssunt·
1351 4750 1436 4835 ms
1457 4766 1520 4815 mu.
