3559 5675
480 737 540 799 tte
889 752 969 801 tuan
990 754 1150 803 narrrnscrs

479 860 592 935 exigit,
616 865 649 919 ut
676 857 794 919 socialis
829 875 934 919 earum
964 862 1095 940 operatio
1121 877 1173 939 per
1203 858 1356 938 politicum
1381 855 1523 919 carumdem

482 960 616 1021 ordinem
638 956 749 1019 facilior
770 959 842 1039 ipsis
856 959 1009 1020 reddatur.

524 1062 613 1121 lm.
646 1062 715 1121 Pos.
751 1059 833 1120 604¹.
862 1092 903 1105 -
918 1060 1125 1147 ‘Ethnarchica
1155 1060 1310 1123 associatio
1340 1077 1376 1121 ex
1401 1057 1526 1120 communi

482 1162 644 1224 constantis
663 1161 835 1221 commercii
858 1166 887 1221 et
907 1161 1023 1222 ordinis
1041 1162 1181 1239 reciproci
1203 1161 1384 1237 indigentia,
1404 1176 1458 1237 qua
1476 1156 1527 1234 pln-

484 1280 532 1323 res
549 1261 686 1322 nationes
705 1266 900 1339 premuntur,
917 1266 1064 1339 tauquam
1082 1278 1119 1323 ex
1139 1260 1267 1324 naturali
1285 1261 1443 1329 occasione,
1465 1272 1528 1317 eun·

482 1364 570 1425 citur.

525 1466 657 1525 tuon.--
669 1462 787 1523 Civium
800 1461 995 1523 multitudine
1005 1460 1084 1540 apud
1097 1462 1249 1522 societates
1258 1459 1530 1537 singutascresoentr.

484 1564 608 1625 alterins
624 1564 755 1624 nationis
767 1564 913 1625 utilitates
927 1574 957 1624 et
973 1562 1113 1637 lortunn,
1134 1568 1198 1622 tum
1218 1561 1418 1622 individuales
1429 1567 1484 1619 tum
1495 1574 1531 1617 ua

485 1666 621 1741 tionales,
635 1682 706 1725 cum
720 1664 848 1725 lortunis
863 1671 952 1741 atque
966 1664 1146 1723 utilitatibus
1164 1663 1277 1724 caeteris
1295 1662 1418 1722 alterins
1430 1660 1532 1720 nationis

484 1766 596 1827 sensim
630 1767 857 1842 corrJungrrntnr
878 1764 1028 1840 variisque
1047 1763 1145 1823 modis
1166 1764 1389 1823 interseruntur
1412 1776 1459 1839 per
1472 1774 1533 1819 conr·

486 1867 608 1939 mercia,
623 1882 676 1943 per
688 1866 838 1941 conjugia,
852 1882 908 1943 per
919 1865 1040 1937 itinera,
1054 1880 1109 1943 per
1122 1865 1311 1923 irnmuneras
1321 1858 1464 1939 ejusmodi
1475 1873 1534 1918 con·

486 1966 718 2026 manicationes.

526 2068 681 2137 Pretarea,
703 2064 880 2145 quopmagis
900 2064 1011 2125 artium
1034 2078 1068 2124 ac
1089 2063 1282 2123 scientiarum
1300 2061 1462 2141 disciplina
1477 2057 1534 2138 apul

485 2167 588 2247 plures
601 2166 737 2225 nationes
751 2162 905 2233 coluntur,
920 2180 956 2224 eo
968 2166 1066 2242 major
1078 2178 1328 2240 unamquamque
1341 2178 1445 2223 eamm
1455 2158 1536 2219 incedit
1580 2205 1581 2254 ἶ

485 2265 605 2345 cupido,
630 2262 805 2341 faciliorque
830 2262 889 2323 illis
919 2263 996 2323 ratio
1018 2264 1150 2341 suppetit
1169 2260 1331 2323 bominum
1360 2270 1470 2323 mentes
1492 2258 1536 2317 ani·

485 2382 611 2442 mosque
620 2362 772 2425 moraliter
786 2363 816 2423 in
827 2360 946 2421 easdem
957 2360 1118 2435 doctrinas,
1129 2361 1161 2421 in
1174 2360 1279 2421 eadem
1291 2361 1395 2421 studia
1406 2356 1536 2421 etconsilia
1580 2363 1581 2384 ³

484 2463 562 2543 apud
577 2462 746 2540 complures
757 2461 890 2521 nationes
903 2458 1117 2537 conjungendi.
1580 2533 1581 2544 ἵ

525 2564 674 2633 tamvero,
693 2558 743 2619 his
765 2574 867 2619 rernm
889 2557 1037 2635 adjunctis
1054 2558 1229 2637 suppositis,
1256 2561 1323 2637 jam
1341 2557 1443 2637 plures
1455 2556 1537 2615 adsunt

485 2662 621 2721 nationes
633 2658 947 2718 mutnoconstantium
961 2656 1142 2718 relationum
1155 2656 1274 2717 vinculo
1285 2658 1388 2736 reipsa
1402 2660 1538 2733 conjuncta

485 2762 516 2822 in
541 2759 626 2819 bonis
639 2757 821 2835 quibusdam
838 2758 951 2818 externi
966 2758 1082 2819 ordinis
1100 2775 1154 2837 per
1167 2773 1349 2823 communes
1372 2763 1486 2819 conatus
1498 2754 1538 2813 sili

485 2858 701 2940 comparandis.
717 2858 816 2932 Quare
830 2874 1018 2936 unaqueque
1030 2857 1152 2918 illarum
1161 2859 1227 2934 jam
1249 2865 1315 2916 tum
1331 2858 1424 2918 sentit
1437 2873 1466 2917 se
1482 2853 1539 2933 forto

486 2960 551 3037 ipso
568 2956 606 3018 ab
624 2954 692 3016 aliis
710 2957 882 3016 nationibus
904 2955 1085 3034 dependere,
1110 2957 1250 3032 quamvis
1273 2956 1376 3032 quoad
1393 2955 1447 3036 jac
1464 2971 1494 3014 ea
1513 2951 1539 3010 sil

486 3061 585 3122 adhuc
599 3056 812 3136 independens.
829 3059 1022 3134 Unaquaeque
1036 3057 1126 3118 etiam
1138 3059 1229 3118 scutit
1242 3057 1417 3118 vicinarum
1430 3055 1539 3133 gentian

486 3159 628 3220 doctrinis
647 3159 712 3234 jam
733 3171 858 3217 suornm
883 3157 996 3217 civium
1019 3163 1136 3216 mentes
1156 3157 1320 3234 penetrari,
1342 3163 1374 3218 et
1401 3155 1540 3218 rotonum

488 3257 588 3318 strrdio
609 3255 740 3334 quodam
760 3256 847 3332 quasi
862 3257 1030 3316 necessario
1042 3263 1071 3316 et
1086 3255 1254 3316 invincibili
1267 3256 1380 3317 vicinis
1398 3253 1540 3316 canonibus
1579 3248 1580 3275 ¹

486 3359 699 3420 adhaerescere.
720 3357 913 3432 ttnaquaeque
929 3355 1051 3416 tarsdem
1067 3356 1146 3417 ridet
1156 3357 1222 3433 jam
1236 3357 1411 3417 vicinarum
1432 3355 1540 3433 gentian

487 3455 644 3518 commoda
667 3459 755 3532 atque
775 3455 919 3514 utilitates
931 3456 963 3514 in
979 3455 1142 3516 discrimen
1162 3456 1270 3516 adduci
1284 3473 1348 3517 uon
1370 3475 1466 3538 posse,
1486 3453 1541 3530 quir

489 3558 606 3636 propria
620 3571 740 3631 quoque
758 3554 879 3614 illarum
895 3554 979 3614 salus
1006 3556 1199 3634 periclitetur.
1228 3556 1349 3618 Scilicet
1369 3559 1400 3616 iu
1416 3558 1451 3616 iis
1463 3566 1541 3614 rernm

485 3656 634 3732 adjunctis
656 3671 844 3731 unaqueque
858 3655 978 3714 illarum
1002 3657 1137 3731 gentium
1161 3657 1252 3718 sentit
1275 3657 1334 3718 sitri
1355 3659 1541 3730 omrrinooprs
1578 3714 1579 3727 ,

487 3771 561 3826 esse,
580 3761 614 3814 ut
630 3753 764 3814 ordinem
785 3759 902 3814 trreatur
917 3771 951 3815 ac
968 3763 1124 3816 conservet
1139 3772 1200 3816 non
1220 3757 1320 3817 solnm
1342 3759 1423 3836 apud
1437 3772 1499 3817 suos
1510 3753 1541 3810 ri·

487 3871 549 3928 res,
563 3853 715 3914 sedetiam
729 3853 806 3934 apud
822 3854 902 3914 cives
912 3855 1052 3915 omnium
1066 3873 1171 3916 canam
1186 3857 1359 3928 nationum,
1372 3874 1442 3918 cum
1455 3853 1539 3932 quito
1578 3860 1579 3887 ¹

486 3969 662 4014 communes
676 3952 825 4030 ejusmodi
840 3953 931 4013 habet
946 3955 1116 4016 relationes.

528 4056 617 4132 Atqui
632 4055 695 4114 haec
706 4055 866 4114 necessitas
882 4054 978 4130 gignit
1001 4056 1166 4132 unicuique
1187 4055 1312 4115 illarum
1335 4058 1487 4116 nationum
1493 4055 1539 4126 jus,

486 4155 562 4214 sicut
585 4155 650 4229 jam
677 4155 745 4209 ante
770 4158 924 4231 pepererat
947 4155 977 4214 in
1006 4166 1191 4231 unaquaque
1215 4152 1341 4214 illarum
1369 4151 1539 4217 desiderium

488 4251 636 4313 societatis
653 4249 841 4326 particularis
862 4265 933 4309 cnm
947 4249 1016 4309 aliis
1032 4253 1207 4313 nationibus
1226 4255 1379 4316 ineunda.
1400 4258 1481 4330 Ergo,
1499 4257 1538 4310 etc·

529 4349 618 4409 1223.
643 4351 771 4408 Conona.
800 4352 827 4407 t.
855 4381 894 4392 -
911 4352 1061 4423 Quoniam
1083 4353 1228 4432 principis
1246 4355 1385 4418 cilicium
1406 4363 1449 4418 est
1466 4352 1538 4412 socie·

489 4454 580 4508 tatem
594 4446 652 4505 sibi
663 4449 854 4509 conrmissam
871 4454 948 4511 tueri
961 4468 995 4512 ao
1009 4453 1163 4532 perlicere,
1180 4462 1211 4514 et
1225 4457 1306 4518 rsatio
1317 4459 1430 4535 qtraevis
1443 4471 1489 4534 per
1502 4464 1539 4510 ne

488 4544 615 4604 turalem
630 4545 723 4622 ipsam
742 4563 867 4610 suarum
887 4551 999 4611 virium
1021 4553 1222 4614 evolutionem
1234 4557 1267 4616 in
1281 4558 1321 4618 iis
1333 4557 1538 4634 adjunctiscon·

488 4643 634 4716 stitrritnr,
651 4644 682 4703 in
695 4647 806 4721 quibus
819 4657 957 4712 constans
968 4668 1038 4712 com
1053 4652 1122 4714 aliis
1133 4655 1320 4731 quibusdam
1335 4657 1496 4719 nationibus
1505 4666 1538 4711 so

488 4743 578 4802 cletas
595 4747 624 4802 et
636 4745 764 4806 amicitia
779 4757 823 4810 est
835 4751 878 4810 itti
895 4769 1018 4830 prorsus
1033 4758 1221 4836 necessaria;
1236 4758 1430 4820 manifestum
1442 4763 1489 4834 est,
1500 4753 1537 4811 ull
