3559 5675
529 712 543 739 ⁸
587 739 695 785 scutra.
717 756 756 772 ·-
777 740 859 785 cinna
881 727 1066 787 oneremus
1300 722 1354 785 1111

279 846 436 920 utcunque
448 845 645 925 suppeditare,
658 844 1034 925 estprolectolaverebello
1042 843 1120 921 quod
1133 843 1171 905 ab
1180 842 1361 907 illanntiune

278 944 406 1021 geritur,
424 947 513 1023 eique
524 952 689 1026 cooperari,
708 955 742 1009 ut
754 946 878 1008 evidens
889 951 943 1005 est.
960 947 1049 1022 Ergo,
1065 952 1121 1007 etc.

321 1044 419 1104 Pron.
445 1048 478 1105 2·
499 1061 585 1109 rias.
607 1049 717 1111 -Vel
733 1046 846 1125 injuria
862 1061 879 1105 a
898 1044 1020 1123 populo,
1039 1046 1093 1121 qni
1106 1044 1358 1125 belloappetitur,

278 1146 442 1206 commissa
456 1147 580 1209 omnino
594 1148 715 1210 evidens
738 1153 783 1208 est
802 1152 893 1223 atque
907 1151 989 1205 extra
1002 1161 1124 1206 omnem
1142 1144 1362 1221 dubitationem

278 1244 363 1321 apud
377 1260 483 1306 omnes
501 1246 616 1307 vicinas
634 1244 902 1324 nationestpositm
916 1243 963 1305 rel
977 1242 1104 1305 obscura
1126 1249 1156 1304 et
1169 1244 1283 1306 incerta
1298 1253 1360 1325 est,

280 1341 392 1403 saltem
422 1344 501 1423 apud
533 1343 608 1407 alias
637 1346 796 1416 nationes,
823 1343 963 1421 quamvis
986 1344 1068 1404 natio
1100 1344 1169 1407 ltese
1199 1345 1362 1408 certissime

282 1443 360 1503 sciat
374 1460 405 1505 se
420 1446 565 1522 injuriam
584 1446 622 1507 ab
642 1445 734 1507 altera
749 1444 803 1505 illa
821 1445 943 1505 natione
956 1460 1075 1521 passam
1094 1443 1199 1504 luisse.
1215 1445 1308 1522 Atqui
1329 1448 1362 1507 iu

279 1548 392 1605 neutro
415 1562 485 1605 casu
509 1548 590 1607 natio
613 1547 683 1607 laesa
704 1546 862 1622 hebetius
883 1544 1003 1606 vetandi
1018 1545 1056 1607 ne
1078 1545 1196 1623 populi,
1209 1552 1244 1605 ut
1264 1546 1360 1625 aiunt,

280 1646 398 1716 uentri,
408 1658 478 1703 cum
488 1646 608 1705 natione
623 1646 676 1706 illa
690 1652 815 1706 nocente
829 1660 945 1705 merces
956 1660 1010 1722 per
1025 1659 1057 1703 se
1070 1642 1215 1703 innocuas
1225 1660 1361 1706 commn-

279 1738 394 1799 tricent.
412 1742 476 1801 Non
487 1743 518 1801 in
533 1746 564 1802 2⁰
578 1758 668 1804 casu:
685 1745 756 1821 quia
770 1742 873 1821 populi
883 1757 987 1801 omncs
998 1741 1096 1801 neutri
1113 1740 1287 1819 bebentjus
1298 1759 1361 1804 cer·

282 1846 348 1899 tum
365 1840 403 1901 ad
414 1842 572 1904 relationes
584 1846 725 1906 amicales
742 1860 810 1905 cum
824 1843 944 1904 natione
956 1858 1024 1921 quae
1036 1842 1150 1918 injuste
1163 1858 1275 1903 nocens
1288 1860 1361 1922 sup—

280 1942 417 2018 ponitur,
428 1942 659 2019 ccnservandas,
672 1951 700 2003 et
713 1943 746 2004 ad
763 1944 866 2003 omnia
879 1942 1049 2017 commoda,
1071 1958 1183 2019 queen
1194 1940 1362 2004 mutuoillo

277 2042 461 2101 commercio
475 2043 624 2121 percipere
637 2044 682 2102 illi
694 2048 934 2103 consueverunt:
950 2042 1030 2119 quod
1040 2042 1262 2119 jusindnbium
1274 2043 1362 2123 plane

279 2142 313 2199 in
324 2140 481 2201 collisione
502 2142 631 2203 validius
643 2148 687 2203 est
698 2146 769 2220 jure
782 2142 910 2202 obscuro
926 2147 957 2201 et
971 2142 1083 2203 incerto
1095 2143 1230 2202 nationis
1248 2160 1317 2219 quae
1330 2162 1361 2205 sc

278 2244 397 2319 injuste
412 2241 513 2301 laesam
529 2241 610 2303 dicit.
625 2244 713 2319 Ergo,
729 2240 875 2318 quamdiu
897 2241 981 2300 natio
1000 2239 1072 2299 laesa
1091 2242 1197 2317 nequit
1214 2242 1359 2317 injuriam

279 2341 342 2401 sibi
356 2340 472 2401 illatam
489 2341 640 2403 evidenter
659 2341 739 2420 apud
759 2341 834 2401 alios
847 2339 975 2418 populos
989 2339 1206 2416 demonstrare,
1223 2342 1288 2416 J'us,
1300 2358 1361 2419 quo

280 2439 320 2499 ed
333 2438 449 2501 bellurn
461 2440 626 2516 gerendum
637 2442 743 2517 utitur,
752 2440 855 2515 nequit
863 2438 1014 2498 inlirmare
1020 2440 1072 2515 jus
1081 2437 1363 2517 populicujuspiam

282 2538 387 2599 neutri
401 2537 438 2598 ad
451 2554 566 2599 merces
584 2556 637 2617 per
646 2555 683 2600 se
699 2539 843 2599 innocuas
857 2537 972 2598 nationi
985 2537 1105 2598 laedenti
1118 2538 1360 2617 suppeditandas.

323 2640 391 2698 b'on
405 2636 436 2698 in
451 2643 479 2696 1ο
492 2654 578 2698 casu:
595 2639 666 2713 quia
679 2637 765 2698 nulla
774 2642 896 2701 externa
906 2652 981 2713 gens
992 2652 1166 2713 cognoscere
1177 2644 1255 2699 certo
1268 2620 1364 2717 potest

284 2746 392 2799 utrum
407 2736 539 2815 populus
553 2737 608 2797 iste
622 2742 729 2796 neuter
746 2736 877 2797 lesionis
891 2735 974 2795 illius
992 2732 1176 2812 injustitiam
1192 2736 1282 2816 plane
1297 2754 1364 2817 per-

280 2839 394 2900 videat.
419 2841 497 2916 Ergo
511 2853 668 2915 nunqnam
690 2841 785 2915 polest
799 2834 837 2895 ab
855 2841 977 2896 externa
993 2843 1081 2912 gente
1091 2834 1198 2896 ullum
1212 2837 1362 2916 ejusmodi

280 2937 429 3016 officium,
439 2953 503 3014 quo
517 2935 648 3016 populus
659 2943 764 2996 neuter
775 2935 978 3011 obstringetur
991 2935 1028 2996 ob
1040 2937 1107 3011 ejus
1122 2935 1252 2996 laesionis
1265 2937 1362 3014 injus-

279 3040 379 3100 titiam
398 3037 576 3116 evidentem,
599 3042 678 3098 ccrtc
699 3036 921 3096 determinare.⁴
933 3038 1011 3111 Ergo
1030 3051 1185 3112 nunquam
1205 3036 1296 3096 etiarn
1309 3039 1362 3113 jus

280 3140 416 3200 nationis
428 3137 516 3214 laesae,
530 3136 600 3198 bulo
614 3135 712 3197 officio
723 3135 944 3205 correlativum,
956 3140 1052 3213 potest
1065 3143 1145 3197 certo
1156 3134 1360 3196 determinari.

280 3241 377 3318 Atqui
395 3241 447 3314 J'us
460 3227 713 3316 quod'nunquem
730 3243 824 3316 potest
844 3242 924 3297 certo
943 3236 1147 3311 determinari,
1165 3251 1360 3314 nequaquam

279 3347 328 3400 est
340 3342 394 3416 jus
407 3340 525 3418 proprie
539 3346 694 3418 sumptum
710 3335 803 3418 (369).
822 3339 912 3414 Ergo,
920 3344 982 3398 etc.

326 3441 414 3500 1197.
440 3441 569 3500 Conona.
584 3439 714 3498 -Binae
731 3443 829 3517 partes
854 3438 1010 3515 positionis
1031 3453 1129 3517 nuper
1148 3439 1298 3518 explicate
1313 3442 1361 3501 vi-

278 3543 395 3602 dentur
409 3539 506 3618 prima
521 3540 620 3616 specie
640 3539 719 3598 inter
743 3555 774 3598 se
788 3537 952 3598 colluctari.
975 3538 1094 3597 Etenim
1106 3539 1195 3598 etiam
1214 3541 1360 3601 mercium

278 3647 484 3704 innocuorum
499 3639 670 3718 importatio
684 3639 738 3699 alit
752 3639 829 3699 vires
851 3637 983 3698 trationis
994 3640 1142 3713 nocentis,
1161 3640 1250 3717 eique
1263 3642 1363 3702 media

277 3740 453 3819 suppeditat
471 3739 506 3800 ad
533 3739 648 3800 bellum
672 3739 813 3800 adversus
839 3739 992 3798 irationem
1009 3738 1111 3798 laesam
1130 3741 1360 3818 sustinendum,

277 3851 311 3904 et
325 3841 539 3902 commercium
559 3838 712 3916 quodlibet
735 3838 854 3898 divitias
868 3837 951 3896 illius
962 3843 1064 3913 auget,
1075 3854 1142 3912 quar
1154 3839 1280 3914 quidem
1291 3852 1363 3900 suut

277 3943 424 4004 omnium
442 3942 610 4000 maximnm
623 3937 795 4000 subsidium
809 3951 817 3996 ε
834 3937 946 3996 divitiis
958 3951 1288 4014 namquequaecunque
1301 3939 1361 4000 1111

276 4042 418 4105 subsidia
438 4041 526 4100 lacile
547 4045 769 4118 comparantur.
796 4039 884 4114 Ergo,
899 4037 1045 4113 quoniam
1064 4036 1176 4116 populo
1188 4037 1288 4097 neutri
1299 4055 1359 4099 nou

276 4144 350 4204 licet
373 4141 485 4201 nationi
504 4139 647 4200 adversus
664 4139 766 4211 allam,
790 4153 882 4214 quarn
898 4135 1013 4214 injuste
1031 4133 1149 4210 laeserit,
1171 4135 1360 4213 belligeranti

275 4243 446 4322 cooperari,
462 4257 499 4300 ne
512 4240 658 4299 mercium
670 4238 794 4315 quidem
809 4255 862 4316 per
874 4254 906 4298 se
919 4236 1118 4297 innocuorum
1131 4237 1362 4300 communicatio

276 4341 460 4406 debetlicita
470 4341 651 4412 existimari5
667 4340 740 4416 quia
753 4339 900 4398 mercium
911 4354 964 4416 per
977 4355 1009 4398 se
1021 4337 1182 4400 edbellum
1193 4338 1360 4415 gerendum

277 4444 407 4506 utilium
422 4439 623 4519 importationi
645 4439 734 4517 plane
746 4439 915 4516 equivalet.

319 4547 461 4604 Attamen
483 4543 514 4600 in
534 4540 590 4600 boc
610 4545 642 4614 et
664 4540 840 4600 innumeris
857 4540 925 4599 aliis
939 4542 1088 4615 ejustnodi
1111 4542 1230 4605 casibus
1253 4543 1360 4604 distin-

276 4643 401 4723 guerrdn
423 4657 542 4720 semper
563 4646 607 4701 cst
628 4641 797 4719 cooperatio
819 4656 886 4718 qum
907 4641 940 4699 lit
960 4642 1071 4702 directe
1091 4651 1121 4703 et
1142 4660 1195 4722 per
1220 4651 1360 4705 naturam

276 4747 378 4826 ipsam
402 4745 539 4819 actionis,
563 4759 580 4803 a
603 4743 809 4822 cooperatione
826 4759 895 4821 quie
917 4742 1019 4803 solum
1038 4744 1075 4802 lit
1096 4745 1236 4805 indirecte
1257 4753 1286 4805 et
1308 4762 1360 4824 per

385 4859 417 4908 tt.
1162 4844 1205 4903 111·
