3559 5675
444 696 503 759 est
847 702 929 753 tunm
948 706 1108 758 numurus

440 806 597 897 primeudc
606 828 619 879 ,·
640 801 800 867 lt'bertntem
817 806 949 870 munitur
963 809 1096 886 mamili,
1114 830 1203 892 quoru
1219 812 1331 875 muri
1352 810 1447 875 liccat
1462 815 1521 873 nio

441 913 513 977 lere.
535 907 635 987 Quidt
656 907 820 987 Sperantne
839 906 889 969 isti
911 911 1132 992 improbitatem
1150 930 1239 976 suern
1258 930 1391 993 purgare
1404 931 1522 993 perta·

442 1014 601 1077 nimimam
619 1006 697 1069 hanc
718 1006 950 1090 excusationem,
968 1010 1051 1090 quod
1063 1012 1185 1075 libertm
1204 1030 1260 1077 seu
1279 1014 1383 1095 potius
1402 1014 1523 1077 tuum

443 1116 500 1177 ista
523 1112 562 1175 eit
585 1107 701 1173 civibus
719 1110 879 1171 concesmt
897 1111 969 1181 Non,
982 1128 1119 1192 mesum,
1141 1114 1297 1193 inquiunt,
1316 1116 1401 1177 uvea
1418 1114 1461 1175 ab
1478 1114 1524 1177 hia

442 1210 606 1277 sceleribus
619 1206 840 1271 committendis
861 1206 1131 1290 protasiumque
1152 1212 1277 1292 promisi
1296 1230 1348 1275 nie
1366 1212 1435 1275 illis
1448 1213 1526 1277 hunc

442 1314 595 1379 licentiam
618 1308 829 1371 senatummt
854 1309 916 1371 Cur
938 1326 1010 1389 ergo
1032 1328 1119 1390 reges
1139 1318 1170 1373 et
1190 1314 1341 1395 principes
1363 1313 1525 1393 micaque

442 1414 595 1477 ministros
612 1408 712 1471 adhuc
733 1407 893 1485 hebernus
915 1412 943 1471 ai
963 1428 996 1473 se
1015 1412 1144 1476 minime
1166 1411 1314 1491 numitor
1329 1411 1475 1491 iudicent
1490 1411 1525 1475 al

443 1516 559 1579 malum
572 1510 728 1592 publicum
741 1508 945 1589 quodcunque
959 1510 1130 1585 effirauur,
1150 1528 1249 1591 quum
1268 1520 1413 1593 poscunt,
1429 1514 1525 1593 impe·

443 1614 608 1681 dientlumt
628 1608 759 1671 Numcui
777 1612 873 1689 potest
896 1626 967 1672 vera
990 1612 1154 1675 necessitas
1174 1628 1241 1675 csse
1266 1616 1302 1673 ut
1322 1612 1406 1673 desit
1429 1612 1525 1677 officio

441 1717 518 1783 auct
532 1712 713 1777 libertatem
726 1710 815 1771 istam
828 1711 1012 1790 concessisti,
1026 1718 1081 1774 aut
1095 1726 1268 1777 concessam
1285 1719 1487 1777 servaturum
1500 1720 1525 1775 te

442 1813 623 1900 promisistil
646 1810 776 1873 Peccnsti
795 1809 979 1891 concedens,
993 1820 1047 1874 aut
1067 1814 1260 1892 promittens,
1275 1812 1335 1875 nini
1353 1812 1527 1891 ignorantie

443 1915 594 1983 emuserir
602 1934 611 1991 ς
625 1926 730 1993 pecces
742 1926 825 1973 nunc
841 1911 1035 1975 anatomicam
1049 1930 1119 1977 eam
1137 1913 1290 1975 licentem
1305 1915 1524 1977 mnmrvantlo.

483 2018 540 2077 lll.·
548 2010 676 2075 Tametsi
692 2009 869 2071 libertinum
882 2013 1020 2089 regimen
1031 2014 1071 2075 sit
1084 2030 1140 2093 per
1151 2028 1185 2075 se
1197 2030 1324 2093 pravum
1337 2020 1372 2077 ct
1385 2018 1524 2093 noxium,

437 2122 583 2192 attamen,
596 2127 695 2191 quum
720 2108 797 2171 illud
809 2114 876 2193 jam
900 2118 947 2173 est
968 2115 1179 2193 conectuntur,
1200 2120 1329 2194 poscunt
1341 2114 1429 2175 licite
1448 2118 1523 2177 mres

437 2216 491 2283 tati
512 2213 664 2281 Gunernic
685 2208 859 2273 fidelitatem
872 2210 1010 2289 ciuicam,
1022 2214 1114 2276 etiam
1131 2216 1319 2294 juramento,
1333 2216 1521 2293 promittere,

437 2334 501 2383 nnn
523 2322 624 2379 auum
642 2310 812 2393 politicen,
829 2312 1090 2389 quemadmodum
1115 2315 1290 2395 usurpatori
1303 2317 1374 2392 jam
1390 2316 1523 2379 ridimm

436 2419 515 2483 libro
529 2418 565 2479 ll
574 2417 639 2495 (nn.
652 2410 796 2495 69l,692)
812 2428 899 2491 purae
913 2414 1020 2492 utiquc
1030 2416 1113 2477 nives
1127 2414 1304 2477 tidelitmm
1310 2417 1458 2493 unm,
1471 2418 1522 2481 sed

438 2536 500 2583 non
518 2518 681 2599 politicam,
695 2514 879 2595 promittere.
898 2513 1037 2577 &ueteri
1054 2530 1188 2593 namque
1205 2517 1260 2593 J‘us
1280 2533 1468 2595 supremum
1479 2525 1522 2579 ert

438 2618 615 2683 consulendi
628 2632 691 2679 sun
706 2614 801 2693 ipsius
814 2614 998 2677 existentia:
1010 2616 1043 2676 in
1055 2631 1148 2693 quem
1161 2616 1254 2677 tinem
1270 2624 1318 2679 est
1327 2620 1460 2679 omnino
1472 2636 1523 2681 ne·

437 2720 599 2785 commum
613 2722 648 2779 ut
661 2720 816 2779 omneneet
828 2713 941 2792 singuli
955 2716 1027 2777 accii
1050 2722 1210 2780 teneantur
1223 2721 1401 2789 ‚auctoritati
1418 2721 1522 2781 amiati

441 2820 561 2884 obedire
575 2820 607 2880 in
624 2818 661 2880 iis
675 2814 816 2880 omnibus
829 2832 899 2895 quei
916 2815 956 2880 ad
977 2816 1087 2880 sociale
1100 2816 1215 2880 bonum
1230 2821 1478 2883 conservandum
1489 2840 1522 2882 ae

441 2919 657 3006 perficiendum
669 2919 831 3000 portinent,
843 2918 993 2980 nimirum
1004 2917 1262 2982 inordinacione.
1279 2917 1316 2981 lt
1327 2921 1419 2982 nullo
1430 2924 1521 2983 iiueur

440 3027 566 3106 possum
576 3019 674 3083 cilicio
688 3018 754 3096 cogi
766 3023 801 3080 ut
810 3034 934 3096 pravam
943 3019 1126 3096 noxiamque
1138 3021 1296 3097 regiminis
1308 3021 1444 3082 termam
1457 3041 1522 3084 aus·

440 3125 555 3186 tineent
565 3139 601 3184 cc
615 3125 756 3184 tueantur
769 3119 866 3198 cquin
881 3120 947 3182 imo
958 3119 1046 3182 nulla
1057 3121 1173 3182 ratione
1181 3119 1289 3182 imum
1300 3120 1372 3182 licet
1385 3121 1521 3201 polliceri

437 3241 471 3288 sc
481 3223 519 3286 ari
532 3223 590 3286 tulo
599 3221 789 3286 Gubernium
802 3219 1043 3282 mmcrrmnum
1055 3237 1120 3282 esne
1132 3227 1339 3302 cooperaturos
1349 3242 1360 3294 ;
1371 3239 1444 3300 qun
1458 3223 1521 3284 duo

440 3331 513 3390 sunt
522 3325 554 3386 in
563 3323 669 3386 ordine
683 3321 813 3402 politico.
825 3321 936 3384 Conler
949 3337 1019 3400 qun
1027 3321 1065 3384 de
1076 3323 1199 3402 juribus
1212 3322 1406 3406 Uaurpatoris
1417 3325 1523 3386 docui·

438 3424 635 3490 musduebus
646 3423 716 3484 libri
731 3423 767 3484 lll
781 3421 853 3484 locis
867 3437 966 3502 nuper
986 3423 1084 3484 citatis
1098 3437 1108 3482 ε
1120 3438 1193 3484 narn
1204 3439 1273 3502 qun
1285 3422 1325 3485 tle
1336 3425 1523 3504 llaurpatore

439 3527 482 3588 ibi
502 3531 573 3588 cunt
587 3523 755 3604 tradimur
775 3522 969 3586 libemliaticn
992 3524 1150 3602 regiminis
1160 3527 1259 3588 terma
1270 3525 1379 3588 mdem
1395 3543 1523 3606 prorsus

439 3624 528 3687 murlo
541 3641 612 3686 vcra
624 3633 707 3686 sunt.
1132 3646 1136 3654 ·
1233 3645 1237 3654 ·
1435 3689 1440 3696 ,

438 3769 444 3776 .
479 3724 569 3790 1360.
581 3729 649 3792 loc.
662 3725 747 3790 672⁸.
762 3726 1067 3806 -Omnisprinceps
1078 3731 1196 3788 tenetur
1207 3743 1331 3790 summa
1341 3743 1420 3791 cura
1432 3729 1523 3793 abati·

436 3825 552 3890 nereeh
561 3825 626 3886 ulla
638 3841 670 3888 re
682 3823 730 3888 vel
740 3824 876 3902 jubenda
889 3825 923 3885 in
933 3824 1052 3903 legibue
1063 3842 1098 3888 ac
1107 3826 1245 3906 decretis,
1254 3829 1303 3890 nel
1316 3825 1459 3891 iacienda
1469 3835 1522 3891 ant

435 3927 589 3990 toleranda
605 3927 638 3988 iu
660 3924 838 4005 quotidiano
859 3926 904 3988 rei
922 3927 1052 4006 publica
1065 3929 1242 4005 regimento,
1259 3946 1329 4008 qun
1350 3930 1474 4008 legions
1488 3948 1521 3994 ae

433 4029 556 4108 juncus
566 4027 781 4092 coloncello
791 4033 875 4108 pecto
885 4027 1072 4090 alienetur.

481 4129 648 4194 Pronurus
661 4127 693 4188 iel
705 4127 851 4188 lucillime
866 4144 905 4189 ex
919 4128 959 4188 iis
968 4143 1038 4206 qun
1047 4130 1113 4208 jam
1123 4132 1374 4194 retrommtituta
1386 4143 1472 4196 sanc
1486 4165 1521 4184 ..

434 4213 525 4307 iam,
539 4235 574 4292 ut
582 4227 735 4292 evidenter
749 4228 890 4308 ruperim
904 4227 1191 4307 demonstravimus,
1197 4232 1298 4294 omnis
1310 4234 1463 4297 secularia
1473 4253 1523 4316 pn-

436 4335 524 4390 tcetm
538 4337 582 4392 cet
590 4333 661 4409 jurc
673 4329 777 4392 diuino
793 4329 989 4392 subordinate
1001 4334 1139 4411 potestati
1152 4333 1368 4413 ecueuasticnm
1381 4339 1464 4400 sicut
1473 4355 1523 4398 ao·

435 4430 527 4492 cietur
540 4430 713 4510 temporalis
727 4429 928 4494 essentialiter
936 4431 1026 4494 debet
1034 4434 1166 4496 societati
1177 4436 1326 4514 spirituali
1335 4438 1522 4516 munerum

435 4528 516 4592 sicut
529 4529 598 4592 linis
609 4531 748 4611 proprius
758 4531 826 4592 vitu
837 4532 995 4610 pinsentis
1005 4534 1201 4601 monemur
1210 4535 1419 4598 ordinaturnd
1431 4541 1521 4600 hem
1571 4515 1577 4524 ¹

437 4630 471 4692 in
484 4630 546 4694 vita
555 4631 660 4694 iutura
671 4630 918 4711 consequendum
932 4634 1037 4715 (test,
1048 4633 1370 4716 sollemniaque
1381 4641 1524 4702 occulens

437 4733 598 4796 auctoritas
609 4737 709 4812 posset
720 4733 800 4796 licite
814 4732 910 4796 lucere
927 4741 982 4796 aut
1000 4735 1098 4799 iahia
1108 4736 1218 4815 janue
1227 4743 1334 4800 contre
1343 4742 1418 4818 jura
1430 4742 1522 4818 leges
