3559 5675
456 713 516 778 tel
863 731 943 778 rums
963 729 1144 778 serunens-

453 841 504 902 illc
516 840 678 922 voluptatis
691 859 746 903 sen
761 841 832 904 bcni
844 838 997 902 sensibilis
1007 857 1044 902 ex
1061 856 1118 902 suo
1130 838 1241 900 delicto
1259 839 1404 918 sperabat.
1417 839 1452 900 llt
1464 839 1506 902 iile

455 941 585 1019 prolecto
604 954 657 1022 per
681 955 773 1002 sunm
797 938 939 1001 delictum
958 940 1111 1018 querebat
1131 940 1230 1017 mains
1252 937 1365 999 bonum
1384 939 1506 1000 sensibile

455 1041 671 1120 haberequem
685 1045 772 1100 entes
795 1038 974 1118 possidebat.
989 1043 1068 1119 lingo
1085 1055 1148 1100 non
1171 1039 1271 1100 solnm
1295 1037 1373 1100 bono
1389 1037 1506 1098 sensibili

455 1157 509 1221 per
521 1141 664 1203 delictum
682 1140 827 1218 acquisito
848 1140 1011 1221 privandus
1031 1145 1093 1216 est;
1110 1139 1154 1202 sic
1165 1139 1250 1201 e'nim
1266 1137 1304 1200 nd
1324 1137 1448 1218 priorem
1459 1145 1508 1200 sn-

454 1247 531 1318 tnm,
548 1242 579 1301 in
602 1257 663 1319 quo
685 1248 753 1302 ente
774 1240 919 1302 delictum
940 1247 1013 1318 erut,
1034 1238 1225 1302 solummodo
1244 1237 1449 1316 reduceretur;
1467 1237 1508 1299 sed

456 1341 640 1402 tantumdem
655 1339 725 1402 boni
740 1340 890 1401 sensibilis
910 1357 948 1402 ex
960 1339 998 1400 iis
1018 1355 1086 1418 qne
1098 1345 1169 1399 ante
1187 1338 1332 1399 delictum
1348 1335 1509 1418 possidebat,

455 1440 694 1502 subtrahendum
711 1441 757 1502 illi
774 1447 829 1503 est.
908 1440 911 1447 '

495 1538 527 1600 θ’
543 1539 662 1602 Punitio
679 1540 768 1602 debet
786 1541 899 1602 damna
923 1541 1077 1601 resarcire.
1103 1541 1141 1600 nt
1161 1537 1291 1616 quodvis
1312 1533 1509 1598 delictnmdno

454 1639 584 1700 societati
596 1639 708 1702 demna
724 1641 825 1716 infert,
837 1639 967 1702 elternm
985 1655 1118 1720 personae
1132 1638 1243 1700 directe
1255 1653 1309 1717 per
1324 1634 1460 1698 delictum
1471 1635 1511 1696 ln

455 1755 504 1814 sae,
527 1738 659 1800 alterum
678 1738 822 1800 indirecte
845 1738 977 1800 societati
995 1737 1158 1819 perterritis
1171 1736 1266 1796 lntnri
1288 1733 1392 1796 damni
1411 1735 1510 1796 timon.

456 1840 533 1916 Ergo
547 1855 609 1900 non
623 1837 723 1901 solum
737 1839 849 1901 demna
861 1841 1020 1920 preterita,
1032 1837 1086 1900 sed
1099 1839 1191 1899 edam
1203 1839 1317 1912 lutura,
1334 1853 1370 1897 ex
1382 1851 1460 1912 equa
1470 1833 1513 1894 bo·

456 1955 526 2000 rum
553 1939 733 2000 damnorum
761 1941 950 2020 proportione
977 1940 1111 2000 resarciri
1140 1953 1193 2017 per
1218 1935 1318 1998 delicti
1345 1936 1512 2015 punitionem
1586 1926 1587 1939 ¹

457 2038 575 2100 debent.
590 2041 679 2116 Ergo,
701 2046 848 2118 quatenus
862 2041 927 2101 lieri
948 2045 1056 2120 potest,
1078 2045 1195 2099 tentum
1214 2036 1285 2098 boni
1307 2033 1455 2096 sensibilis
1470 2033 1514 2096 de-

456 2139 608 2215 linquenti
616 2138 854 2201 subtrehendum
864 2147 920 2215 est,
929 2145 1078 2217 qnantum
1091 2137 1195 2198 domni
1207 2137 1296 2198 seoda
1305 2136 1446 2196 delictum
1453 2131 1514 2195 illud

455 2239 521 2312 iam
536 2235 635 2298 attulit
649 2254 683 2300 ac
697 2237 885 2319 postmodnm
902 2237 1028 2300 aderet.¹

501 2341 534 2401 3·
547 2339 669 2402 Punitic
681 2340 779 2416 debet,
789 2339 888 2418 quoad
901 2343 968 2419 ejus
981 2340 1045 2402 lieri
1058 2345 1165 2420 potest.
1180 2337 1213 2398 in
1224 2337 1374 2400 sociorum
1385 2335 1516 2398 mentibus

461 2437 596 2500 ordinem
610 2440 808 2519 judiciorum,
825 2439 934 2502 delicto
948 2440 1109 2502 minuisse
1122 2439 1344 2518 perturbatum,
1356 2445 1515 2510 restaurem,

460 2539 499 2598 ab
512 2555 611 2600 errore
622 2537 691 2600 illos
702 2539 877 2602 abducendo
891 2540 970 2602 etad
981 2555 1087 2605 serum
1098 2539 1211 2601 bouum
1221 2537 1389 2616 dirigendo.
1399 2538 1516 2598 inmun

459 2638 644 2718 judiciorum
661 2639 734 2718 crdo
754 2640 787 2701 in
800 2639 889 2701 sociis
906 2655 959 2720 per
980 2639 1108 2718 quodvis
1123 2638 1266 2701 delictum
1286 2637 1400 2719 duplici
1421 2637 1517 2698 redono

461 2737 601 2801 leditur:
618 2742 647 2800 1⁰
657 2739 689 2802 in
698 2739 794 2820 ipsine
808 2739 1012 2820 delinquentis
1021 2745 1122 2802 mente
1135 2741 1224 2816 culus
1236 2738 1373 2817 neqmda
1385 2755 1419 2799 eo
1428 2735 1518 2797 delicto

463 2840 613 2921 proditum
630 2845 661 2903 2⁰
672 2842 706 2903 in
719 2840 848 2903 aliorum
868 2842 1019 2903 sociorum
1041 2842 1206 2915 mentibus,
1221 2841 1294 2920 quie
1313 2837 1437 2901 moralis
1453 2839 1518 2899 inor·

462 2938 574 3003 dinrtic
584 2940 652 3002 lacti
667 2941 812 3021 peulatim
830 2942 862 3003 in
876 2948 993 3005 mentes
1005 2942 1140 3004 insinuet
1160 2941 1245 3001 illem
1257 2940 1441 3020 judiciorum
1454 2938 1519 2998 inor·

462 3040 659 3120 dinntionem,
676 3058 743 3120 qum
760 3039 932 3103 scandalum
940 3041 1094 3124 passivum
1114 3040 1260 3120 appellari
1279 3039 1378 3102 solet:
1395 3038 1518 3101 delidum

463 3143 544 3204 enim
559 3144 753 3205 tantominus
763 3142 878 3205 lendum
892 3140 987 3204 videri
999 3142 1086 3220 solet,
1096 3148 1210 3220 quanto
1220 3140 1296 3201 illud
1308 3142 1443 3203 crebrius
1453 3152 1519 3199 com·

463 3244 601 3303 mittitur.
618 3245 707 3320 Ergo,
721 3259 783 3321 quo
799 3246 897 3322 major
913 3259 948 3305 ee
967 3242 1077 3303 mentis
1098 3242 1274 3322 perversitas
1294 3242 1328 3301 iu
1347 3240 1520 3316 delinquente

463 3344 628 3419 invenitur,
643 3350 672 3405 et
684 3360 745 3421 qno
759 3346 857 3421 mejm
869 3343 998 3405 aliorum
1012 3342 1186 3405 scandulum
1199 3342 1338 3403 loturum
1351 3348 1408 3418 est,
1420 3356 1454 3402 ec
1467 3352 1520 3416 gra·

463 3449 545 3507 viere
558 3460 646 3521 pmns
658 3442 800 3505 delictum
814 3450 859 3507 est
872 3444 1092 3507 mulctandum.

505 3546 576 3605 961.
588 3546 712 3607 maora.
730 3542 758 3603 l.
769 3578 807 3591 -
818 3549 860 3609 Ex
872 3546 903 3608 3·
915 3552 997 3625 parte
1011 3552 1164 3627 postremo
1176 3544 1333 3624 positionis
1346 3542 1520 3625 perspicuum

467 3646 501 3707 iit
511 3662 546 3707 eo
560 3646 763 3724 perlectionem
777 3646 875 3725 legem
888 3646 1037 3728 poenalenn
1051 3646 1125 3723 lore,
1140 3629 1201 3725 quo
1214 3646 1310 3722 magis
1323 3645 1379 3705 illa
1393 3640 1480 3704 tendit
1490 3634 1519 3697 ad

466 3745 653 3810 excitandum
670 3746 769 3811 delicti
785 3751 885 3829 potins
899 3766 992 3829 quem
1011 3766 1107 3829 poenta
1121 3748 1287 3827 horrorem.
1299 3747 1409 3809 Contra
1422 3744 1521 3820 noeju-

464 3846 505 3907 ιιι
522 3848 648 3926 pennalis
667 3852 859 3931 principium,
873 3850 956 3929 qnod
976 3850 1146 3928 gravissimi
1163 3849 1306 3933 momenti
1323 3854 1381 3922 est,
1401 3848 1521 3928 peccetur

466 3948 497 4009 in
510 3950 613 4011 multis
625 3952 754 4031 publicis
765 3952 968 4028 societatibus,
977 3950 1056 4031 npud
1070 3968 1146 4031 quas
1159 3966 1302 4027 carceres,
1318 3948 1356 4011 ad
1369 3948 1520 4010 voluntates

465 4048 503 4111 rb
521 4050 664 4130 improbis
679 4059 833 4133 corruptas
851 4054 997 4115 sanandas
1009 4072 1045 4116 ex
1063 4052 1194 4115 naturali
1206 4052 1360 4113 charitalis
1372 4051 1437 4128 lege
1448 4044 1521 4108 desti·

467 4152 539 4229 neti,
554 4160 625 4213 sunt
638 4154 815 4233 plerumque
829 4156 1014 4217 tutissimum
1027 4155 1163 4217 medium
1175 4154 1213 4215 ad
1227 4154 1425 4214 miserrimam
1435 4161 1522 4211 eornm

466 4252 684 4328 periersicnem
704 4255 828 4317 omnlino
850 4254 1072 4332 perficiendam.
1093 4256 1237 4316 innoxius
1250 4254 1333 4315 enirn
1346 4253 1521 4331 quisquem-

465 4360 586 4412 cusetns
604 4368 674 4412 eum
694 4352 826 4413 scelestis
846 4354 911 4430 jem
927 4354 1081 4429 convictis,
1100 4352 1239 4433 petulans
1251 4371 1326 4434 puer
1338 4370 1408 4414 cum
1422 4346 1522 4412 muniis

464 4449 881 4527 sicariis,delieb1iniortnuio
896 4460 979 4533 parts
989 4470 1059 4514 cnm
1071 4452 1186 4515 delictis
1200 4472 1281 4534 purae
1294 4454 1414 4513 malitiae
1428 4452 1456 4511 in
1469 4460 1522 4508 eos·

464 4548 533 4610 dens
545 4568 678 4613 carceres
692 4552 954 4615 indiscriminatim
964 4554 1178 4633 coniiciuntur,
1191 4554 1245 4615 nbi
1257 4572 1362 4617 omnes
1376 4568 1456 4631 nque
1469 4562 1523 4627 pes

466 4650 551 4711 simis
571 4650 740 4733 quibusque
753 4651 892 4720 vitiorum
908 4654 1062 4735 exemplis,
1079 4654 1183 4717 sceleri
1203 4672 1236 4717 ac
1260 4651 1452 4737 desperationi
1464 4661 1521 4733 pcr-

466 4752 635 4813 mittuntur.
