3559 5675
549 713 655 760 sonui.
679 731 719 746 -
741 714 826 760 arun
847 713 1038 762 nuonscruns.
1280 695 1336 762 dbl

248 820 450 898 suispuqnet
464 825 567 884 rostra
582 819 760 883 Runiaoum
774 825 947 898 tyrannum,
962 827 1065 886 wnua
1080 817 1244 888 bedensem
1258 819 1340 902 prio-

244 921 357 998 cipem
370 914 555 992 hereticum,
569 917 672 982 erntra
686 920 853 997 Libertinos
864 920 956 982 ltaliae
967 920 1199 1000 perturbatores.

296 1017 390 1096 Atqui
412 1024 568 1100 perpetua,
587 1020 767 1082 universalis
780 1026 809 1082 et
827 1021 988 1084 uniformis
1000 1021 1140 1086 Ecclesia
1154 1022 1337 1086 consuetudo

246 1119 365 1196 nequit
378 1118 508 1196 prolecto
528 1137 628 1180 errore
649 1127 701 1182 aut
721 1120 792 1183 vitio
815 1120 880 1181 ullo
904 1121 1050 1196 laborare,
1075 1127 1109 1180 ut
1133 1121 1213 1200 apud
1231 1136 1339 1184 omues

245 1216 440 1280 christianos
458 1224 584 1280 constat.
598 1221 677 1296 Ergo
695 1220 842 1282 constanti
860 1217 916 1282 huo
930 1219 1038 1296 egendi
1052 1221 1167 1282 ratione
1185 1219 1337 1284 evidenter
1372 1208 1374 1212 ’

247 1316 314 1379 itta
331 1317 559 1394 domonstravit,
577 1319 765 1399 spiritualem
776 1337 863 1382 suani
879 1325 1053 1400 potestatam
1069 1319 1107 1383 ab
1125 1321 1184 1382 atie
1200 1315 1337 1384 humans

245 1420 402 1496 potestate
417 1415 504 1478 nullo
517 1423 602 1496 paeto
614 1417 754 1496 pendere.

297 1515 345 1576 Vl·
359 1516 522 1578 Christiani
543 1519 694 1597 principos
705 1510 737 1577 et
757 1518 842 1578 laetis
862 1526 892 1580 et
911 1518 1010 1580 verbis
1028 1519 1066 1582 ab
1084 1519 1170 1582 initio
1189 1521 1288 1580 statim
1306 1526 1337 1582 et

245 1611 367 1678 deinde
380 1621 524 1696 perpetuo
535 1617 659 1696 professi
675 1623 747 1681 sunt
769 1617 1001 1680 eeclesiasticam
1023 1625 1197 1697 potestaten
1214 1619 1251 1680 ub
1266 1620 1336 1697 lipi-
1380 1683 1383 1690 ,

246 1715 357 1792 scopis
370 1732 435 1781 esse
454 1716 690 1796 independenter
703 1718 842 1782 aolibere
855 1719 1069 1806 uertendum„
1079 1718 1197 1796 sibique
1212 1718 1334 1782 nullum

248 1830 322 1874 esse
333 1817 389 1891 jus
410 1814 496 1881 illius
518 1815 681 1896 dirigendae
703 1817 752 1878 vel
776 1824 930 1895 utcunque
954 1817 1162 1896 impedienda.
1185 1820 1243 1892 Qui
1265 1836 1336 1882 vero

247 1913 410 1994 principes
428 1914 591 1994 aliquando
612 1916 679 1977 ausi
696 1922 768 1977 sunt
791 1917 988 1982 ecelesiastioo
1009 1917 1150 1994 regimini
1166 1933 1231 1988 sess
1251 1916 1333 1981 inde·
1354 1957 1355 1960 κ

246 2013 422 2092 ρουᾱοηῑοτ
433 2014 471 2078 ab
485 2017 637 2096 Episcopis
649 2017 962 2093 immiscendorum
976 2017 1177 2082 nohristianis
1191 2025 1334 2080 consun-

249 2119 299 2172 ter
313 2114 505 2192 graviterque
517 2115 702 2196 reprehensi.
716 2123 869 2196 tamquam
881 2115 981 2176 aliene
991 2118 1062 2192 jura
1075 2117 1229 2197 tyrannice
1245 2133 1335 2178 usur·
1350 2115 1354 2125 “

249 2221 381 2294 panton
399 2216 608 2294 maximasque
624 2214 722 2278 elides
735 2216 774 2280 ob
785 2215 923 2278 scelestas
938 2215 1087 2294 ejusmodi
1110 2217 1282 2295 prinoipem
1302 2219 1334 2278 in

249 2312 397 2377 Ecclesia
405 2314 541 2392 regimen
554 2314 724 2379 invasiones
737 2315 1004 2394 aooeperuntonrni
1017 2319 1149 2394 tempore
1161 2329 1223 2376 uon
1234 2315 1333 2376 nolum

249 2411 487 2492 reeohristianq
501 2413 553 2476 sed
564 2431 612 2476 res
621 2415 713 2475 etiam
725 2414 822 2476 civilis
833 2413 997 2492 etpolition.
1013 2415 1085 2492 Qun
1095 2411 1219 2494 quidem
1231 2415 1334 2476 omnia

251 2512 534 2580 luculentissimum
546 2511 740 2577 historiarum
750 2513 956 2576 testimonium
969 2514 1082 2594 ubique
1090 2513 1256 2577 coufirmat.
1267 2513 1332 2575 Sul·
1367 2507 1370 2514 ’
1398 2561 1400 2566 ,

255 2611 340 2674 ficiat
350 2613 399 2690 bio
412 2631 510 2676 uuum
524 2613 571 2676 vel
583 2615 712 2676 alterum
723 2613 896 2693 exenplum
908 2614 1035 2678 brevitor
1049 2613 1191 2676 indicare.
1315 2609 1317 2616 '

297 2713 534 2789 sonatantimus,
548 2714 666 2792 primus
678 2715 880 2777 Romanorum
897 2713 1057 2792 imperator
1069 2712 1263 2791 christianus,
1273 2731 1335 2792 qua

247 2812 662 2881 modesteeonoitiotticaeno
672 2811 852 2887 interfuerit,
861 2811 909 2875 his
919 2813 1017 2876 verbis
1027 2818 1334 2877 commemoratore

249 2918 303 2973 tus
318 2914 495 2975 Ambrosius
505 2913 541 2973 ad
554 2913 801 2981 Valentinianum
814 2914 1024 2991 inperatorem
1043 2911 1229 2991 seribens'(o)
1249 2934 1256 2973 ε
1275 2914 1331 2977 uSl

245 3012 471 3078 eonferendum
492 3013 529 3075 de
545 3012 617 3092 fide,
631 3013 819 3077 sacerdotum
840 3012 927 3074 debet
947 3028 1012 3073 esse
1027 3015 1083 3073 ista
1097 3012 1216 3075 collatio
1225 3028 1236 3091 3
1257 3013 1334 3075 sinin

244 3118 367 3178 fanunu
389 3123 435 3178 est
455 3115 512 3177 sub
535 3117 729 3179 Constantino
754 3120 891 3193 auguste
914 3111 1067 3177 memorie
1093 3114 1248 3194 prinoipe‚
1279 3114 1334 3192 qui

245 3214 358 3279 nudas
373 3215 457 3291 leges
476 3220 545 3277 ante
566 3215 728 3295 premisit,
747 3214 797 3278 sod
820 3213 951 3278 liberum
969 3212 1052 3277 dedit
1065 3212 1215 3293 judicium
1236 3208 1335 3275 saeer-

245 3314 418 3377 dotibus.»

293 3415 483 3479 Constantini
497 3414 671 3493 exemplum
690 3416 721 3479 in
742 3414 800 3479 luae
814 3415 906 3477 etiem
919 3432 952 3477 re
966 3420 1089 3477 sequtus
1099 3420 1145 3477 est
1165 3418 1334 3482 lleroienus

248 3516 416 3593 imperator
430 3521 530 3595 potres
542 3514 800 3581 chalcedonenses
812 3516 844 3577 in
852 3517 952 3595 prime
965 3515 1096 3577 sessione
1108 3514 1172 3579 bno
1185 3515 1334 3581 interulis

247 3612 407 3677 allocutus
422 3635 429 3675 z
445 3636 461 3675 o
478 3616 537 3678 Nos
550 3614 646 3688 enirn,
660 3615 760 3692 inquit
770 3613 823 3693 (b),
838 3612 877 3675 ad
889 3613 1126 3677 confirmandam
1141 3614 1246 3692 tinen,
1268 3634 1330 3681 non

247 3712 291 3775 ad
319 3712 535 3799 ostendendam
564 3713 726 3789 virtutem,
753 3712 889 3791 exemplo
916 3712 1103 3791 imperatoris
1125 3710 1333 3790 Constantini,

249 3808 357 3873 edesse
377 3810 490 3888 synodo
512 3810 720 3889 rogitavirnus.
741 3829 757 3867 s
782 3808 865 3883 Quod
882 3809 936 3870 ille
948 3808 980 3869 in
1001 3806 1137 3885 ejusdem
1152 3809 1260 3886 synodi
1272 3828 1333 3875 ses·

249 3909 339 3973 none
352 3912 476 3991 septima
488 3912 531 3971 sio
545 3911 657 3972 iterum
673 3908 828 3971 denuntiat
844 3907 885 3989 (o)
904 3924 912 3969 :
932 3928 946 3967 u
963 3910 1020 3969 Nos
1035 3906 1071 3967 ad
1088 3906 1177 3968 fidem
1191 3908 1334 3971 corrobo-

249 4010 391 4087 taudem,
412 4028 472 4075 non
486 4010 525 4071 ad
541 4011 705 4090 potentiam
730 4010 865 4089 aliquam
887 4006 1081 4071 exercendam
1091 4051 1102 4083 ,
1116 4006 1252 4087 exemplu
1264 4009 1336 4071 reli.
1435 4004 1439 4009 '

249 4110 330 4187 giesi
347 4110 492 4189 principis
517 4108 846 4189 &pannoniamque
867 4110 1011 4171 interesse
1034 4106 1207 4181 voluimus,
1225 4122 1263 4169 ne
1285 4107 1333 4169 vel

250 4209 383 4271 ulterius
396 4208 500 4289 populi
512 4210 614 4289 pravis
627 4209 872 4291 persuasionibus
884 4213 1071 4291 separentur.
1086 4226 1101 4265 n

290 4312 336 4371 Ea
349 4306 470 4373 infinita
489 4310 724 4374 christianorum
745 4310 915 4391 principum
938 4308 991 4385 qui
1012 4307 1131 4389 plenam
1149 4308 1331 4378 auctoritatis

246 4410 453 4477 societatini
465 4413 633 4479 libertatem
644 4412 747 4475 divino
755 4414 826 4491 jure
839 4410 1031 4475 eoustilutem
1047 4413 1119 4471 siunt
1132 4410 1271 4489 religiose
1280 4430 1332 4477 re·

273 4642 546 4780 {mnibrpri‘bptrt
567 4646 607 4695 η.
618 4644 695 4708 -(bt
714 4645 787 4708 Apud
810 4645 900 4695 buron.
917 4642 1025 4705 noret,
1043 4656 1101 4695 nnn.
1124 4646 1179 4705 tsl,
1202 4658 1228 4697 n.
1245 4646 1285 4695 70.
1297 4667 1329 4684 -

249 4718 271 4764 (o
333 4715 338 4728 ’
358 4726 404 4765 .n.
462 4746 470 4770 .
