3559 5675
409 646 447 716 lt
817 666 898 714 suus
918 626 1093 713 nonnius

407 789 494 837 sessu
516 776 660 854 temporis
673 792 860 837 emersuram
880 791 945 839 esee
961 793 969 835 :
986 772 1136 835 moraliter
1157 785 1288 849 nomque
1302 768 1486 850 impossibile

407 880 500 936 estut
512 875 799 952 megnahominum
812 874 976 935 multitudo
990 871 1204 935 oommnnibue
1217 877 1333 932 nsturu
1346 869 1485 951 impulsi·

407 974 465 1035 bus
488 975 543 1037 diu
563 976 691 1038 resistet.
714 977 818 1052 lisque
838 980 957 1053 brunus
978 970 1101 1049 sliquod
1120 972 1267 1048 adveniet,
1282 986 1379 1049 quum
1392 968 1484 1031 surdo

407 1074 461 1136 ills
473 1075 680 1137 multitudiuis
692 1080 796 1137 contro
809 1074 1017 1135 auctoritatem
1033 1074 1192 1135 renitentia
1210 1072 1240 1131 in
1261 1076 1395 1151 operum
1408 1067 1484 1133 sedi-

408 1176 521 1239 tionem
536 1192 571 1239 so
584 1173 780 1237 rebellionem
795 1180 980 1252 prorumpet.

448 1278 562 1338 utnon
577 1275 687 1336 idoiroo
703 1274 787 1335 omui
801 1273 891 1351 culon
910 1272 1061 1335 vaosbunt
1078 1273 1123 1335 illi
1145 1272 1334 1347 magistratus
1347 1276 1400 1333 ent
1412 1272 1483 1333 sosii

407 1375 535 1453 quilibet
551 1374 739 1454 fflsbsspud
754 1374 902 1453 popssium
921 1375 1066 1448 volentes,
1081 1374 1134 1451 qui
1153 1379 1251 1451 sptem
1270 1370 1430 1432 sosislibus
1448 1372 1486 1433 iis

408 1474 592 1553 impulsibus
610 1473 806 1535 direobooem
820 1479 959 1550 prestere
977 1472 1154 1551 potuissent,
1173 1469 1371 1549 prudentibus
1385 1470 1485 1531 oonsi-

408 1572 461 1638 liis
473 1580 701 1653 opportunoque
714 1588 806 1650 opero
817 1572 860 1633 sio
870 1571 1024 1641 adhibitis,
1035 1578 1069 1631 ul
1077 1575 1166 1649 justos
1178 1569 1279 1649 populi
1289 1569 1486 1647 qusrimooin
1534 1589 1539 1597 ·

409 1674 448 1735 ad
462 1690 638 1753 supremum
653 1672 859 1735 suobritntem
873 1672 920 1731 via
933 1671 1068 1747 legitime
1081 1670 1281 1750 pervenirent,
1297 1668 1485 1748 pstbliuoeqtlo

407 1764 624 1837 oommotiouss
638 1774 814 1833 vitarentur.

450 1873 506 1933 ilbi
519 1887 590 1933 voro
603 1870 639 1931 bi
648 1871 695 1933 vel
714 1871 909 1946 magistratus
922 1870 972 1931 vel
991 1869 1096 1949 privati
1110 1869 1261 1945 homines,
1275 1867 1424 1931 seditiosis
1437 1883 1487 1929 oo-

408 1972 531 2033 natibus
554 1970 800 2039 obsecundantes,
822 1969 976 2048 publicum
998 1969 1135 2031 ordinem
1160 1984 1335 2047 mumque,
1359 1967 1487 2046 prnsu-

408 2088 477 2133 rum
492 2071 659 2133 utilitotum
670 2084 798 2132 suerum
811 2070 911 2131 studio
925 2068 1017 2140 ducti,
1030 2070 1063 2129 in
1077 2069 1238 2129 disorimeu
1250 2067 1412 2144 adduxere,
1424 2067 1486 2147 ple·

409 2188 538 2248 rumque
555 2169 587 2233 iit
599 2178 634 2233 ut
646 2172 685 2233 eb
698 2172 737 2233 iis
749 2188 825 2248 quos
843 2176 946 2233 nonus
958 2170 1123 2247 legitimum
1136 2170 1340 2231 auctoritatem
1360 2170 1487 2247 impons

408 2270 530 2333 esoitsri
541 2271 680 2346 siverint,
697 2270 908 2349 imprudentis
929 2284 962 2331 so
981 2268 1110 2349 perfidio
1122 2284 1186 2330 suo
1205 2284 1307 2347 poeuss
1326 2268 1483 2347 sooipisnt.

817 2469 1025 2532 solicitius
1046 2471 1083 2529 ll.

411 2604 458 2667 De
465 2606 665 2688 primooffior'o
677 2604 802 2668 bominis
810 2606 961 2668 individui
969 2624 1038 2689 erqo
1046 2602 1121 2667 otios
1131 2602 1258 2666 omines
1267 2604 1297 2665 iu
1308 2620 1487 2687 quocumque

874 2702 1020 2767 societate.

450 2867 521 2928 741.
545 2869 729 2932 nonnosus.
743 2897 784 2912 --
799 2865 906 2930 (illisis
928 2866 1060 2928 hominis
1079 2865 1276 2928 individualis
1298 2881 1371 2942 orgo
1389 2867 1487 2928 Βιιιιιι

411 2975 520 3045 storga
531 2968 667 3048 seipsum
677 2968 755 3028 libsu
766 2969 873 3046 quinto
884 2967 1064 3028 deduximus
1075 2968 1175 3028 omnis
1186 2984 1221 3028 ex
1231 2965 1395 3028 universali
1405 2967 1489 3046 prin·

410 3068 501 3147 oipio,
513 3065 631 3128 Boeotos
644 3065 805 3128 Ιιιιιιιιιιιιιιιι
819 3063 988 3146 fodendum
1002 3073 1057 3142 oet,
1069 3071 1238 3144 oompsrsto
1250 3081 1321 3126 oum
1337 3064 1421 3127 testis
1437 3065 1488 3126 de-

412 3168 579 3229 terminatis
598 3171 630 3228 nt
650 3183 754 3230 rerum
777 3171 906 3242 noturn,
930 3183 999 3242 qun
1019 3172 1091 3228 snut
1112 3166 1232 3245 proprie
1254 3169 1285 3226 st
1302 3165 1365 3226 sols
1388 3163 1488 3228 medis

413 3266 563 3328 usuratio
584 3265 622 3326 ud
644 3267 791 3332 Creobris
811 3266 992 3328 intentiones
1013 3265 1234 3342 ongoomodu
1255 3265 1486 3328 sooommodsts.

411 3367 478 3426 tem
489 3365 623 3426 bominis
634 3365 783 3426 individui
795 3364 895 3428 offiois
906 3382 976 3440 ergo
988 3365 1062 3428 alios
1073 3365 1213 3427 hominos
1223 3383 1260 3426 os
1273 3365 1378 3428 eodem
1390 3367 1489 3445 primo

414 3463 521 3526 morali
535 3465 683 3544 principio
697 3465 843 3529 trahendo
857 3473 929 3526 suut
940 3481 948 3526 ι
960 3465 1039 3542 quod
1055 3473 1090 3527 ut
1102 3466 1167 3542 fist,
1181 3465 1308 3528 sufficiet
1318 3465 1397 3526 idem
1408 3465 1486 3528 illud

412 3563 548 3641 primum
562 3565 744 3645 principium
757 3565 945 3626 considerare
957 3581 1026 3626 cum
1041 3565 1184 3628 solutione
1195 3567 1233 3628 sd
1247 3567 1322 3628 olins
1334 3565 1487 3644 omnes,

412 3669 446 3723 ut
461 3664 513 3723 teli
531 3666 753 3744 eomputationis
767 3663 913 3726 Creatorie
927 3667 1052 3728 intentio
1067 3667 1231 3744 detegatur.

452 3762 523 3829 iss.
538 3767 607 3826 Pus.
624 3765 706 3826 352⁸.
719 3795 759 3808 -
773 3765 909 3826 Primum
924 3766 1031 3828 sooielo
1046 3765 1180 3829 officium
1195 3766 1326 3828 hominis
1339 3765 1487 3830 individui

411 3868 457 3924 est
472 3864 530 3926 hoo
543 3880 552 3924 ι
566 3863 655 3925 Alios
667 3883 794 3947 quosque
804 3863 933 3926 hominos
946 3884 1011 3926 nmo
1025 3867 1101 3928 siout
1116 3866 1249 3946 ιοιριιιιιι.

452 3965 545 4024 Peon.
560 3995 601 4010 ···
614 3967 749 4026 Primum
768 3965 881 4026 morale
903 3966 1098 4044 principium,
1115 3965 1231 4026 Boreum
1248 3963 1406 4026 homonum
1424 3963 1486 4045 sue,

410 4062 632 4124 bonsideraturu
647 4064 739 4124 roiate
759 4064 797 4124 ad
812 4065 887 4124 olins
911 4063 1059 4136 homines,
1076 4065 1155 4126 hano
1173 4065 1234 4126 viru
1245 4063 1360 4126 hebet:
1378 4063 1488 4127 bertoo

410 4176 481 4236 erge
507 4161 575 4222 illos
600 4162 746 4224 cruoris
768 4163 958 4224 intentiones.
973 4163 1039 4224 iam
1062 4163 1118 4224 bus
1138 4164 1283 4226 creatoris
1307 4163 1489 4226 intentiones

411 4275 570 4336 ιειιοειιιο
581 4277 743 4338 possumus
756 4277 792 4322 ac
804 4261 948 4322 debemus
963 4263 1089 4322 aliorum
1104 4261 1264 4326 homiuum
1279 4269 1418 4322 naturum
1434 4260 1489 4322 ob-

411 4357 574 4430 ssrvsud03
587 4359 658 4420 inde
675 4366 775 4437 oporte
787 4361 861 4437 quid
880 4361 934 4422 illo
952 4362 1070 4422 anobis
1083 4359 1222 4440 postulet,
1233 4360 1442 4438 intelligimus·

451 4459 489 4519 st
501 4458 629 4534 quilibet
640 4459 720 4520 alins
734 4460 826 4521 homo
840 4461 930 4521 habet
941 4479 958 4520 a
970 4459 1108 4522 Creatore
1122 4467 1258 4521 naturam
1273 4477 1395 4540 prorsus
1405 4477 1490 4524 esm-

412 4555 479 4618 dem
491 4575 583 4636 quom
602 4576 656 4637 ego
671 4559 777 4622 habeo.
799 4563 878 4636 Ergo
893 4563 1019 4624 intentio
1036 4562 1181 4624 creatoris
1199 4578 1254 4640 pro
1272 4575 1377 4624 eorum
1389 4562 1490 4639 quoli-

415 4653 465 4714 bet
489 4664 534 4716 est
556 4657 662 4721 endem
684 4676 718 4719 ao
743 4676 798 4736 pro
819 4677 877 4723 ms.
903 4662 981 4736 Ergo
1006 4661 1136 4738 primum
1160 4659 1272 4722 morsis
1295 4659 1489 4739 principium,
