3559 5675
569 802 677 849 seusu.
700 820 739 833 -
760 803 845 847 erres
864 801 1012 849 sarrruus.
1290 784 1329 844 ee

440 910 502 973 'racc
517 905 764 971 indissolubiliter
777 908 962 969 matrimonii
975 906 1050 967 tanti
1063 906 1210 967 momenti
1222 911 1266 968 est
1275 922 1330 986 pro

482 1008 665 1071 'domestico
683 1013 714 1069 et
726 1007 809 1070 ciuili
832 1008 922 1078 bono,
948 1011 983 1067 ut
1003 1005 1083 1071 nulli
1104 1004 1221 1101 homini
1244 1006 1331 1069 liceat

523 1109 552 1171 1ιι
562 1110 728 1170 immunem
742 1108 849 1169 iecere.
874 1155 877 1162 .

666 1296 871 1362 ARTlCULUS
881 1297 917 1360 V.

641 1452 746 1512 'otico
762 1447 854 1510 cortu
867 1445 1048 1511 societatibus
1064 1446 1094 1508 ιἰι
1113 1416 1223 1531 ,quibua
1246 1446 1330 1511 homo

714 1558 861 1614 versatur.

716 1696 767 1758 ‘ici
789 1694 939 1772 socictate,
955 1695 1130 1773 domestica,
1141 1697 1224 1759 civili
1237 1703 1266 1761 et
1283 1714 1331 1761 re·

712 1796 902 1859 ¹nutrimento
915 1796 1048 1858 ineundo
1061 1798 1230 1877 provenire.

570 1899 750 1960 ⁴numenium
764 1898 843 1960 inira
867 1898 1034 1980 parant‚in
1058 1898 1169 1978 triplici
1193 1899 1330 1964 socictate

455 2018 513 2060 „ua
524 2005 680 2061 versantur
696 2013 705 2058 r
718 1999 751 2059 in
764 1998 937 2077 domestico,
955 1998 1081 2059 incivili
1094 2003 1125 2059 ct
1136 1998 1328 2077 inreligiosa.

300 2118 426 2181 „arque
444 2098 554 2161 harum
568 2102 746 2162 societatum
757 2105 856 2162 certus
868 2098 938 2159 linis
951 2100 1119 2178 propositus
1128 2105 1234 2179 eetper
1252 2106 1332 2163 certa

261 2200 610 2279 maniacensequendus.
626 2201 681 2262 llis
699 2205 801 2261 auum
824 2199 944 2275 mediis,
958 2200 1199 2279 quotiescunque
1212 2199 1250 2263 ad
1260 2217 1333 2280 pro·

261 2302 354 2378 orium
365 2316 474 2362 eurum
485 2300 660 2360 societatum
673 2298 767 2359 finem
781 2298 842 2358 sint
854 2314 977 2376 prorsus
991 2298 1170 2373 neccssaria,
1186 2303 1240 2359 aut
1248 2301 1332 2377 juste

267 2397 417 2474 aleqitima
429 2397 605 2458 auctoritate
617 2396 807 2475 prescripta,
820 2394 944 2457 totidem
958 2392 1055 2456 officia
1065 2412 1083 2455 a
1094 2392 1181 2456 sociis
1195 2394 1338 2458 omnibus

263 2498 396 2559 wanda
421 2496 612 2577 respondent.
625 2499 706 2558 luter
719 2494 782 2557 hoc
796 2493 893 2558 officia
906 2499 1003 2577 potest
1014 2492 1138 2573 aliquod
1151 2488 1217 2559 csse
1228 2499 1335 2577 conju·

258 2594 372 2673 ratius
382 2594 492 2656 officiis
505 2594 593 2673 plane
612 2592 786 2671 aduersum,
799 2609 871 2655 cum
885 2594 985 2673 iisque
999 2595 1042 2655 its
1054 2602 1237 2678 pugnarent
1248 2595 1336 2659 nullo

255 2702 333 2775 pacto
343 2696 519 2776 possitcum
533 2692 641 2755 iisdem
654 2691 818 2756 conciliari
835 2697 935 2756 Potest
947 2695 1037 2757 etiam
1051 2700 1157 2756 eorum
1168 2694 1335 2759 officiorum

252 2796 371 2876 aliquod
385 2790 537 2859 aduersari
562 2795 755 2857 matrimonio
768 2797 830 2857 non
843 2794 968 2874 quidem
996 2796 1174 2876 simpliciter
1198 2796 1334 2861 conside·

252 2907 324 2976 rato,
349 2897 406 2961 scd
428 2896 528 2959 solum
542 2901 577 2956 ut
589 2896 793 2958 contrahendo
817 2912 887 2959 cum
911 2895 968 2957 hoc
989 2895 1037 2958 vel
1059 2895 1112 2959 illo
1134 2915 1332 2977 personarum
1453 2931 1459 2950 ι

248 3017 358 3078 genere
372 3001 408 3061 in
420 2998 624 3080 peculiaribus
636 2996 821 3075 quibusdam
845 2997 1076 3057 circumstantiis
1089 2997 1329 3058 constitutarum.

284 3102 380 3177 Ergo,
395 3115 493 3177 quum
506 3098 606 3159 officia
621 3096 683 3171 illa¹
704 3115 742 3158 ex
753 3096 844 3158 variis
861 3093 1013 3174 ejusmodi
1027 3093 1216 3156 societatibus
1226 3111 1330 3174 prore-

246 3201 375 3273 nientia‚
391 3201 453 3261 sint
466 3201 625 3277 anteriora,
638 3205 669 3261 et
684 3200 810 3280 periente
825 3202 894 3262 ante
908 3197 1137 3258 matrimonium
1150 3197 1330 3260 contrahen-

246 3299 318 3360 dum
334 3299 484 3378 obligent,
504 3298 752 3380 perpendendum
771 3297 931 3377 diligenter
942 3297 1010 3372 erit,
1025 3313 1122 3375 quum
1140 3297 1250 3377 aliquis
1263 3315 1332 3361 oon·

242 3402 368 3479 jugium
383 3399 462 3459 inire
487 3397 660 3476 martiuum,
677 3397 836 3477 numquod
857 3395 1276 3480 cjmmndiimpedimcntum
1295 3415 1332 3462 er

245 3499 486 3578 mandentibus
501 3497 607 3561 officiis
621 3498 782 3562 socialibus
793 3498 902 3560 obstet.
1053 3567 1056 3575 ¹

283 3603 357 3662 822.
375 3598 446 3662 Pes.
463 3599 546 3661 397¹.
559 3631 597 3643 -
613 3601 640 3660 Α
659 3600 796 3661 socictate
819 3597 981 3660 domestica
1006 3597 1142 3679 prouenit
1164 3597 1213 3660 lex
1226 3599 1329 3661 matri·

244 3701 389 3761 monium
425 3699 590 3778 prohibens
611 3698 651 3761 ob
677 3698 982 3776 consanguinitatem,
1005 3695 1053 3759 rel
1079 3696 1265 3761 rectilineum
1279 3699 1328 3762 rel

243 3797 461 3878 collateralem,
473 3806 564 3878 atque
575 3799 613 3860 cb
624 3799 810 3861 affinitatem.

285 3905 474 3965 norimus.
490 3899 793 3978 -Consanguinitas
809 3899 962 3961 rectilinea
982 3902 1027 3961 est
1039 3915 1074 3960 cu
1094 3913 1162 3976 quo
1186 3899 1330 3980 interpa-

247 4009 352 4064 rentes
366 4009 398 4063 et
408 3999 487 4063 filim
502 3999 677 4062 intercedit:
691 3999 868 4062 collateralia
880 4015 951 4062 uero
970 4003 1014 4060 est
1028 4013 1065 4059 ce
1085 4013 1145 4076 qua
1157 3994 1263 4060 lrstrcs
1277 4006 1330 4062 out

244 4119 373 4176 sorores,
389 4106 417 4164 ct
437 4102 565 4162 tratrem
578 4101 626 4163 rel
640 4117 777 4163 soromm
791 4099 847 4161 tilii
862 4101 942 4162 inter
957 4115 989 4162 se
1002 4097 1237 4177 conjunguntur.
1251 4097 1330 4161 effi·

242 4203 322 4264 nitas
332 4207 381 4262 est
391 4200 498 4262 relatio
508 4201 727 4279 conjunctionis
733 4199 899 4280 personalis
909 4199 987 4260 inter
996 4199 1057 4260 no‘n
1068 4197 1328 4280 consanguineum

241 4311 272 4362 et
288 4303 453 4379 conjugem
467 4301 691 4378 consanguinei.
1042 4299 1044 4306 '

282 4405 378 4466 Pnos.
401 4417 468 4464 ros.
497 4407 530 4462 1Ι
556 4418 645 4464 rsus.
660 4436 700 4449 -
716 4407 746 4464 1·
771 4407 853 4465 luter
874 4405 1048 4480 conjunctos
1073 4405 1328 4483 consanguinitate

243 4505 401 4566 rectilinea
424 4508 469 4563 est
492 4502 693 4564 immutabilis
713 4503 819 4566 relatio
844 4505 1006 4583 superioris
1020 4510 1050 4566 ct
1069 4503 1183 4566 subditi
1197 4522 1265 4584 quar
1279 4521 1329 4568 es-

243 4605 411 4667 sentialiter
424 4608 575 4684 repugnat
588 4605 780 4666 matrimonio
796 4607 874 4666 inter
887 4621 937 4688 cos
950 4605 1117 4683 jungendo.
1134 4607 1210 4670 Nam
1223 4608 1331 4668 metri-

244 4709 347 4767 monio
362 4705 524 4766 essentiale
541 4709 588 4765 cst
598 4706 768 4767 societatem
777 4706 905 4786 perlecto
919 4706 1076 4768 amicalem
1090 4707 1168 4768 inter
1185 4710 1330 4786 conjuges

243 4804 397 4869 inducere.
417 4806 507 4884 etqui
532 4806 656 4866 societas
678 4805 824 4883 amicalis,
838 4805 1053 4886 propriolum,
1065 4807 1101 4866 ut
1113 4821 1181 4885 quar
1202 4805 1325 4884 aequali·
