<?xml version="1.0" encoding="UTF-8"?>
<!DOCTYPE html PUBLIC "-//W3C//DTD XHTML 1.0 Transitional//EN"
    "http://www.w3.org/TR/xhtml1/DTD/xhtml1-transitional.dtd">
<html xmlns="http://www.w3.org/1999/xhtml" xml:lang="en" lang="en">
 <head>
  <title>
</title>
<meta http-equiv="Content-Type" content="text/html;charset=utf-8" />
  <meta name='ocr-system' content='tesseract 3.04.00' />
  <meta name='ocr-capabilities' content='ocr_page ocr_carea ocr_par ocr_line ocrx_word'/>
</head>
<body>
  <div class='ocr_page' id='page_1' title='image "./jurisnaturalisu00bensgoog_0725.png"; bbox 0 0 3559 5675; ppageno 0'>
   <div class='ocr_carea' id='block_1_1' title="bbox 598 711 1334 781">
    <p class='ocr_par' dir='ltr' id='par_1_1' title="bbox 598 706 1334 781">
     <span class='ocr_line' id='line_1_1' title="bbox 598 711 1334 781; baseline 0.004 -4"><span class='ocrx_word' id='word_1_1' title='bbox 598 728 774 778; x_wconf 79' lang='lat' dir='ltr'>consecutus</span> <span class='ocrx_word' id='word_1_2' title='bbox 797 726 979 780; x_wconf 71' lang='grc'>99996969.</span> <span class='ocrx_word' id='word_1_3' title='bbox 1276 711 1334 781; x_wconf 78' lang='lat' dir='ltr'>&#39;lle</span> 
     </span>
    </p>
   </div>
   <div class='ocr_carea' id='block_1_2' title="bbox 255 835 1334 1056">
    <p class='ocr_par' dir='ltr' id='par_1_2' title="bbox 255 835 1334 1056">
     <span class='ocr_line' id='line_1_2' title="bbox 255 835 1332 905; baseline -0.003 -12"><span class='ocrx_word' id='word_1_4' title='bbox 255 844 314 897; x_wconf 74' lang='grc'>669.</span> <span class='ocrx_word' id='word_1_5' title='bbox 329 842 390 893; x_wconf 88' lang='lat' dir='ltr'>lure</span> <span class='ocrx_word' id='word_1_6' title='bbox 405 846 530 905; x_wconf 68' lang='lat' dir='ltr'>potestne</span> <span class='ocrx_word' id='word_1_7' title='bbox 546 837 621 889; x_wconf 86' lang='lat' dir='ltr'>debet</span> <span class='ocrx_word' id='word_1_8' title='bbox 635 837 718 887; x_wconf 88' lang='lat' dir='ltr'>civilis</span> <span class='ocrx_word' id='word_1_9' title='bbox 732 835 868 887; x_wconf 79' lang='lat' dir='ltr'>aucteritas</span> <span class='ocrx_word' id='word_1_10' title='bbox 878 844 962 886; x_wconf 81' lang='lat' dir='ltr'>certos</span> <span class='ocrx_word' id='word_1_11' title='bbox 971 838 1096 902; x_wconf 78' lang='lat' dir='ltr'>temporis</span> <span class='ocrx_word' id='word_1_12' title='bbox 1108 840 1201 891; x_wconf 81' lang='lat' dir='ltr'>limites</span> <span class='ocrx_word' id='word_1_13' title='bbox 1211 838 1332 891; x_wconf 70' lang='lat' dir='ltr'>deleturi·</span> 
     </span>
     <span class='ocr_line' id='line_1_3' title="bbox 351 909 1334 975; baseline -0.002 -12"><span class='ocrx_word' id='word_1_14' title='bbox 351 926 424 975; x_wconf 83' lang='lat' dir='ltr'>nare,</span> <span class='ocrx_word' id='word_1_15' title='bbox 443 912 509 963; x_wconf 87' lang='lat' dir='ltr'>ultre</span> <span class='ocrx_word' id='word_1_16' title='bbox 529 922 594 973; x_wconf 79' lang='lat' dir='ltr'>quos</span> <span class='ocrx_word' id='word_1_17' title='bbox 612 909 708 959; x_wconf 83' lang='lat' dir='ltr'>nemini</span> <span class='ocrx_word' id='word_1_18' title='bbox 724 909 798 959; x_wconf 85' lang='lat' dir='ltr'>liceat</span> <span class='ocrx_word' id='word_1_19' title='bbox 815 922 964 972; x_wconf 72' lang='lat' dir='ltr'>quocumque</span> <span class='ocrx_word' id='word_1_20' title='bbox 985 921 1031 961; x_wconf 84' lang='lat' dir='ltr'>suo</span> <span class='ocrx_word' id='word_1_21' title='bbox 1044 911 1104 973; x_wconf 72' lang='lat' dir='ltr'>iure</span> <span class='ocrx_word' id='word_1_22' title='bbox 1119 912 1146 961; x_wconf 86' lang='lat' dir='ltr'>io</span> <span class='ocrx_word' id='word_1_23' title='bbox 1164 924 1219 962; x_wconf 87' lang='lat' dir='ltr'>reru</span> <span class='ocrx_word' id='word_1_24' title='bbox 1238 912 1270 963; x_wconf 91' lang='lat' dir='ltr'>ab</span> <span class='ocrx_word' id='word_1_25' title='bbox 1283 913 1334 962; x_wconf 83' lang='lat' dir='ltr'>elio</span> 
     </span>
     <span class='ocr_line' id='line_1_4' title="bbox 350 982 635 1056; baseline -0.018 -20"><span class='ocrx_word' id='word_1_26' title='bbox 350 996 487 1051; x_wconf 76' lang='lat' dir='ltr'>possessam</span> <span class='ocrx_word' id='word_1_27' title='bbox 501 984 537 1056; x_wconf 78' lang='lat' dir='ltr'>uti</span> <span class='ocrx_word' id='word_1_28' title='bbox 551 982 635 1045; x_wconf 69' lang='grc'>(949.)</span> 
     </span>
    </p>
   </div>
   <div class='ocr_carea' id='block_1_3' title="bbox 523 1116 1064 1453">
    <p class='ocr_par' dir='ltr' id='par_1_3' title="bbox 523 1116 1064 1453">
     <span class='ocr_line' id='line_1_5' title="bbox 683 1116 919 1187; baseline 0.034 -8"><span class='ocrx_word' id='word_1_29' title='bbox 683 1116 716 1179; x_wconf 83' lang='lat' dir='ltr'>ul</span> <span class='ocrx_word' id='word_1_30' title='bbox 745 1116 848 1180; x_wconf 82' lang='lat' dir='ltr'>ttltlttt</span> <span class='ocrx_word' id='word_1_31' title='bbox 873 1118 919 1187; x_wconf 90' lang='lat' dir='ltr'>tlt.</span> 
     </span>
     <span class='ocr_line' id='line_1_6' title="bbox 636 1262 962 1309; baseline -0.003 0"><span class='ocrx_word' id='word_1_32' title='bbox 636 1264 677 1309; x_wconf 80' lang='lat' dir='ltr'>ux</span> <span class='ocrx_word' id='word_1_33' title='bbox 702 1262 786 1307; x_wconf 80' lang='lat' dir='ltr'>llllltt</span> <span class='ocrx_word' id='word_1_34' title='bbox 814 1262 962 1309; x_wconf 75' lang='lat' dir='ltr'>Poenntt.</span> 
     </span>
     <span class='ocr_line' id='line_1_7' title="bbox 523 1384 1064 1453; baseline 0.002 -17"><span class='ocrx_word' id='word_1_35' title='bbox 523 1390 558 1437; x_wconf 79' lang='lat' dir='ltr'>lle</span> <span class='ocrx_word' id='word_1_36' title='bbox 570 1386 641 1453; x_wconf 75' lang='lat' dir='ltr'>juris·</span> <span class='ocrx_word' id='word_1_37' title='bbox 651 1384 763 1449; x_wconf 76' lang='lat' dir='ltr'>putialis</span> <span class='ocrx_word' id='word_1_38' title='bbox 776 1385 912 1435; x_wconf 72' lang='lat' dir='ltr'>existentia</span> <span class='ocrx_word' id='word_1_39' title='bbox 922 1386 1064 1451; x_wconf 76' lang='lat' dir='ltr'>etntipine.</span> 
     </span>
    </p>
   </div>
   <div class='ocr_carea' id='block_1_4' title="bbox 254 1502 1338 2567">
    <p class='ocr_par' dir='ltr' id='par_1_4' title="bbox 255 1502 1273 1576">
     <span class='ocr_line' id='line_1_8' title="bbox 255 1502 1273 1576; baseline 0.004 -18"><span class='ocrx_word' id='word_1_40' title='bbox 255 1510 314 1559; x_wconf 76' lang='lat' dir='ltr'>otta.</span> <span class='ocrx_word' id='word_1_41' title='bbox 331 1507 447 1557; x_wconf 73' lang='lat' dir='ltr'>societati</span> <span class='ocrx_word' id='word_1_42' title='bbox 458 1504 563 1556; x_wconf 87' lang='lat' dir='ltr'>cuilibet</span> <span class='ocrx_word' id='word_1_43' title='bbox 573 1505 616 1568; x_wconf 86' lang='lat' dir='ltr'>jus</span> <span class='ocrx_word' id='word_1_44' title='bbox 625 1510 651 1555; x_wconf 82' lang='lat' dir='ltr'>el</span> <span class='ocrx_word' id='word_1_45' title='bbox 659 1502 771 1554; x_wconf 69' lang='lat' dir='ltr'>biduum</span> <span class='ocrx_word' id='word_1_46' title='bbox 781 1512 818 1554; x_wconf 83' lang='lat' dir='ltr'>est</span> <span class='ocrx_word' id='word_1_47' title='bbox 830 1504 916 1555; x_wconf 89' lang='lat' dir='ltr'>omnia</span> <span class='ocrx_word' id='word_1_48' title='bbox 925 1504 1015 1556; x_wconf 81' lang='lat' dir='ltr'>delicta</span> <span class='ocrx_word' id='word_1_49' title='bbox 1024 1510 1187 1572; x_wconf 77' lang='lat' dir='ltr'>oppugnandi</span> <span class='ocrx_word' id='word_1_50' title='bbox 1197 1512 1273 1576; x_wconf 82' lang='lat' dir='ltr'>(llll).</span> 
     </span>
    </p>

    <p class='ocr_par' dir='ltr' id='par_1_5' title="bbox 255 1577 1337 1713">
     <span class='ocr_line' id='line_1_9' title="bbox 255 1577 1337 1649; baseline 0.004 -18"><span class='ocrx_word' id='word_1_51' title='bbox 255 1583 314 1632; x_wconf 80' lang='grc'>664.</span> <span class='ocrx_word' id='word_1_52' title='bbox 333 1580 360 1627; x_wconf 88' lang='lat' dir='ltr'>ln</span> <span class='ocrx_word' id='word_1_53' title='bbox 370 1591 521 1641; x_wconf 85' lang='lat' dir='ltr'>quacunque</span> <span class='ocrx_word' id='word_1_54' title='bbox 534 1580 650 1626; x_wconf 85' lang='lat' dir='ltr'>societate</span> <span class='ocrx_word' id='word_1_55' title='bbox 666 1577 707 1639; x_wconf 90' lang='lat' dir='ltr'>jus</span> <span class='ocrx_word' id='word_1_56' title='bbox 722 1582 748 1625; x_wconf 86' lang='lat' dir='ltr'>el</span> <span class='ocrx_word' id='word_1_57' title='bbox 759 1578 873 1626; x_wconf 87' lang='lat' dir='ltr'>olllclutn</span> <span class='ocrx_word' id='word_1_58' title='bbox 887 1580 1030 1629; x_wconf 78' lang='lat' dir='ltr'>auctoritati</span> <span class='ocrx_word' id='word_1_59' title='bbox 1043 1587 1079 1630; x_wconf 87' lang='lat' dir='ltr'>est</span> <span class='ocrx_word' id='word_1_60' title='bbox 1096 1584 1182 1631; x_wconf 88' lang='lat' dir='ltr'>emula</span> <span class='ocrx_word' id='word_1_61' title='bbox 1195 1592 1221 1634; x_wconf 89' lang='lat' dir='ltr'>et</span> <span class='ocrx_word' id='word_1_62' title='bbox 1237 1585 1337 1649; x_wconf 76' lang='lat' dir='ltr'>singula</span> 
     </span>
     <span class='ocr_line' id='line_1_10' title="bbox 352 1648 784 1713; baseline -0.007 -15"><span class='ocrx_word' id='word_1_63' title='bbox 352 1650 443 1699; x_wconf 82' lang='lat' dir='ltr'>delicte</span> <span class='ocrx_word' id='word_1_64' title='bbox 452 1660 563 1713; x_wconf 80' lang='lat' dir='ltr'>congrue</span> <span class='ocrx_word' id='word_1_65' title='bbox 574 1648 694 1711; x_wconf 86' lang='lat' dir='ltr'>puniendi</span> <span class='ocrx_word' id='word_1_66' title='bbox 708 1649 784 1711; x_wconf 83' lang='grc'>(946).</span> 
     </span>
    </p>

    <p class='ocr_par' dir='ltr' id='par_1_6' title="bbox 255 1720 1337 1855">
     <span class='ocr_line' id='line_1_11' title="bbox 255 1720 1337 1787; baseline -0.004 -14"><span class='ocrx_word' id='word_1_67' title='bbox 255 1728 313 1773; x_wconf 72' lang='lat' dir='ltr'>bilo.</span> <span class='ocrx_word' id='word_1_68' title='bbox 332 1722 499 1783; x_wconf 79' lang='lat' dir='ltr'><strong>Nequaquam</strong></span> <span class='ocrx_word' id='word_1_69' title='bbox 512 1732 611 1769; x_wconf 86' lang='lat' dir='ltr'>necesse</span> <span class='ocrx_word' id='word_1_70' title='bbox 621 1728 659 1768; x_wconf 88' lang='lat' dir='ltr'>est</span> <span class='ocrx_word' id='word_1_71' title='bbox 665 1720 828 1781; x_wconf 81' lang='lat' dir='ltr'>Judtcinriam</span> <span class='ocrx_word' id='word_1_72' title='bbox 839 1722 1040 1770; x_wconf 81' lang='lat' dir='ltr'>etexsecutivatu</span> <span class='ocrx_word' id='word_1_73' title='bbox 1050 1729 1184 1787; x_wconf 75' lang='lat' dir='ltr'>potestates</span> <span class='ocrx_word' id='word_1_74' title='bbox 1195 1725 1337 1777; x_wconf 62' lang='lat' dir='ltr'>tudiniensis</span> 
     </span>
     <span class='ocr_line' id='line_1_12' title="bbox 354 1790 792 1855; baseline -0.005 -14"><span class='ocrx_word' id='word_1_75' title='bbox 354 1793 467 1855; x_wconf 76' lang='lat' dir='ltr'>personis·</span> <span class='ocrx_word' id='word_1_76' title='bbox 477 1792 583 1841; x_wconf 83' lang='lat' dir='ltr'>seorsim</span> <span class='ocrx_word' id='word_1_77' title='bbox 595 1790 705 1840; x_wconf 83' lang='lat' dir='ltr'>residere</span> <span class='ocrx_word' id='word_1_78' title='bbox 717 1793 792 1853; x_wconf 71' lang='grc'>(949).</span> 
     </span>
    </p>

    <p class='ocr_par' dir='ltr' id='par_1_7' title="bbox 254 1861 1338 1999">
     <span class='ocr_line' id='line_1_13' title="bbox 254 1861 1338 1932; baseline 0.003 -16"><span class='ocrx_word' id='word_1_79' title='bbox 254 1869 313 1917; x_wconf 80' lang='grc'>666.</span> <span class='ocrx_word' id='word_1_80' title='bbox 330 1864 461 1927; x_wconf 71' lang='lat' dir='ltr'>Suprema</span> <span class='ocrx_word' id='word_1_81' title='bbox 472 1862 626 1912; x_wconf 76' lang='lat' dir='ltr'>auctoritatis</span> <span class='ocrx_word' id='word_1_82' title='bbox 638 1862 743 1923; x_wconf 73' lang='lat' dir='ltr'>publicu</span> <span class='ocrx_word' id='word_1_83' title='bbox 758 1861 891 1913; x_wconf 71' lang='lat' dir='ltr'>nenessitas</span> <span class='ocrx_word' id='word_1_84' title='bbox 909 1864 1105 1926; x_wconf 75' lang='lat' dir='ltr'>budqueeuent</span> <span class='ocrx_word' id='word_1_85' title='bbox 1117 1879 1132 1915; x_wconf 86' lang='lat' dir='ltr'>a</span> <span class='ocrx_word' id='word_1_86' title='bbox 1145 1868 1197 1917; x_wconf 73' lang='lat' dir='ltr'>sila</span> <span class='ocrx_word' id='word_1_87' title='bbox 1210 1870 1338 1932; x_wconf 83' lang='lat' dir='ltr'>potestatis</span> 
     </span>
     <span class='ocr_line' id='line_1_14' title="bbox 351 1934 885 1999; baseline -0.004 -14"><span class='ocrx_word' id='word_1_88' title='bbox 351 1936 491 1999; x_wconf 70' lang='lat' dir='ltr'>judiciariae</span> <span class='ocrx_word' id='word_1_89' title='bbox 503 1934 650 1985; x_wconf 77' lang='lat' dir='ltr'>necessitate</span> <span class='ocrx_word' id='word_1_90' title='bbox 659 1934 775 1995; x_wconf 82' lang='lat' dir='ltr'>provenit</span> <span class='ocrx_word' id='word_1_91' title='bbox 787 1934 885 1997; x_wconf 75' lang='grc'>(4646.)</span> 
     </span>
    </p>

    <p class='ocr_par' dir='ltr' id='par_1_8' title="bbox 258 2004 1338 2141">
     <span class='ocr_line' id='line_1_15' title="bbox 258 2004 1338 2076; baseline 0.004 -19"><span class='ocrx_word' id='word_1_92' title='bbox 258 2011 318 2059; x_wconf 76' lang='lat' dir='ltr'>eli.</span> <span class='ocrx_word' id='word_1_93' title='bbox 335 2010 458 2071; x_wconf 73' lang='lat' dir='ltr'>supreme</span> <span class='ocrx_word' id='word_1_94' title='bbox 473 2006 570 2055; x_wconf 82' lang='lat' dir='ltr'>socialis</span> <span class='ocrx_word' id='word_1_95' title='bbox 582 2004 778 2066; x_wconf 77' lang='lat' dir='ltr'>auetoritesjns,</span> <span class='ocrx_word' id='word_1_96' title='bbox 791 2006 815 2055; x_wconf 86' lang='lat' dir='ltr'>el</span> <span class='ocrx_word' id='word_1_97' title='bbox 830 2006 874 2067; x_wconf 87' lang='lat' dir='ltr'>qul</span> <span class='ocrx_word' id='word_1_98' title='bbox 892 2005 1037 2067; x_wconf 75' lang='lat' dir='ltr'>deliquerit,</span> <span class='ocrx_word' id='word_1_99' title='bbox 1053 2006 1189 2071; x_wconf 83' lang='lat' dir='ltr'>aliquande</span> <span class='ocrx_word' id='word_1_100' title='bbox 1209 2013 1338 2076; x_wconf 83' lang='lat' dir='ltr'>parcendi,</span> 
     </span>
     <span class='ocr_line' id='line_1_16' title="bbox 354 2075 1107 2141; baseline -0.003 -14"><span class='ocrx_word' id='word_1_101' title='bbox 354 2079 424 2127; x_wconf 80' lang='lat' dir='ltr'>salvo</span> <span class='ocrx_word' id='word_1_102' title='bbox 433 2076 532 2141; x_wconf 79' lang='lat' dir='ltr'>publico</span> <span class='ocrx_word' id='word_1_103' title='bbox 544 2076 616 2133; x_wconf 86' lang='lat' dir='ltr'>bono,</span> <span class='ocrx_word' id='word_1_104' title='bbox 630 2088 660 2124; x_wconf 86' lang='lat' dir='ltr'>en</span> <span class='ocrx_word' id='word_1_105' title='bbox 671 2087 717 2123; x_wconf 88' lang='lat' dir='ltr'>sua</span> <span class='ocrx_word' id='word_1_106' title='bbox 725 2076 804 2137; x_wconf 82' lang='lat' dir='ltr'>ipsius</span> <span class='ocrx_word' id='word_1_107' title='bbox 814 2086 905 2124; x_wconf 75' lang='lat' dir='ltr'>ualui-e</span> <span class='ocrx_word' id='word_1_108' title='bbox 912 2075 1021 2138; x_wconf 79' lang='lat' dir='ltr'>possidet</span> <span class='ocrx_word' id='word_1_109' title='bbox 1031 2080 1107 2140; x_wconf 77' lang='grc'>(969).</span> 
     </span>
    </p>

    <p class='ocr_par' dir='ltr' id='par_1_9' title="bbox 256 2146 1338 2283">
     <span class='ocr_line' id='line_1_17' title="bbox 256 2146 1338 2215; baseline 0.003 -14"><span class='ocrx_word' id='word_1_110' title='bbox 256 2153 315 2201; x_wconf 80' lang='grc'>696.</span> <span class='ocrx_word' id='word_1_111' title='bbox 333 2148 379 2199; x_wconf 86' lang='lat' dir='ltr'>lus</span> <span class='ocrx_word' id='word_1_112' title='bbox 389 2154 487 2211; x_wconf 81' lang='lat' dir='ltr'>poennte</span> <span class='ocrx_word' id='word_1_113' title='bbox 499 2146 610 2199; x_wconf 75' lang='lat' dir='ltr'>societati</span> <span class='ocrx_word' id='word_1_114' title='bbox 629 2157 788 2207; x_wconf 80' lang='lat' dir='ltr'>nequequam</span> <span class='ocrx_word' id='word_1_115' title='bbox 800 2146 921 2207; x_wconf 69' lang='lat' dir='ltr'>prium</span> <span class='ocrx_word' id='word_1_116' title='bbox 938 2154 965 2195; x_wconf 88' lang='lat' dir='ltr'>et</span> <span class='ocrx_word' id='word_1_117' title='bbox 973 2152 1098 2210; x_wconf 81' lang='lat' dir='ltr'>complete</span> <span class='ocrx_word' id='word_1_118' title='bbox 1111 2150 1229 2212; x_wconf 82' lang='lat' dir='ltr'>provenit</span> <span class='ocrx_word' id='word_1_119' title='bbox 1248 2162 1263 2201; x_wconf 79' lang='lat' dir='ltr'>a</span> <span class='ocrx_word' id='word_1_120' title='bbox 1279 2153 1338 2215; x_wconf 82' lang='lat' dir='ltr'>jure</span> 
     </span>
     <span class='ocr_line' id='line_1_18' title="bbox 354 2218 777 2283; baseline -0.009 -13"><span class='ocrx_word' id='word_1_121' title='bbox 354 2234 407 2271; x_wconf 72' lang='lat' dir='ltr'>sum</span> <span class='ocrx_word' id='word_1_122' title='bbox 418 2222 526 2283; x_wconf 75' lang='lat' dir='ltr'>propriu</span> <span class='ocrx_word' id='word_1_123' title='bbox 538 2218 692 2269; x_wconf 79' lang='lat' dir='ltr'>defensionis</span> <span class='ocrx_word' id='word_1_124' title='bbox 702 2218 777 2279; x_wconf 81' lang='grc'>(969).</span> 
     </span>
    </p>

    <p class='ocr_par' dir='ltr' id='par_1_10' title="bbox 258 2286 1338 2427">
     <span class='ocr_line' id='line_1_19' title="bbox 258 2286 1338 2355; baseline 0.001 -10"><span class='ocrx_word' id='word_1_125' title='bbox 258 2296 318 2345; x_wconf 80' lang='grc'>699.</span> <span class='ocrx_word' id='word_1_126' title='bbox 335 2292 380 2343; x_wconf 82' lang='lat' dir='ltr'>lun</span> <span class='ocrx_word' id='word_1_127' title='bbox 391 2294 489 2355; x_wconf 77' lang='lat' dir='ltr'>pende</span> <span class='ocrx_word' id='word_1_128' title='bbox 501 2292 578 2341; x_wconf 76' lang='lat' dir='ltr'>babel</span> <span class='ocrx_word' id='word_1_129' title='bbox 590 2288 724 2341; x_wconf 84' lang='lat' dir='ltr'>auotoritas</span> <span class='ocrx_word' id='word_1_130' title='bbox 735 2300 766 2338; x_wconf 84' lang='lat' dir='ltr'>ex</span> <span class='ocrx_word' id='word_1_131' title='bbox 785 2286 894 2337; x_wconf 80' lang='lat' dir='ltr'>naturali</span> <span class='ocrx_word' id='word_1_132' title='bbox 910 2302 957 2340; x_wconf 87' lang='lat' dir='ltr'>sno</span> <span class='ocrx_word' id='word_1_133' title='bbox 964 2290 1023 2353; x_wconf 74' lang='lat' dir='ltr'>jure</span> <span class='ocrx_word' id='word_1_134' title='bbox 1034 2288 1154 2341; x_wconf 85' lang='lat' dir='ltr'>elolllele</span> <span class='ocrx_word' id='word_1_135' title='bbox 1162 2292 1260 2345; x_wconf 87' lang='lat' dir='ltr'>socialis</span> <span class='ocrx_word' id='word_1_136' title='bbox 1268 2297 1338 2346; x_wconf 89' lang='lat' dir='ltr'>ordi·</span> 
     </span>
     <span class='ocr_line' id='line_1_20' title="bbox 355 2360 889 2427; baseline -0.007 -12"><span class='ocrx_word' id='word_1_137' title='bbox 355 2365 394 2415; x_wconf 90' lang='lat' dir='ltr'>uls</span> <span class='ocrx_word' id='word_1_138' title='bbox 406 2361 562 2413; x_wconf 79' lang='lat' dir='ltr'>custodiendi</span> <span class='ocrx_word' id='word_1_139' title='bbox 575 2360 651 2427; x_wconf 77' lang='lat' dir='ltr'>(eol).</span> <span class='ocrx_word' id='word_1_140' title='bbox 882 2376 889 2383; x_wconf 81' lang='grc'><strong>’</strong></span> 
     </span>
    </p>

    <p class='ocr_par' dir='ltr' id='par_1_11' title="bbox 257 2429 1335 2567">
     <span class='ocr_line' id='line_1_21' title="bbox 257 2429 1335 2498; baseline -0.003 -9"><span class='ocrx_word' id='word_1_141' title='bbox 257 2440 316 2489; x_wconf 86' lang='grc'>649.</span> <span class='ocrx_word' id='word_1_142' title='bbox 334 2436 437 2487; x_wconf 82' lang='lat' dir='ltr'>Punitie</span> <span class='ocrx_word' id='word_1_143' title='bbox 447 2436 479 2485; x_wconf 83' lang='lat' dir='ltr'>ab</span> <span class='ocrx_word' id='word_1_144' title='bbox 489 2439 637 2485; x_wconf 78' lang='lat' dir='ltr'>auctoritate</span> <span class='ocrx_word' id='word_1_145' title='bbox 647 2429 744 2481; x_wconf 86' lang='lat' dir='ltr'>inlllela</span> <span class='ocrx_word' id='word_1_146' title='bbox 754 2430 881 2493; x_wconf 72' lang='lat' dir='ltr'>triplicem</span> <span class='ocrx_word' id='word_1_147' title='bbox 890 2438 1031 2495; x_wconf 77' lang='lat' dir='ltr'>respectum</span> <span class='ocrx_word' id='word_1_148' title='bbox 1042 2432 1132 2485; x_wconf 81' lang='lat' dir='ltr'>babet:</span> <span class='ocrx_word' id='word_1_149' title='bbox 1145 2434 1335 2498; x_wconf 74' lang='lat' dir='ltr'>individualem,</span> 
     </span>
     <span class='ocr_line' id='line_1_22' title="bbox 354 2500 886 2567; baseline -0.013 -10"><span class='ocrx_word' id='word_1_150' title='bbox 354 2506 480 2567; x_wconf 81' lang='lat' dir='ltr'>socialem,</span> <span class='ocrx_word' id='word_1_151' title='bbox 494 2504 663 2555; x_wconf 78' lang='lat' dir='ltr'>universalem</span> <span class='ocrx_word' id='word_1_152' title='bbox 674 2506 740 2567; x_wconf 80' lang='grc'>(966,</span> <span class='ocrx_word' id='word_1_153' title='bbox 752 2500 837 2552; x_wconf 89' lang='lat' dir='ltr'>ceroll.</span> <span class='ocrx_word' id='word_1_154' title='bbox 853 2504 886 2565; x_wconf 88' lang='grc'>4).</span> 
     </span>
    </p>
   </div>
   <div class='ocr_carea' id='block_1_5' title="bbox 515 2634 1091 2701">
    <p class='ocr_par' dir='ltr' id='par_1_12' title="bbox 515 2634 1091 2701">
     <span class='ocr_line' id='line_1_23' title="bbox 515 2634 1091 2701; baseline 0.01 -17"><span class='ocrx_word' id='word_1_155' title='bbox 515 2640 550 2689; x_wconf 77' lang='lat' dir='ltr'>lte</span> <span class='ocrx_word' id='word_1_156' title='bbox 558 2636 676 2701; x_wconf 74' lang='lat' dir='ltr'>propriis</span> <span class='ocrx_word' id='word_1_157' title='bbox 689 2635 760 2698; x_wconf 72' lang='lat' dir='ltr'>juris</span> <span class='ocrx_word' id='word_1_158' title='bbox 772 2634 886 2698; x_wconf 78' lang='lat' dir='ltr'>poennltr</span> <span class='ocrx_word' id='word_1_159' title='bbox 897 2635 947 2698; x_wconf 64' lang='lat' dir='ltr'>fine</span> <span class='ocrx_word' id='word_1_160' title='bbox 964 2638 1091 2691; x_wconf 79' lang='lat' dir='ltr'>etmedio.</span> 
     </span>
    </p>
   </div>
   <div class='ocr_carea' id='block_1_6' title="bbox 260 2764 1342 3342">
    <p class='ocr_par' dir='ltr' id='par_1_13' title="bbox 260 2764 1339 2910">
     <span class='ocr_line' id='line_1_24' title="bbox 260 2764 1339 2835; baseline -0.003 -8"><span class='ocrx_word' id='word_1_161' title='bbox 260 2779 318 2827; x_wconf 88' lang='grc'>644.</span> <span class='ocrx_word' id='word_1_162' title='bbox 333 2772 476 2827; x_wconf 81' lang='lat' dir='ltr'>Ponitionis</span> <span class='ocrx_word' id='word_1_163' title='bbox 485 2770 518 2820; x_wconf 85' lang='lat' dir='ltr'>nb</span> <span class='ocrx_word' id='word_1_164' title='bbox 528 2769 641 2819; x_wconf 77' lang='lat' dir='ltr'>bumana</span> <span class='ocrx_word' id='word_1_165' title='bbox 652 2765 769 2816; x_wconf 83' lang='lat' dir='ltr'>societate</span> <span class='ocrx_word' id='word_1_166' title='bbox 778 2764 923 2829; x_wconf 72' lang='lat' dir='ltr'>inlligendae</span> <span class='ocrx_word' id='word_1_167' title='bbox 933 2766 1025 2831; x_wconf 81' lang='lat' dir='ltr'>triplex</span> <span class='ocrx_word' id='word_1_168' title='bbox 1035 2768 1094 2818; x_wconf 83' lang='lat' dir='ltr'>linis</span> <span class='ocrx_word' id='word_1_169' title='bbox 1102 2776 1155 2820; x_wconf 84' lang='lat' dir='ltr'>est:</span> <span class='ocrx_word' id='word_1_170' title='bbox 1167 2770 1339 2835; x_wconf 87' lang='lat' dir='ltr'>delinquentis</span> 
     </span>
     <span class='ocr_line' id='line_1_25' title="bbox 357 2839 1339 2910; baseline -0.002 -12"><span class='ocrx_word' id='word_1_171' title='bbox 357 2847 488 2905; x_wconf 69' lang='lat' dir='ltr'>correctis),</span> <span class='ocrx_word' id='word_1_172' title='bbox 500 2842 597 2892; x_wconf 77' lang='lat' dir='ltr'>ordinis</span> <span class='ocrx_word' id='word_1_173' title='bbox 608 2839 707 2889; x_wconf 79' lang='lat' dir='ltr'>socialis</span> <span class='ocrx_word' id='word_1_174' title='bbox 727 2839 861 2904; x_wconf 77' lang='lat' dir='ltr'>reparatio,</span> <span class='ocrx_word' id='word_1_175' title='bbox 875 2839 998 2890; x_wconf 82' lang='lat' dir='ltr'>sociorum</span> <span class='ocrx_word' id='word_1_176' title='bbox 1012 2841 1101 2892; x_wconf 81' lang='lat' dir='ltr'>ellican</span> <span class='ocrx_word' id='word_1_177' title='bbox 1119 2843 1259 2896; x_wconf 87' lang='lat' dir='ltr'>nduonitio</span> <span class='ocrx_word' id='word_1_178' title='bbox 1275 2849 1339 2910; x_wconf 72' lang='grc'>(9.6)</span> 
     </span>
    </p>

    <p class='ocr_par' dir='ltr' id='par_1_14' title="bbox 260 2909 1341 3050">
     <span class='ocr_line' id='line_1_26' title="bbox 260 2909 1341 2982; baseline -0.006 -9"><span class='ocrx_word' id='word_1_179' title='bbox 260 2927 319 2973; x_wconf 72' lang='grc'>642.</span> <span class='ocrx_word' id='word_1_180' title='bbox 338 2918 471 2982; x_wconf 73' lang='lat' dir='ltr'>Proprium</span> <span class='ocrx_word' id='word_1_181' title='bbox 483 2913 604 2972; x_wconf 88' lang='lat' dir='ltr'>medium,</span> <span class='ocrx_word' id='word_1_182' title='bbox 620 2923 671 2974; x_wconf 91' lang='lat' dir='ltr'>quo</span> <span class='ocrx_word' id='word_1_183' title='bbox 684 2909 748 2960; x_wconf 80' lang='lat' dir='ltr'>lines</span> <span class='ocrx_word' id='word_1_184' title='bbox 766 2909 906 2973; x_wconf 84' lang='lat' dir='ltr'>punitionis</span> <span class='ocrx_word' id='word_1_185' title='bbox 915 2911 1071 2975; x_wconf 83' lang='lat' dir='ltr'>obtinentur,</span> <span class='ocrx_word' id='word_1_186' title='bbox 1083 2921 1120 2963; x_wconf 88' lang='lat' dir='ltr'>est</span> <span class='ocrx_word' id='word_1_187' title='bbox 1138 2913 1197 2966; x_wconf 83' lang='lat' dir='ltr'>boni</span> <span class='ocrx_word' id='word_1_188' title='bbox 1216 2917 1341 2966; x_wconf 74' lang='lat' dir='ltr'>sensibilis</span> 
     </span>
     <span class='ocr_line' id='line_1_27' title="bbox 357 2986 578 3050; baseline -0.041 -8"><span class='ocrx_word' id='word_1_189' title='bbox 357 2988 494 3042; x_wconf 79' lang='lat' dir='ltr'>subtractio</span> <span class='ocrx_word' id='word_1_190' title='bbox 504 2986 578 3050; x_wconf 76' lang='grc'>(956).</span> 
     </span>
    </p>

    <p class='ocr_par' dir='ltr' id='par_1_15' title="bbox 262 3051 1342 3195">
     <span class='ocr_line' id='line_1_28' title="bbox 262 3051 1342 3125; baseline -0.006 -9"><span class='ocrx_word' id='word_1_191' title='bbox 262 3067 323 3116; x_wconf 82' lang='lat' dir='ltr'>llll.</span> <span class='ocrx_word' id='word_1_192' title='bbox 340 3061 404 3112; x_wconf 92' lang='lat' dir='ltr'>lllud</span> <span class='ocrx_word' id='word_1_193' title='bbox 416 3057 544 3125; x_wconf 79' lang='lat' dir='ltr'>potissime</span> <span class='ocrx_word' id='word_1_194' title='bbox 556 3054 652 3105; x_wconf 78' lang='lat' dir='ltr'>ebonis</span> <span class='ocrx_word' id='word_1_195' title='bbox 673 3051 785 3102; x_wconf 86' lang='lat' dir='ltr'>bominis</span> <span class='ocrx_word' id='word_1_196' title='bbox 797 3052 957 3102; x_wconf 85' lang='lat' dir='ltr'>sensibilibus</span> <span class='ocrx_word' id='word_1_197' title='bbox 967 3053 1125 3118; x_wconf 75' lang='lat' dir='ltr'>delinquenti</span> <span class='ocrx_word' id='word_1_198' title='bbox 1139 3061 1178 3106; x_wconf 81' lang='lat' dir='ltr'>est</span> <span class='ocrx_word' id='word_1_199' title='bbox 1191 3057 1342 3109; x_wconf 82' lang='lat' dir='ltr'>subtraben-</span> 
     </span>
     <span class='ocr_line' id='line_1_29' title="bbox 359 3124 1340 3195; baseline -0.001 -11"><span class='ocrx_word' id='word_1_200' title='bbox 359 3133 432 3195; x_wconf 88' lang='lat' dir='ltr'>tlum,</span> <span class='ocrx_word' id='word_1_201' title='bbox 445 3131 518 3193; x_wconf 78' lang='lat' dir='ltr'>eujus</span> <span class='ocrx_word' id='word_1_202' title='bbox 527 3126 636 3191; x_wconf 76' lang='lat' dir='ltr'>privatio</span> <span class='ocrx_word' id='word_1_203' title='bbox 646 3124 727 3188; x_wconf 76' lang='lat' dir='ltr'>bingis</span> <span class='ocrx_word' id='word_1_204' title='bbox 736 3124 830 3174; x_wconf 77' lang='lat' dir='ltr'>directe</span> <span class='ocrx_word' id='word_1_205' title='bbox 840 3124 977 3188; x_wconf 89' lang='lat' dir='ltr'>opponitur</span> <span class='ocrx_word' id='word_1_206' title='bbox 988 3126 1073 3177; x_wconf 84' lang='lat' dir='ltr'>delicti</span> <span class='ocrx_word' id='word_1_207' title='bbox 1085 3128 1255 3180; x_wconf 77' lang='lat' dir='ltr'>incitamentis</span> <span class='ocrx_word' id='word_1_208' title='bbox 1264 3133 1340 3195; x_wconf 79' lang='grc'>(969).</span> 
     </span>
    </p>

    <p class='ocr_par' dir='ltr' id='par_1_16' title="bbox 262 3195 1342 3342">
     <span class='ocr_line' id='line_1_30' title="bbox 262 3195 1342 3270; baseline -0.019 -9"><span class='ocrx_word' id='word_1_209' title='bbox 262 3214 321 3262; x_wconf 80' lang='grc'>644.</span> <span class='ocrx_word' id='word_1_210' title='bbox 340 3206 369 3256; x_wconf 82' lang='grc'>49</span> <span class='ocrx_word' id='word_1_211' title='bbox 379 3215 452 3270; x_wconf 81' lang='lat' dir='ltr'>poenn</span> <span class='ocrx_word' id='word_1_212' title='bbox 463 3199 602 3263; x_wconf 75' lang='lat' dir='ltr'>infligenda</span> <span class='ocrx_word' id='word_1_213' title='bbox 611 3210 661 3246; x_wconf 91' lang='lat' dir='ltr'>non</span> <span class='ocrx_word' id='word_1_214' title='bbox 674 3195 812 3258; x_wconf 77' lang='lat' dir='ltr'>organisnni</span> <span class='ocrx_word' id='word_1_215' title='bbox 825 3195 893 3244; x_wconf 77' lang='lat' dir='ltr'>ltcsin</span> <span class='ocrx_word' id='word_1_216' title='bbox 911 3208 957 3259; x_wconf 86' lang='lat' dir='ltr'>per</span> <span class='ocrx_word' id='word_1_217' title='bbox 973 3209 1009 3262; x_wconf 86' lang='lat' dir='ltr'>se,</span> <span class='ocrx_word' id='word_1_218' title='bbox 1021 3198 1064 3248; x_wconf 88' lang='lat' dir='ltr'>sed</span> <span class='ocrx_word' id='word_1_219' title='bbox 1074 3199 1166 3250; x_wconf 71' lang='lat' dir='ltr'>dotor‘n</span> <span class='ocrx_word' id='word_1_220' title='bbox 1183 3214 1271 3250; x_wconf 62' lang='lat' dir='ltr'>sensus</span> <span class='ocrx_word' id='word_1_221' title='bbox 1283 3203 1342 3252; x_wconf 60' lang='lat' dir='ltr'>tun„</span> 
     </span>
     <span class='ocr_line' id='line_1_31' title="bbox 362 3267 1069 3342; baseline -0.008 -16"><span class='ocrx_word' id='word_1_222' title='bbox 362 3275 512 3342; x_wconf 80' lang='lat' dir='ltr'>proveniens</span> <span class='ocrx_word' id='word_1_223' title='bbox 523 3269 619 3322; x_wconf 80' lang='lat' dir='ltr'>intendi</span> <span class='ocrx_word' id='word_1_224' title='bbox 633 3281 663 3319; x_wconf 85' lang='lat' dir='ltr'>ex</span> <span class='ocrx_word' id='word_1_225' title='bbox 676 3267 781 3317; x_wconf 83' lang='lat' dir='ltr'>rationis</span> <span class='ocrx_word' id='word_1_226' title='bbox 792 3267 880 3319; x_wconf 86' lang='lat' dir='ltr'>ordine</span> <span class='ocrx_word' id='word_1_227' title='bbox 888 3267 1069 3334; x_wconf 73' lang='lat' dir='ltr'>debettlbid.).</span> 
     </span>
    </p>
   </div>
   <div class='ocr_carea' id='block_1_7' title="bbox 550 3401 1067 3468">
    <p class='ocr_par' dir='ltr' id='par_1_17' title="bbox 550 3401 1067 3468">
     <span class='ocr_line' id='line_1_32' title="bbox 550 3401 1067 3468; baseline -0.004 -12"><span class='ocrx_word' id='word_1_228' title='bbox 550 3405 587 3456; x_wconf 82' lang='lat' dir='ltr'>lle</span> <span class='ocrx_word' id='word_1_229' title='bbox 597 3404 678 3468; x_wconf 70' lang='lat' dir='ltr'>josto</span> <span class='ocrx_word' id='word_1_230' title='bbox 686 3415 824 3467; x_wconf 73' lang='lat' dir='ltr'>plenorum</span> <span class='ocrx_word' id='word_1_231' title='bbox 834 3401 1067 3466; x_wconf 62' lang='lat' dir='ltr'>proporlionibnr.¹</span> 
     </span>
    </p>
   </div>
   <div class='ocr_carea' id='block_1_8' title="bbox 265 3529 1412 4832">
    <p class='ocr_par' dir='ltr' id='par_1_18' title="bbox 265 3529 1346 3740">
     <span class='ocr_line' id='line_1_33' title="bbox 265 3529 1344 3598; baseline -0.02 -4"><span class='ocrx_word' id='word_1_232' title='bbox 265 3547 325 3594; x_wconf 79' lang='lat' dir='ltr'>olli.</span> <span class='ocrx_word' id='word_1_233' title='bbox 342 3535 445 3589; x_wconf 83' lang='lat' dir='ltr'>Socialis</span> <span class='ocrx_word' id='word_1_234' title='bbox 456 3532 554 3598; x_wconf 89' lang='lat' dir='ltr'>punitio</span> <span class='ocrx_word' id='word_1_235' title='bbox 567 3544 612 3596; x_wconf 89' lang='lat' dir='ltr'>pro</span> <span class='ocrx_word' id='word_1_236' title='bbox 631 3529 728 3580; x_wconf 85' lang='lat' dir='ltr'>ratione</span> <span class='ocrx_word' id='word_1_237' title='bbox 743 3537 799 3580; x_wconf 88' lang='lat' dir='ltr'>tum</span> <span class='ocrx_word' id='word_1_238' title='bbox 811 3529 1010 3592; x_wconf 79' lang='lat' dir='ltr'>perturbationis</span> <span class='ocrx_word' id='word_1_239' title='bbox 1021 3530 1150 3594; x_wconf 60' lang='lat' dir='ltr'>products</span> <span class='ocrx_word' id='word_1_240' title='bbox 1159 3534 1185 3583; x_wconf 78' lang='lat' dir='ltr'>tn</span> <span class='ocrx_word' id='word_1_241' title='bbox 1196 3533 1284 3585; x_wconf 61' lang='lat' dir='ltr'>oraim</span> <span class='ocrx_word' id='word_1_242' title='bbox 1295 3547 1344 3585; x_wconf 51' lang='grc' dir='ltr'>εχ.</span> 
     </span>
     <span class='ocr_line' id='line_1_34' title="bbox 363 3599 1346 3670; baseline -0.004 -10"><span class='ocrx_word' id='word_1_243' title='bbox 363 3618 444 3670; x_wconf 87' lang='lat' dir='ltr'>terno,</span> <span class='ocrx_word' id='word_1_244' title='bbox 457 3615 511 3656; x_wconf 87' lang='lat' dir='ltr'>tum</span> <span class='ocrx_word' id='word_1_245' title='bbox 522 3605 610 3654; x_wconf 84' lang='lat' dir='ltr'>dnmrtl</span> <span class='ocrx_word' id='word_1_246' title='bbox 621 3602 697 3652; x_wconf 78' lang='lat' dir='ltr'>realis</span> <span class='ocrx_word' id='word_1_247' title='bbox 711 3603 831 3664; x_wconf 68' lang='lat' dir='ltr'>preteriti</span> <span class='ocrx_word' id='word_1_248' title='bbox 847 3608 874 3652; x_wconf 80' lang='lat' dir='ltr'>el</span> <span class='ocrx_word' id='word_1_249' title='bbox 884 3599 974 3664; x_wconf 75' lang='lat' dir='ltr'>loanni,</span> <span class='ocrx_word' id='word_1_250' title='bbox 984 3608 1040 3651; x_wconf 90' lang='lat' dir='ltr'>tum</span> <span class='ocrx_word' id='word_1_251' title='bbox 1054 3605 1221 3664; x_wconf 65' lang='lat' dir='ltr'>perventionis</span> <span class='ocrx_word' id='word_1_252' title='bbox 1237 3606 1346 3670; x_wconf 69' lang='lat' dir='ltr'>judicio·</span> 
     </span>
     <span class='ocr_line' id='line_1_35' title="bbox 364 3665 1264 3740; baseline -0.007 -11"><span class='ocrx_word' id='word_1_253' title='bbox 364 3693 422 3730; x_wconf 90' lang='lat' dir='ltr'>rnm</span> <span class='ocrx_word' id='word_1_254' title='bbox 434 3684 461 3728; x_wconf 91' lang='lat' dir='ltr'>et</span> <span class='ocrx_word' id='word_1_255' title='bbox 471 3679 498 3726; x_wconf 91' lang='lat' dir='ltr'>iu</span> <span class='ocrx_word' id='word_1_256' title='bbox 507 3665 670 3736; x_wconf 72' lang='lat' dir='ltr'>dettnqnedte</span> <span class='ocrx_word' id='word_1_257' title='bbox 679 3685 706 3722; x_wconf 87' lang='lat' dir='ltr'>et</span> <span class='ocrx_word' id='word_1_258' title='bbox 715 3685 742 3722; x_wconf 91' lang='lat' dir='ltr'>tn</span> <span class='ocrx_word' id='word_1_259' title='bbox 752 3672 809 3720; x_wconf 83' lang='lat' dir='ltr'>aliis</span> <span class='ocrx_word' id='word_1_260' title='bbox 820 3671 895 3722; x_wconf 78' lang='lat' dir='ltr'>sociis</span> <span class='ocrx_word' id='word_1_261' title='bbox 904 3679 984 3734; x_wconf 76' lang='lat' dir='ltr'>perte</span> <span class='ocrx_word' id='word_1_262' title='bbox 992 3672 1133 3736; x_wconf 71' lang='lat' dir='ltr'>lnllrgeudn</span> <span class='ocrx_word' id='word_1_263' title='bbox 1141 3683 1179 3725; x_wconf 85' lang='lat' dir='ltr'>est</span> <span class='ocrx_word' id='word_1_264' title='bbox 1187 3679 1264 3740; x_wconf 84' lang='grc'>(969).</span> 
     </span>
    </p>

    <p class='ocr_par' dir='ltr' id='par_1_19' title="bbox 266 3744 1345 3888">
     <span class='ocr_line' id='line_1_36' title="bbox 266 3744 1345 3816; baseline -0.008 -9"><span class='ocrx_word' id='word_1_265' title='bbox 266 3759 327 3812; x_wconf 77' lang='grc'>646.</span> <span class='ocrx_word' id='word_1_266' title='bbox 346 3755 381 3806; x_wconf 79' lang='lat' dir='ltr'>ln</span> <span class='ocrx_word' id='word_1_267' title='bbox 394 3752 577 3816; x_wconf 63' lang='lat' dir='ltr'>perlectionem</span> <span class='ocrx_word' id='word_1_268' title='bbox 591 3748 633 3796; x_wconf 78' lang='lat' dir='ltr'>lex</span> <span class='ocrx_word' id='word_1_269' title='bbox 644 3745 763 3808; x_wconf 32' lang='lat' dir='ltr'>,pennalis</span> <span class='ocrx_word' id='word_1_270' title='bbox 782 3757 832 3805; x_wconf 77' lang='lat' dir='ltr'>qun</span> <span class='ocrx_word' id='word_1_271' title='bbox 844 3755 928 3806; x_wconf 70' lang='lat' dir='ltr'>mepte</span> <span class='ocrx_word' id='word_1_272' title='bbox 938 3745 982 3791; x_wconf 82' lang='lat' dir='ltr'>ille</span> <span class='ocrx_word' id='word_1_273' title='bbox 992 3744 1075 3794; x_wconf 83' lang='lat' dir='ltr'>tendit</span> <span class='ocrx_word' id='word_1_274' title='bbox 1090 3747 1122 3795; x_wconf 83' lang='lat' dir='ltr'>nd</span> <span class='ocrx_word' id='word_1_275' title='bbox 1131 3748 1293 3797; x_wconf 68' lang='lat' dir='ltr'>utiendum</span> <span class='ocrx_word' id='word_1_276' title='bbox 1303 3749 1345 3799; x_wconf 89' lang='lat' dir='ltr'>de·</span> 
     </span>
     <span class='ocr_line' id='line_1_37' title="bbox 363 3815 1050 3888; baseline -0.017 -13"><span class='ocrx_word' id='word_1_277' title='bbox 363 3826 416 3876; x_wconf 88' lang='lat' dir='ltr'>lietl</span> <span class='ocrx_word' id='word_1_278' title='bbox 426 3825 509 3888; x_wconf 86' lang='lat' dir='ltr'>potius</span> <span class='ocrx_word' id='word_1_279' title='bbox 519 3831 597 3883; x_wconf 82' lang='lat' dir='ltr'>quatu</span> <span class='ocrx_word' id='word_1_280' title='bbox 608 3828 688 3880; x_wconf 76' lang='lat' dir='ltr'>poettu</span> <span class='ocrx_word' id='word_1_281' title='bbox 697 3816 830 3866; x_wconf 83' lang='lat' dir='ltr'>borrorern</span> <span class='ocrx_word' id='word_1_282' title='bbox 842 3817 908 3877; x_wconf 86' lang='grc'>(964,</span> <span class='ocrx_word' id='word_1_283' title='bbox 917 3815 1005 3864; x_wconf 83' lang='lat' dir='ltr'>norell.</span> <span class='ocrx_word' id='word_1_284' title='bbox 1018 3817 1050 3879; x_wconf 87' lang='lat' dir='ltr'>t),</span> 
     </span>
    </p>

    <p class='ocr_par' dir='ltr' id='par_1_20' title="bbox 266 3885 1347 4100">
     <span class='ocr_line' id='line_1_38' title="bbox 266 3885 1347 3958; baseline -0.013 -8"><span class='ocrx_word' id='word_1_285' title='bbox 266 3903 325 3954; x_wconf 81' lang='grc'>647.</span> <span class='ocrx_word' id='word_1_286' title='bbox 342 3896 448 3958; x_wconf 81' lang='lat' dir='ltr'>Quando</span> <span class='ocrx_word' id='word_1_287' title='bbox 458 3895 556 3956; x_wconf 80' lang='lat' dir='ltr'>punitio</span> <span class='ocrx_word' id='word_1_288' title='bbox 570 3889 603 3940; x_wconf 85' lang='lat' dir='ltr'>nd</span> <span class='ocrx_word' id='word_1_289' title='bbox 620 3887 811 3950; x_wconf 86' lang='lat' dir='ltr'>delinquentem</span> <span class='ocrx_word' id='word_1_290' title='bbox 824 3885 1005 3949; x_wconf 71' lang='lat' dir='ltr'>corrigendum</span> <span class='ocrx_word' id='word_1_291' title='bbox 1024 3885 1087 3936; x_wconf 87' lang='lat' dir='ltr'>nibil</span> <span class='ocrx_word' id='word_1_292' title='bbox 1099 3885 1209 3950; x_wconf 85' lang='lat' dir='ltr'>prodest,</span> <span class='ocrx_word' id='word_1_293' title='bbox 1219 3899 1249 3938; x_wconf 83' lang='lat' dir='ltr'>en</span> <span class='ocrx_word' id='word_1_294' title='bbox 1260 3896 1347 3940; x_wconf 75' lang='lat' dir='ltr'>umen</span> 
     </span>
     <span class='ocr_line' id='line_1_39' title="bbox 365 3957 1345 4028; baseline -0.006 -9"><span class='ocrx_word' id='word_1_295' title='bbox 365 3972 393 4020; x_wconf 86' lang='lat' dir='ltr'>in</span> <span class='ocrx_word' id='word_1_296' title='bbox 402 3965 491 4017; x_wconf 88' lang='lat' dir='ltr'>ordine</span> <span class='ocrx_word' id='word_1_297' title='bbox 502 3965 557 4028; x_wconf 83' lang='lat' dir='ltr'>ipso</span> <span class='ocrx_word' id='word_1_298' title='bbox 567 3960 718 4012; x_wconf 81' lang='lat' dir='ltr'>individuali</span> <span class='ocrx_word' id='word_1_299' title='bbox 729 3957 845 4021; x_wconf 82' lang='lat' dir='ltr'>ndulme,</span> <span class='ocrx_word' id='word_1_300' title='bbox 857 3969 889 4007; x_wconf 85' lang='lat' dir='ltr'>ne</span> <span class='ocrx_word' id='word_1_301' title='bbox 901 3964 962 4008; x_wconf 89' lang='lat' dir='ltr'>tune</span> <span class='ocrx_word' id='word_1_302' title='bbox 977 3958 1091 4024; x_wconf 78' lang='lat' dir='ltr'>quidem,</span> <span class='ocrx_word' id='word_1_303' title='bbox 1103 3959 1201 4009; x_wconf 82' lang='lat' dir='ltr'>inntibs</span> <span class='ocrx_word' id='word_1_304' title='bbox 1216 3967 1254 4010; x_wconf 87' lang='lat' dir='ltr'>est</span> <span class='ocrx_word' id='word_1_305' title='bbox 1265 3962 1345 4026; x_wconf 83' lang='grc'>(1694.</span> 
     </span>
     <span class='ocr_line' id='line_1_40' title="bbox 363 4039 497 4100; baseline -0.037 -7"><span class='ocrx_word' id='word_1_306' title='bbox 363 4040 450 4092; x_wconf 87' lang='lat' dir='ltr'>coroll.</span> <span class='ocrx_word' id='word_1_307' title='bbox 463 4039 497 4100; x_wconf 83' lang='grc'>2).</span> 
     </span>
    </p>

    <p class='ocr_par' dir='ltr' id='par_1_21' title="bbox 267 4102 1349 4319">
     <span class='ocr_line' id='line_1_41' title="bbox 267 4102 1347 4170; baseline -0.013 -2"><span class='ocrx_word' id='word_1_308' title='bbox 267 4118 327 4169; x_wconf 84' lang='grc'>646.</span> <span class='ocrx_word' id='word_1_309' title='bbox 345 4113 447 4166; x_wconf 73' lang='grc'>999990</span> <span class='ocrx_word' id='word_1_310' title='bbox 462 4110 598 4162; x_wconf 83' lang='lat' dir='ltr'>debetesse</span> <span class='ocrx_word' id='word_1_311' title='bbox 609 4102 996 4170; x_wconf 78' lang='lat' dir='ltr'>proportionataapprebemioui</span> <span class='ocrx_word' id='word_1_312' title='bbox 1008 4104 1067 4154; x_wconf 87' lang='lat' dir='ltr'>boni</span> <span class='ocrx_word' id='word_1_313' title='bbox 1076 4103 1202 4154; x_wconf 62' lang='lat' dir='ltr'>sedibilis</span> <span class='ocrx_word' id='word_1_314' title='bbox 1210 4102 1347 4154; x_wconf 84' lang='lat' dir='ltr'>ndoertum</span> 
     </span>
     <span class='ocr_line' id='line_1_42' title="bbox 365 4174 1349 4241; baseline -0.012 -3"><span class='ocrx_word' id='word_1_315' title='bbox 365 4187 485 4238; x_wconf 87' lang='lat' dir='ltr'>delictum</span> <span class='ocrx_word' id='word_1_316' title='bbox 497 4179 623 4241; x_wconf 84' lang='lat' dir='ltr'>incitanti,</span> <span class='ocrx_word' id='word_1_317' title='bbox 633 4178 746 4241; x_wconf 72' lang='lat' dir='ltr'>eiusdem</span> <span class='ocrx_word' id='word_1_318' title='bbox 759 4179 815 4228; x_wconf 88' lang='lat' dir='ltr'>boui</span> <span class='ocrx_word' id='word_1_319' title='bbox 825 4175 955 4228; x_wconf 85' lang='lat' dir='ltr'>obtinendi</span> <span class='ocrx_word' id='word_1_320' title='bbox 967 4176 1146 4239; x_wconf 80' lang='lat' dir='ltr'>probabilitati,</span> <span class='ocrx_word' id='word_1_321' title='bbox 1156 4174 1349 4241; x_wconf 79' lang='lat' dir='ltr'>proximitatiae</span> 
     </span>
     <span class='ocr_line' id='line_1_43' title="bbox 364 4255 799 4319; baseline -0.037 -9"><span class='ocrx_word' id='word_1_322' title='bbox 364 4255 489 4310; x_wconf 80' lang='lat' dir='ltr'>ducalinni</span> <span class='ocrx_word' id='word_1_323' title='bbox 503 4256 578 4319; x_wconf 77' lang='grc'>(962).</span> <span class='ocrx_word' id='word_1_324' title='bbox 794 4299 799 4310; x_wconf 55' lang='grc'><em>,</em></span> 
     </span>
    </p>

    <p class='ocr_par' dir='ltr' id='par_1_22' title="bbox 268 4319 1351 4534">
     <span class='ocr_line' id='line_1_44' title="bbox 268 4319 1351 4390; baseline -0.017 0"><span class='ocrx_word' id='word_1_325' title='bbox 268 4339 330 4390; x_wconf 83' lang='grc'>649.</span> <span class='ocrx_word' id='word_1_326' title='bbox 346 4331 489 4385; x_wconf 78' lang='lat' dir='ltr'>Auemritns</span> <span class='ocrx_word' id='word_1_327' title='bbox 500 4325 574 4376; x_wconf 86' lang='lat' dir='ltr'>debet</span> <span class='ocrx_word' id='word_1_328' title='bbox 583 4323 661 4374; x_wconf 85' lang='lat' dir='ltr'>socios</span> <span class='ocrx_word' id='word_1_329' title='bbox 671 4322 824 4386; x_wconf 77' lang='lat' dir='ltr'>praemunire</span> <span class='ocrx_word' id='word_1_330' title='bbox 837 4335 883 4387; x_wconf 86' lang='lat' dir='ltr'>per</span> <span class='ocrx_word' id='word_1_331' title='bbox 895 4319 971 4372; x_wconf 82' lang='lat' dir='ltr'>alieni</span> <span class='ocrx_word' id='word_1_332' title='bbox 980 4319 1064 4370; x_wconf 87' lang='lat' dir='ltr'>delicti</span> <span class='ocrx_word' id='word_1_333' title='bbox 1074 4319 1240 4384; x_wconf 88' lang='lat' dir='ltr'>punitionem,</span> <span class='ocrx_word' id='word_1_334' title='bbox 1250 4333 1307 4385; x_wconf 75' lang='lat' dir='ltr'>quoe</span> <span class='ocrx_word' id='word_1_335' title='bbox 1318 4320 1351 4372; x_wconf 85' lang='lat' dir='ltr'>sil</span> 
     </span>
     <span class='ocr_line' id='line_1_45' title="bbox 368 4391 1349 4470; baseline -0.009 -17"><span class='ocrx_word' id='word_1_336' title='bbox 368 4399 478 4470; x_wconf 87' lang='lat' dir='ltr'>publica,</span> <span class='ocrx_word' id='word_1_337' title='bbox 491 4397 588 4464; x_wconf 86' lang='lat' dir='ltr'>publice</span> <span class='ocrx_word' id='word_1_338' title='bbox 599 4393 686 4444; x_wconf 85' lang='lat' dir='ltr'>babila</span> <span class='ocrx_word' id='word_1_339' title='bbox 697 4405 743 4458; x_wconf 88' lang='lat' dir='ltr'>pro</span> <span class='ocrx_word' id='word_1_340' title='bbox 752 4394 830 4459; x_wconf 75' lang='lat' dir='ltr'>jure,</span> <span class='ocrx_word' id='word_1_341' title='bbox 842 4394 974 4446; x_wconf 80' lang='lat' dir='ltr'>evidenter</span> <span class='ocrx_word' id='word_1_342' title='bbox 982 4403 1102 4456; x_wconf 84' lang='lat' dir='ltr'>superaus</span> <span class='ocrx_word' id='word_1_343' title='bbox 1110 4391 1195 4442; x_wconf 88' lang='lat' dir='ltr'>delicti</span> <span class='ocrx_word' id='word_1_344' title='bbox 1206 4393 1349 4458; x_wconf 74' lang='lat' dir='ltr'>unitatem,</span> 
     </span>
     <span class='ocr_line' id='line_1_46' title="bbox 368 4464 1203 4534; baseline -0.018 -5"><span class='ocrx_word' id='word_1_345' title='bbox 368 4483 394 4529; x_wconf 88' lang='lat' dir='ltr'>et</span> <span class='ocrx_word' id='word_1_346' title='bbox 408 4473 507 4525; x_wconf 86' lang='lat' dir='ltr'>nullam</span> <span class='ocrx_word' id='word_1_347' title='bbox 518 4471 573 4534; x_wconf 83' lang='lat' dir='ltr'>ejus</span> <span class='ocrx_word' id='word_1_348' title='bbox 585 4464 695 4518; x_wconf 72' lang='lat' dir='ltr'>stende</span> <span class='ocrx_word' id='word_1_349' title='bbox 703 4478 774 4529; x_wconf 88' lang='lat' dir='ltr'>spem</span> <span class='ocrx_word' id='word_1_350' title='bbox 785 4466 962 4518; x_wconf 85' lang='lat' dir='ltr'>rationabilem</span> <span class='ocrx_word' id='word_1_351' title='bbox 974 4464 1121 4525; x_wconf 82' lang='lat' dir='ltr'>relinquens</span> <span class='ocrx_word' id='word_1_352' title='bbox 1129 4466 1203 4526; x_wconf 84' lang='grc'>(966).</span> 
     </span>
    </p>

    <p class='ocr_par' dir='ltr' id='par_1_23' title="bbox 275 4535 1412 4684">
     <span class='ocr_line' id='line_1_47' title="bbox 275 4535 1412 4610; baseline -0.014 -9"><span class='ocrx_word' id='word_1_353' title='bbox 275 4557 334 4608; x_wconf 82' lang='lat' dir='ltr'>otto.</span> <span class='ocrx_word' id='word_1_354' title='bbox 352 4547 455 4602; x_wconf 81' lang='lat' dir='ltr'>soclabs</span> <span class='ocrx_word' id='word_1_355' title='bbox 467 4543 565 4610; x_wconf 83' lang='lat' dir='ltr'>punitio</span> <span class='ocrx_word' id='word_1_356' title='bbox 571 4539 646 4594; x_wconf 71' lang='lat' dir='ltr'>delet</span> <span class='ocrx_word' id='word_1_357' title='bbox 653 4551 684 4592; x_wconf 82' lang='lat' dir='ltr'>ex</span> <span class='ocrx_word' id='word_1_358' title='bbox 697 4549 769 4603; x_wconf 74' lang='lat' dir='ltr'>aqua</span> <span class='ocrx_word' id='word_1_359' title='bbox 780 4540 942 4608; x_wconf 84' lang='lat' dir='ltr'>proportione</span> <span class='ocrx_word' id='word_1_360' title='bbox 949 4535 1046 4592; x_wconf 85' lang='lat' dir='ltr'>lumnd</span> <span class='ocrx_word' id='word_1_361' title='bbox 1054 4535 1224 4599; x_wconf 64' lang='lat' dir='ltr'>munerantis</span> <span class='ocrx_word' id='word_1_362' title='bbox 1230 4537 1350 4599; x_wconf 83' lang='lat' dir='ltr'>indolem,</span> <span class='ocrx_word' id='word_1_363' title='bbox 1407 4554 1412 4560; x_wconf 89' lang='lat'>·</span> 
     </span>
     <span class='ocr_line' id='line_1_48' title="bbox 377 4609 1351 4684; baseline -0.012 -12"><span class='ocrx_word' id='word_1_364' title='bbox 377 4627 433 4673; x_wconf 83' lang='lat' dir='ltr'>lum</span> <span class='ocrx_word' id='word_1_365' title='bbox 445 4619 475 4670; x_wconf 88' lang='lat' dir='ltr'>ad</span> <span class='ocrx_word' id='word_1_366' title='bbox 487 4618 594 4684; x_wconf 81' lang='lat' dir='ltr'>gradum</span> <span class='ocrx_word' id='word_1_367' title='bbox 606 4612 799 4666; x_wconf 83' lang='lat' dir='ltr'>inordinationis</span> <span class='ocrx_word' id='word_1_368' title='bbox 811 4626 868 4679; x_wconf 77' lang='lat' dir='ltr'>quae</span> <span class='ocrx_word' id='word_1_369' title='bbox 883 4616 911 4668; x_wconf 87' lang='lat' dir='ltr'>in</span> <span class='ocrx_word' id='word_1_370' title='bbox 921 4610 1012 4666; x_wconf 83' lang='lat' dir='ltr'>delicte</span> <span class='ocrx_word' id='word_1_371' title='bbox 1022 4609 1064 4670; x_wconf 81' lang='lat' dir='ltr'>sil,</span> <span class='ocrx_word' id='word_1_372' title='bbox 1074 4609 1258 4662; x_wconf 72' lang='lat' dir='ltr'>accommodari</span> <span class='ocrx_word' id='word_1_373' title='bbox 1275 4610 1351 4676; x_wconf 80' lang='grc'>(666).</span> 
     </span>
    </p>

    <p class='ocr_par' dir='ltr' id='par_1_24' title="bbox 273 4679 1352 4832">
     <span class='ocr_line' id='line_1_49' title="bbox 273 4679 1352 4832; baseline -0.019 -78"><span class='ocrx_word' id='word_1_374' title='bbox 273 4699 331 4754; x_wconf 78' lang='lat' dir='ltr'>eat.</span> <span class='ocrx_word' id='word_1_375' title='bbox 349 4690 603 4832; x_wconf 39' lang='lat' dir='ltr'>Pteneffnmquelites</span> <span class='ocrx_word' id='word_1_376' title='bbox 612 4689 1028 4760; x_wconf 74' lang='lat' dir='ltr'>debeteonprnenterndnivorsee</span> <span class='ocrx_word' id='word_1_377' title='bbox 1037 4679 1352 4750; x_wconf 77' lang='lat' dir='ltr'>secioremclnssesnptnrl</span> 
     </span>
     <span class='ocr_line' id='line_1_50' title="bbox 369 4767 444 4832; baseline 0.027 -18"><span class='ocrx_word' id='word_1_378' title='bbox 369 4767 424 4832; x_wconf 80' lang='grc'>(999</span> <span class='ocrx_word' id='word_1_379' title='bbox 439 4803 444 4816; x_wconf 94' lang='grc'>.</span> 
     </span>
    </p>
   </div>
   <div class='ocr_carea' id='block_1_9' title="bbox 0 0 1801 5675">
    <p class='ocr_par' dir='ltr' id='par_1_25' title="bbox 0 0 1801 5675">
     <span class='ocr_line' id='line_1_51' title="bbox 0 0 1801 5675; baseline 0 0"><span class='ocrx_word' id='word_1_380' title='bbox 0 0 1801 5675; x_wconf 95' lang='lat' dir='ltr'> </span> 
     </span>
    </p>
   </div>
  </div>
 </body>
</html>
