3559 5675
587 798 696 847 sonui.
720 816 759 834 -·
779 798 863 845 avam
882 798 1032 845 miuus.
1306 782 1342 847 al

301 905 449 977 officium
463 904 579 967 vitandi
591 904 741 983 quidquid
756 904 794 965 ati
807 904 921 965 eliense
938 904 1093 981 paesiome
1113 905 1204 966 nimis
1219 904 1344 967 inllain-

262 1006 393 1067 umam
405 1005 520 1083 mollit,
534 1005 675 1082 generale
687 1005 823 1069 ollioinm
840 1002 967 1083 pellice
987 1003 1142 1065 honestatis
1165 1004 1343 1084 sepelimur,

262 1105 353 1185 plum
372 1105 575 1184 pereuntem
590 1104 688 1166 oilloia
699 1106 869 1182 eontinene,
886 1104 1051 1181 dequibus
1066 1105 1193 1166 iniurius
1206 1121 1342 1183 egemus.

262 1208 363 1282 Erat),
385 1211 447 1267 eu„

300 1304 375 1365 754.
390 1305 530 1366 corona.
544 1334 580 1351 -
595 1305 714 1363 Bonum
735 1302 899 1369 voluntatis
919 1301 1001 1379 quod
1021 1302 1149 1382 quiaque
1169 1302 1237 1367 aliie
1250 1303 1351 1369 bona,

262 1401 368 1475 nibus,
391 1406 546 1477 qivantum
564 1406 673 1477 potest,
689 1417 848 1479 procurare
867 1400 966 1478 (lebet,
990 1400 1067 1459 nihil
1087 1400 1172 1467 aliutl
1189 1409 1234 1463 eet
1255 1418 1348 1480 quam

261 1517 371 1563 verum
383 1507 420 1560 et
428 1517 494 1561 esse
502 1499 727 1571 eoneitieratum
739 1507 774 1561 ut
788 1500 939 1578 obieetum
950 1501 1124 1565 voluntutie.
1136 1504 1233 1565 Pouet
1246 1510 1347 1569 sutem

262 1606 392 1680 bonum
408 1605 495 1666 sieut
507 1620 625 1681 verum,
642 1606 769 1684 emeleri
784 1612 816 1667 et
826 1612 861 1667 ut
871 1604 1007 1669 medinm
1018 1606 1051 1667 in
1068 1604 1188 1667 entibus
1199 1605 1348 1678 limitatie,

263 1714 292 1765 et
313 1712 351 1765 ut
372 1704 452 1765 linis
472 1705 507 1765 in
527 1702 602 1765 Esse
620 1704 750 1766 infinito,
776 1707 844 1767 tem
862 1705 933 1767 aliie
954 1706 1131 1767 nominibus
1151 1705 1289 1783 opitulari
1312 1702 1349 1767 etl

266 1807 384 1865 Bonum
408 1805 573 1866 inlinitum
593 1805 909 1883 eouesquendum,eat
930 1806 1099 1875 meentinlis
1112 1805 1190 1865 »linis
1210 1804 1350 1867 humana

266 1903 415 1965 sooietatia
429 1903 525 1983 (7³4),
541 1904 677 1981 adeoque
690 1910 737 1965 eet
752 1905 882 1967 ultimus
901 1922 1008 1987 empus
1029 1906 1168 1971 omnium
1183 1904 1351 1967 officiorum
1421 1942 1430 1955 ·

267 2003 510 2081 submittimur.
529 2007 567 2065 ai
586 2004 644 2066 hoo
662 2005 807 2077 ollio-ium,
827 2011 979 2083 quatenue
992 2006 1116 2084 positive
1139 2011 1301 2085 spectetur.
1320 2009 1351 2065 et

269 2110 418 2179 quatenus
429 2101 471 2163 ed
480 2118 588 2174 verum
595 2104 819 2180 assequendum
828 2104 970 2181 pertinet,
982 2102 1087 2165 reoidit
1100 2103 1131 2163 in
1141 2102 1273 2167 ollioinm
1286 2102 1349 2169 veri

270 2202 423 2279 bquendi,
441 2201 524 2279 qued
542 2204 698 2280 superiore
715 2202 841 2265 artioulo
859 2200 1076 2279 explicavimus
1088 2216 1098 2263 t
1109 2199 1248 2264 voluntas
1265 2201 1347 2263 enlm

272 2301 305 2361 al
316 2302 432 2362 bonum
448 2301 695 2379 prosequendum
716 2316 777 2361 non
797 2300 886 2361 aliter
904 2301 1093 2364 naturalibus
1111 2300 1219 2363 meillie
1232 2300 1349 2365 insiteri

277 2407 377 2477 retest,
388 2416 484 2478 quem
500 2398 618 2461 bouum
632 2400 676 2461 illi
690 2399 846 2462 evidenter
858 2400 1050 2463 ostendendo.

314 2499 380 2561 7⁵⁵.
392 2502 463 2561 Poe.
478 2498 562 2561 358¹.
575 2498 729 2572 -Quivis
741 2498 834 2559 bomo
847 2497 918 2559 aliia
930 2496 1164 2575 quibusounque
1175 2494 1352 2561 hominibus

271 2599 505 2674 obsemmtiam,
521 2598 763 2661 benevolentiam
776 2605 805 2660 et
821 2598 1023 2663 urbanitatem
1036 2598 1132 2661 debet.
1189 2626 1192 2641 ·

306 2700 462 2760 Paom-
474 2697 599 2761 Cooetet
620 2714 657 2759 ex
677 2712 745 2775 uos.
764 2698 824 2759 352
845 2702 877 2758 et
895 2714 932 2761 ex
951 2698 1088 2777 sequenti
1102 2696 1219 2769 omelia
1239 2714 1351 2775 quem·

266 2814 324 2875 qne
345 2798 510 2862 bominem
531 2796 641 2864 debere
659 2796 790 2860 eliorum
805 2796 974 2862 nominum
996 2797 1112 2864 bonum
1135 2796 1297 2877 perieulum
1321 2804 1351 2861 st

263 2899 444 2982 lelieitatem
457 2894 548 2978 velle,
569 2903 661 2975 strue
679 2894 754 2960 ut'il
772 2898 876 2960 lelioes
897 2899 960 2959 sint
971 2915 1013 2966 ¹no
1032 2898 1247 2976 perfectionem
1263 2914 1350 2964 enam

263 3001 439 3073 obtineant,
459 3014 578 3060 aurare.
600 3000 678 3076 Ergo
694 2999 797 3076 quivis
818 2999 910 3060 bomo
932 3004 1050 3060 tenetur
1072 2997 1140 3060 aliis
1160 2997 1350 3073 hominibue,

263 3109 423 3179 euentum
433 3105 544 3178 potest,
557 3097 700 3178 opitulari
713 3115 774 3163 usu
782 3098 931 3159 bonorum
945 3096 1111 3166 finitorum.
1124 3109 1191 3172 que
1202 3100 1276 3162 eunt
1288 3112 1352 3158 me·

261 3202 310 3262 elia
324 3200 368 3262 ad
382 3199 504 3260 boum
516 3198 670 3258 inlinitum
680 3195 892 3260 obtinendum.

299 3303 376 3362 lam
395 3297 628 3362 bouettmitau
648 3304 721 3359 suot
740 3295 790 3372 vel
810 3293 977 3360 materialis
998 3293 1114 3358 ordinis
1140 3293 1187 3360 vel
1212 3294 1345 3366 murelle.

262 3397 728 3480 lionamaterisliaadeorooris
741 3396 898 3462 utilitatem
919 3400 1068 3472 speetaut3
1093 3393 1130 3462 de
1144 3394 1256 3471 quibua
1276 3383 1346 3462 alibi

261 3501 466 3564 disseramus.
482 3499 565 3560 lione
578 3513 649 3558 vero
669 3495 808 3567 moralia,
824 3494 938 3575 ouibus
951 3493 986 3554 ud
1002 3494 1132 3557 aliorum
1154 3493 1347 3562 nommotlutu

260 3601 367 3677 quiris
379 3599 429 3662 uti
442 3603 558 3676 potest,
580 3602 652 3659 suut
665 3595 826 3657 relationes
847 3595 907 3654 illm
923 3593 1074 3658 benevola
1093 3593 1192 3655 omnis
1211 3595 1347 3670 generis,

261 3717 333 3776 qno
347 3699 388 3760 ad
404 3700 464 3760 tria
475 3698 574 3777 oepite
587 3695 691 3759 retluoi
705 3683 844 3774 vomunt,
858 3695 1006 3756 nimirum
1022 3693 1058 3752 acl
1071 3691 1294 3763 observantium,
1310 3693 1347 3762 sd

260 3817 393 3864 meones
411 3804 443 3860 et
461 3798 498 3859 etl
517 3794 724 3858 urbanitatem
744 3797 821 3866 Nem
840 3811 945 3857 omnes
966 3793 1122 3856 lnoultetee
1147 3793 1259 3868 quibus
1279 3793 1348 3864 aliie

261 3899 448 3964 bominibus
467 3897 579 3958 servire
593 3911 769 3974 possumne,
788 3895 826 3960 ed
845 3901 989 3970 mentem,
1003 3893 1040 3956 ad
1054 3893 1239 3958 voluntatem
1259 3898 1289 3964 et
1309 3893 1346 3956 ad

260 4009 423 4062 externam
444 3996 589 4060 astionem
618 4000 803 4064 revocentur.
826 3988 918 4071 atqui
935 4011 987 4072 per
1006 3992 1224 4058 observantiam
1243 3999 1346 4068 mente,

261 4119 318 4178 oar
334 4113 477 4162 morem
502 4095 671 4170 animitate,
696 4112 751 4174 per
774 4095 977 4162 urbanitatem
1002 4098 1125 4158 externo
1146 4092 1258 4159 eumue
1278 4091 1346 4154 aliis

263 4199 447 4261 hominibus
459 4196 674 4258 benefacimus.
692 4199 781 4274 Ergo,
794 4202 850 4256 ete.
875 4228 880 4236 ι

305 4301 380 4363 too.
393 4299 529 4364 corma.
543 4329 584 4342 -·
597 4295 642 4361 ad
657 4296 722 4360 boo
733 4297 790 4356 tria
807 4295 974 4372 bonaque
998 4293 1178 4357 universalis
1199 4293 1347 4357 moiatetie

265 4398 428 4459 vinculum
452 4395 590 4457 naturale
608 4399 691 4467 eunt,
715 4394 755 4453 ab
775 4393 843 4454 aliis
865 4392 1042 4453 hominibus
1066 4391 1227 4456 obtinenda
1247 4391 1362 4470 quivis·

267 4498 374 4566 bomo,
394 4496 457 4560 troc.
468 4496 534 4574 ipso
550 4493 633 4572 quud
653 4493 745 4555 bomo
764 4498 821 4567 est,
840 4493 932 4555 babet
942 4495 995 4568 jus
1010 4491 1156 4556 naturale.
1170 4490 1329 4564 Atmotlue
1337 4533 1348 4564 ,

266 4613 332 4674 quo
352 4595 426 4657 bulo
441 4596 506 4671 jurei
535 4594 699 4677 universali
723 4592 839 4668 satisfit,
861 4592 1000 4655 diversus
1018 4607 1084 4664 esee
1109 4595 1204 4670 potest
1218 4607 1226 4656 t
1242 4592 1275 4656 l⁰
1295 4605 1348 4670 pm

268 4695 396 4758 diversis
408 4694 567 4755 bominum
580 4690 738 4770 gradibus,
751 4693 804 4768 qul
819 4692 852 4752 in
865 4691 1002 4752 societate
1016 4694 1153 4772 concreta
1167 4688 1347 4752 relationum

269 4795 429 4857 socialium
450 4796 581 4872 speeiem
603 4793 782 4867 immutant5
812 4794 844 4850 2⁰
865 4809 919 4869 pro
943 4787 1059 4850 diversa
1082 4789 1196 4858 ratione
1218 4789 1345 4864 agendi,
