3559 5675
438 668 477 733 58
843 684 923 733 roais
944 684 1104 737 neronam

436 786 614 869 parentibus
627 790 836 851 educationem
854 790 988 868 accipiat.
1005 791 1082 865 Ergo
1100 786 1267 869 completus
1282 788 1469 849 matrimonii
1482 789 1514 849 ti·

439 889 486 949 nis
502 890 647 951 naturalis
667 905 729 951 non
741 890 839 951 solum
855 889 950 969 prolis
968 890 1204 966 generationem,
1220 888 1272 951 sed
1288 874 1371 951 illius
1385 890 1513 951 etiamst

438 987 594 1066 physicam
608 998 638 1051 et
657 990 803 1053 moralem
819 990 1028 1051 educationem
1042 989 1249 1068 complectitur
1264 1008 1272 1052 ε
1289 990 1353 1049 sine
1366 984 1511 1051 hac'enim

441 1087 555 1167 duplici
569 1090 743 1172 educatione
756 1090 884 1166 inutilis,
901 1089 977 1167 quin
992 1090 1053 1151 imo
1068 1088 1195 1150 exitialis
1210 1095 1287 1151 esset
1302 1088 1437 1151 filiorum
1450 1106 1512 1169 pro·

441 1190 561 1249 creatio.
576 1192 653 1266 Ergo
668 1190 765 1269 pactio
779 1206 839 1267 qna
852 1189 912 1250 duo
931 1190 1074 1266 conjuges
1093 1190 1320 1261 matrimonium
1340 1190 1458 1258 ineunt,
1471 1190 1512 1250 io-

441 1289 538 1349 cludit
550 1290 747 1351 essentialiter
765 1289 992 1367 obligationem,
1008 1290 1126 1367 uitrique
1143 1291 1264 1366 eoriJugi
1280 1290 1511 1365 incumbentem,

442 1388 594 1451 inserendi
609 1392 709 1451 statim
723 1391 760 1451 ab
778 1390 904 1451 iolantia
919 1390 1029 1451 animis
1041 1387 1174 1451 filiorum
1188 1406 1314 1451 suornm
1333 1382 1403 1451 neri
1419 1396 1446 1451 et
1466 1386 1510 1449 bo

440 1490 518 1549 nestl
532 1500 572 1552 ac‘
582 1491 705 1551 sincerae
719 1489 911 1569 potissimum
930 1489 1086 1561 religionis
1099 1490 1247 1567 germina,
1267 1478 1370 1567 eaqne'
1378 1488 1510 1567 deinceps

440 1588 485 1648 sic
500 1590 661 1651 evolvendi
683 1596 713 1650 et
732 1588 903 1651 stabiliendi
928 1594 961 1647 ut
982 1589 1109 1667 puerilis
1126 1588 1182 1649 illa
1204 1588 1352 1667 institutio
1377 1595 1509 1670 consens

441 1704 548 1750 norma
569 1690 620 1749 toti
641 1688 763 1749 illorum
778 1689 845 1749 ritae
860 1688 1053 1767 postmodnm
1067 1688 1166 1749 lutura
1186 1672 1234 1749 sit.
1378 1674 1380 1679 ’

480 1789 550 1848 809.
565 1791 633 1849 l‘os.
650 1790 734 1849 3892.
755 1821 794 1833 -
809 1789 988 1849 Matrimonii
1003 1786 1072 1849 striis
1086 1789 1233 1851 naturalis
1246 1805 1298 1869 per
1313 1806 1346 1851 se
1360 1787 1424 1869 ipse
1437 1802 1511 1848 sacer

443 1892 589 1963 astatque
603 1887 717 1947 ordinis
730 1887 896 1967 spiritualis
908 1893 937 1949 et
951 1888 1082 1949 moralis.

484 1988 664 2048 Noranonrt.
680 2020 708 2031 -
727 1986 851 2047 &terum
865 1986 974 2047 dicitur
985 1986 1134 2065 quidquid
1153 1986 1190 2047 ad
1211 1990 1307 2048 baum
1325 1988 1438 2065 licique
1454 1984 1511 2045 cul·

446 2092 508 2147 tum
524 2085 633 2148 directe
649 2094 772 2167 spectat.
798 2086 879 2149 Ordo
900 2094 1001 2148 autem
1021 2085 1192 2167 spiritualis
1213 2086 1246 2146 in
1269 2086 1361 2147 rebus
1377 2084 1510 2145 humanis

444 2192 488 2247 est
506 2187 569 2256 ille.
589 2189 643 2264 qui
662 2188 834 2263 bominem,
854 2192 1004 2265 quaetenus
1025 2186 1178 2247 rationalis
1198 2194 1261 2262 est,
1285 2196 1355 2267 apte
1375 2185 1507 2263 disponit.

443 2283 525 2346 Ordo
538 2286 669 2365 denique
681 2286 805 2350 morolio
818 2294 863 2350 eet
875 2287 927 2349 ille
940 2288 994 2365 qui
1009 2286 1164 2349 bominem
1186 2286 1288 2363 dirigit
1309 2292 1461 2365 quatenus
1478 2282 1508 2343 ad

440 2387 600 2465 perfectam
613 2388 795 2461 felicitatem,
810 2405 878 2465 qnae
891 2389 923 2448 in
943 2390 1002 2449 Deo
1020 2394 1076 2465 est,
1091 2404 1144 2466 per
1166 2392 1258 2448 rectas
1280 2388 1413 2448 actiones
1432 2384 1510 2445 debet

442 2488 634 2549 contendere.

482 2588 576 2647 Paos.
593 2588 662 2649 dos.
673 2618 712 2631 -
727 2588 858 2649 Existere
881 2586 973 2649 homo
989 2588 1099 2673 nequit
1115 2588 1181 2649 siue
1202 2604 1257 2649 sua
1278 2593 1388 2649 natura
1408 2591 1436 2649 et
1453 2585 1509 2645 siue

440 2686 652 2750 essentialibus
671 2688 903 2768 proprietatibus
922 2704 989 2766 qua
1007 2688 1045 2751 ab
1059 2704 1092 2749 ea
1112 2689 1300 2767 proveniunt.
1323 2690 1401 2764 Ergo
1413 2683 1509 2761 nequit

441 2784 533 2848 bomo
547 2771 672 2850 existere
685 2785 770 2849 aliter
782 2804 875 2866 quam
889 2788 1056 2866 rationalis,
1066 2794 1099 2856 ¹et
1115 2787 1248 2852 libertate
1260 2787 1375 2849 arbitrii
1389 2785 1507 2868 pollens,

440 2892 470 2946 et
480 2886 518 2946 ad
530 2887 676 2950 moralem
688 2871 825 2950 ordinem
839 2887 1022 2951 servandum
1035 2888 1197 2966 obligatus,
1209 2895 1238 2950 et
1247 2888 1284 2948 ad
1297 2891 1394 2950 Deum
1404 2887 1506 2964 ipsum,

439 2987 471 3046 in
486 2992 564 3048 recte
577 2988 721 3050 laetorum
736 2987 915 3060 mercedem,
930 2993 996 3068 post
1010 2987 1087 3050 hanc
1104 2988 1194 3048 vitam
1215 2987 1432 3068 possidendum
1448 2981 1507 3044 des-

440 3086 561 3146 tinatus.
1179 3141 1183 3148 .

400 3222 402 3225 -
479 3186 570 3262 Atqui
585 3185 617 3244 l⁰
629 3185 731 3261 bomo,
747 3193 779 3245 nt
789 3183 944 3246 rationalis
958 3190 988 3246 et
1000 3183 1136 3246 libertate
1148 3184 1462 3264 arbitriipraedituset
1474 3175 1506 3237 ad

440 3282 598 3364 perlectam
608 3283 780 3346 felicitatem
789 3285 822 3346 in
832 3286 891 3346 ileo
904 3283 1113 3362 possidendam
1127 3283 1304 3362 destinatus,
1319 3291 1366 3346 est
1379 3279 1506 3364 specialis

440 3385 577 3462 quartam
599 3386 697 3461 imago
721 3385 830 3447 dirime
853 3390 978 3460 natura,
996 3390 1040 3445 est
1055 3385 1158 3464 aliquo
1179 3386 1299 3466 speciali
1323 3385 1413 3448 modo
1435 3380 1506 3442 lilius

440 3485 506 3558 liei,
529 3491 607 3551 certe
629 3484 702 3544 ilino
723 3484 901 3545 naturaliter
925 3485 1066 3562 dirigitur
1080 3492 1112 3546 ut
1127 3485 1176 3548 liat
1194 3487 1309 3547 amicus
1324 3486 1376 3546 liei
1398 3489 1504 3544 etcum

439 3582 493 3643 illo
508 3582 615 3644 intime
633 3586 835 3660 conjungatur
850 3591 915 3644 tum
934 3583 965 3643 in
985 3583 1041 3644 hae
1060 3586 1119 3644 vita
1139 3602 1189 3662 per
1210 3583 1371 3646 amicalem
1393 3589 1422 3642 et
1438 3577 1505 3640 lilia-

440 3683 501 3742 lem
523 3683 784 3752 consuetudinem,
801 3689 864 3742 tum
879 3685 910 3744 in
929 3683 1018 3744 altera
1038 3684 1100 3744 vita
1115 3685 1326 3764 perfectissime
1341 3700 1393 3764 per
1406 3679 1504 3742 divine

440 3782 582 3843 Borritatis
608 3789 637 3842 et
665 3782 877 3844 pulcritudinis
905 3784 1027 3862 plenam
1054 3785 1283 3862 possessionem.
1309 3785 1450 3860 insuper,
1471 3772 1504 3834 ob

439 3896 527 3940 suam
552 3880 732 3959 libertatem,
757 3882 860 3943 diuina
884 3899 940 3961 ope
963 3883 1098 3960 argutus,
1123 3889 1218 3961 potest
1244 3882 1376 3960 plurima
1399 3876 1504 3938 allicere

438 3995 506 4058 qrrae
527 3997 669 4058 magnam
696 3983 756 4044 lieo
776 3983 916 4060 gloriam,
939 3999 1063 4060 magnas
1087 3979 1264 4044 hominibus
1290 3983 1433 4044 utilitates
1460 3987 1505 4052 po·

438 4084 525 4144 riant.
545 4086 622 4162 Ergo
640 4086 747 4166 nequit
758 4085 850 4148 bomo
863 4087 990 4146 existere
1005 4085 1062 4144 nisi
1078 4091 1324 4161 utensiliorum,
1339 4087 1438 4164 utpote
1456 4071 1503 4152 qui

438 4185 559 4265 speciali
582 4185 671 4247 mullo
691 4185 727 4246 ad
747 4187 843 4246 mum
866 4185 994 4265 pertinet
1021 4191 1049 4244 et
1074 4200 1144 4244 eum
1165 4187 1226 4246 lieo
1246 4187 1422 4264 conjunctus
1444 4179 1501 4247 tsi,

438 4280 573 4358 adeoque
587 4289 632 4343 est
652 4300 706 4343 ens
722 4285 843 4362 speciali
862 4283 1054 4343 veneratione
1067 4281 1145 4361 apud
1162 4284 1265 4344 omnia
1280 4283 1360 4344 entia
1375 4274 1502 4342 intellec·

439 4381 532 4442 tualia
546 4381 685 4459 dignum.

477 4485 510 4542 2⁰
532 4483 628 4544 Homo
653 4499 713 4546 non
737 4482 860 4544 aliunde
879 4500 973 4562 quam
995 4500 1046 4562 per
1067 4481 1244 4544 rationalem
1264 4499 1349 4545 suam
1373 4482 1499 4542 omnum

438 4581 529 4643 homo
541 4589 597 4658 est,
609 4583 685 4646 etad
700 4583 876 4646 rationalem
888 4585 981 4644 vitam
999 4589 1080 4644 totus
1091 4589 1136 4644 est
1149 4583 1325 4644 naturaliter
1336 4577 1500 4642 destinatus,

438 4676 553 4738 etiamsi
569 4678 774 4740 materialibus
788 4679 909 4759 organis
924 4683 953 4738 et
964 4677 1095 4754 obiectis,
1113 4693 1164 4756 per
1183 4676 1335 4754 quaetio
1355 4687 1420 4752 quae
1438 4674 1499 4726 suti
