3559 5675
566 738 673 786 susus.
696 756 737 771 -
757 738 842 787 steen
863 740 1055 793 nuonrmuus.
1286 722 1346 789 539

276 840 492 907 adeatholieem
506 845 722 925 repudiandam
736 849 889 909 veritatem
908 854 1045 909 utuntur.
1064 850 1189 928 lienum,
1206 848 1343 928 inquam,

268 945 530 1005 contradictionum
542 953 633 1024 etque
642 949 822 1027 ineptiarum
834 951 866 1009 in
875 952 1103 1028 protestantium
1115 950 1199 1011 libris
1209 950 1345 1029 exempla

277 1047 388 1107 iuliuite
401 1047 538 1107 videmus
550 1048 814 1125 quotidie.·Unum
829 1050 914 1111 lineat
931 1050 1104 1129 exemplum
1119 1049 1224 1111 afferre
1238 1068 1273 1111 ex
1291 1068 1345 1113 re-

275 1147 346 1207 eenti
363 1146 465 1207 libello
479 1163 576 1227 nuper
592 1150 681 1209 oitato
703 1147 807 1227 (1314,
822 1151 925 1211 enroll.
947 1156 955 1209 l
965 1196 973 1227 ‚
985 1149 1031 1229 u),
1049 1153 1078 1211 in
1090 1153 1345 1231 quo'Gasparine,

276 1247 379 1308 nobilis
392 1248 519 1322 lemine,
532 1249 858 1329 Agenoristlasperini
876 1252 995 1311 semitis
1009 1268 1096 1326 uror,
1119 1250 1214 1327 rigide
1224 1256 1347 1329 protes-

275 1353 348 1421 tans,
362 1363 488 1409 surorum
503 1349 572 1408 vitia
587 1348 724 1425 quaedam
736 1351 887 1429 praecipua
900 1350 1043 1411 describit
1057 1368 1090 1411 ee
1102 1349 1304 1429 reprehendit.

313 1444 343 1503 t⁰
357 1446 561 1507 l‘uloherrime
582 1447 729 1525 depingit,
751 1449 952 1527 acerrimeque
975 1450 1165 1529 reprehendit
1188 1448 1347 1528 praeclarus

275 1552 373 1607 euetor
387 1546 537 1607 lemineus
552 1548 714 1626 pessimam
728 1566 853 1609 suorum
868 1550 1052 1628 superbiam,
1067 1552 1118 1628 qui
1134 1567 1218 1611 sitam
1232 1548 1349 1628 opinio-

276 1661 341 1706 nem
354 1662 504 1723 suamque
521 1649 700 1709 seutentiam
714 1649 778 1711 loeo
790 1648 885 1709 divini
899 1651 982 1711 verbi
996 1652 1027 1710 in
1042 1651 1203 1730 seripturis
1218 1648 1347 1719 contenti

274 1754 383 1823 ponunt
400 1745 457 1824 (a).
476 1746 551 1807 «Sin
572 1749 678 1822 sentis,
693 1754 794 1826 putas,
808 1748 903 1823 rides,
918 1750 960 1810 ait
978 1750 1040 1809 illa.
1057 1748 1134 1823 Quid
1160 1750 1215 1809 hoo
1237 1747 1350 1808 relertl

275 1846 420 1921 AEgrotus,
437 1862 560 1906 sensum
575 1846 770 1925 depmmtum
781 1848 884 1909 haltee
901 1848 1007 1909 Strabo
1018 1865 1114 1925 quum
1126 1849 1223 1909 sisvel
1235 1848 1348 1923 luteae,

275 1943 403 2021 duplices
417 1961 467 2006 res
486 1944 532 2003 vel
547 1946 686 2007 distortas
697 1946 792 2009 rides.
809 1948 878 2007 lisso
903 1948 1032 2025 protento
1053 1948 1170 2008 suntin
1185 1946 1284 2007 medio
1299 1962 1351 2024 po·

276 2046 345 2121 sita;
356 2043 422 2105 haee
441 2045 472 2103 in
487 2044 630 2108 humanis
643 2047 771 2123 negotiis
783 2064 847 2107 rem
860 2047 1061 2122 continerent5
1076 2064 1207 2124 nasoque
1225 2062 1352 2125 suspen-

276 2144 412 2205 deremus
421 2161 496 2205 eum
509 2146 560 2222 qui
571 2162 663 2206 sutum
675 2164 799 2207 sensum
810 2146 941 2223 afferret,
954 2164 1050 2225 quum
1063 2149 1100 2209 de
1113 2148 1177 2225 lege
1187 2149 1350 2225 querutum

280 2243 424 2321 priuatum
444 2244 609 2321 judicium,
624 2261 721 2323 quum
736 2245 773 2305 de
786 2245 863 2305 laeto
877 2252 1032 2306 constante
1045 2247 1154 2323 agitur.
1173 2248 1240 2306 llaeo
1254 2253 1353 2306 nmen

276 2357 334 2401 non
355 2343 540 2423 impediunt,
564 2345 742 2421 quominus,
763 2346 816 2405 ubi
836 2345 873 2406 de
897 2346 1018 2407 veritate
1041 2346 1162 2421 vitaque
1182 2344 1355 2405 christianis

278 2441 370 2519 deque
388 2444 486 2505 saeris
498 2445 627 2518 litteris,
639 2462 708 2522 que
725 2445 863 2505 simulet
878 2445 926 2506 lex
940 2453 971 2507 et
981 2446 1096 2507 laetum
1104 2444 1256 2521 quoddam
1270 2450 1353 2517 sunt,

279 2547 400 2620 quaestio
424 2545 605 2619 instituitur,
615 2545 653 2605 ed
672 2562 796 2607 sensum
814 2545 863 2606 vel
880 2545 1029 2624 juditium
1049 2552 1186 2606 nostrum
1206 2544 1354 2620 oonluqia·

281 2661 354 2705 mue.
369 2646 535 2723 scripturae
549 2646 686 2707 doctrine
697 2649 865 2727 quaeritur3
881 2648 1055 2727 opinionem
1070 2652 1204 2715 nostram
1218 2644 1351 2707 obtrudi·

281 2762 387 2809 mus.»
1268 2772 1269 2775 ¹

317 2849 394 2922 Quid
406 2847 533 2924 elarius,
544 2849 616 2926 quid
631 2849 852 2925 vehementius,
867 2851 941 2928 quid
953 2851 1104 2912 catholiea
1124 2851 1240 2910 ueritati
1254 2865 1357 2910 conso·

282 2951 398 3010 matius
420 2955 536 3026 poterat
548 2949 586 3010 ab
601 2949 711 3010 illustri
731 2949 845 3010 lernina
865 2950 1011 3029 disputari
1026 2950 1064 3010 ed
1080 2951 1230 3027 privatum
1245 2955 1358 3028 protes-

282 3051 410 3108 tantium
434 3049 563 3110 linemm
577 3067 700 3110 eramen
713 3049 958 3129 profligandum?

322 3150 355 3208 ln
369 3149 478 3210 eodem
493 3151 540 3209 sui
556 3149 652 3210 libelli
673 3152 769 3228 capite
783 3150 914 3211 seeundo
934 3151 1150 3212 robustissimis
1173 3149 1271 3210 verbis
1291 3165 1358 3228 per·

283 3251 402 3327 nnnpit
415 3251 567 3328 praetera
586 3251 780 3311 luminatum
795 3267 846 3312 eos
867 3251 921 3328 qni
940 3251 1028 3312 uruee
1049 3251 1195 3310 rationem
1212 3263 1299 3307 sunm
1314 3245 1360 3306 in·

283 3345 466 3410 diut'duatem
483 3352 516 3410 in
530 3352 691 3430 seripturis
711 3351 942 3432 interpretandis
961 3357 1123 3426 sectantur,
1149 3356 1211 3410 tum
1234 3367 1284 3410 eas
1306 3349 1358 3426 qui
1429 3423 1434 3432 Ι

284 3450 428 3528 aspiritu
438 3451 545 3512 Sancto
560 3450 724 3513 immediate
738 3470 770 3512 se
784 3452 852 3513 duei
867 3454 899 3512 in
915 3453 1019 3512 eedem
1036 3468 1068 3511 re
1082 3449 1250 3512 affirmant:
1266 3457 1358 3510 utros·

283 3565 342 3627 que
362 3553 406 3611 ait
423 3567 594 3631 supremam
609 3554 705 3630 legem
719 3554 776 3613 sint
797 3569 831 3614 se
842 3554 923 3633 ipsos
943 3553 1133 3628 constituere,
1145 3569 1178 3612 ae
1190 3550 1315 3630 proinde
1329 3565 1360 3610 se

287 3649 365 3729 ipsas
388 3651 613 3729 quodammodo
637 3653 812 3714 infallibiles
835 3653 966 3724 eredere,
994 3670 1028 3714 ee
1051 3651 1266 3733 propemodum
1293 3650 1364 3711 atlo-

319 3817 354 3879 (ο)
368 3837 379 3862 ι
392 3816 438 3866 Τυι
449 3820 461 3866 t
471 3820 493 3866 te
504 3818 601 3866 monde
609 3815 648 3866 n'a
661 3830 703 3880 pas
713 3815 750 3866 tto
759 3817 904 3878 sentiment,
914 3818 978 3868 meis
996 3821 1049 3864 leot
1060 3815 1083 3865 le
1095 3814 1185 3864 mande
1201 3825 1274 3863 ason
1283 3813 1364 3862 senti-

287 3897 363 3939 ment.
374 3890 479 3938 Clrnrnn
492 3896 558 3951 porte
568 3903 605 3938 an
614 3903 628 3936 e
637 3892 672 3938 sol
683 3901 728 3937 son
737 3889 798 3948 ider,
810 3892 835 3938 rt
848 3887 870 3935 lt
880 3886 913 3936 od
922 3899 954 3936 on
964 3899 995 3937 ne
1004 3893 1064 3949 pout
1075 3899 1118 3948 pus
1128 3886 1180 3934 dire
1193 3904 1199 3933 :
1212 3904 1223 3929 ι
1234 3884 1263 3933 te
1273 3897 1363 3947 sene,-

287 3975 359 4023 perte
376 3961 451 4022 qu'on
472 3974 503 4010 nr
514 3967 567 4010 sert
579 3959 644 4021 rien,
658 3974 691 4009 on
701 3962 754 4010 dlt:
768 3979 780 4004 ι
793 3960 823 4008 le
833 3972 917 4019 pense.
931 3979 942 4002 ι
957 3959 994 4008 llu
1008 3957 1064 4006 boui
1077 3958 1110 4004 du
1130 3963 1236 4018 rompte.
1247 3955 1271 4003 lu
1283 3968 1316 4000 sn·
1329 3957 1364 4003 tt-

288 4038 368 4092 ment.
392 4048 406 4080 r
419 4033 510 4094 pensee
529 4033 598 4083 u'ont
609 4046 654 4095 pes
663 4036 694 4082 lei
709 4033 789 4095 pluet
802 4031 863 4081 loire
876 4031 930 4080 l'on
950 4043 990 4088 ⁸ue
1001 4028 1165 4080 l'autre...·Je
1177 4041 1245 4084 nens,
1255 4029 1281 4086 je
1291 4027 1365 4082 estut,

286 4107 310 4165 ie
321 4109 386 4156 vois:
402 4105 643 4167 Qu'est-eequerela
655 4106 767 4166 periuret
782 4104 829 4152 Vns
839 4104 979 4152 sensatione
988 4107 1041 4151 sont
1054 4100 1127 4152 ealles
1138 4099 1197 4149 d‘uu
1211 4097 1308 4147 melsde
1321 4099 1375 4156 qui·

290 4177 338 4226 sle
355 4176 417 4236 gaiu
429 4174 551 4239 arpinum
573 4183 642 4225 notre
655 4189 703 4225 rue
716 4181 751 4224 est
763 4175 824 4224 eellr
835 4175 896 4224 d’un
916 4173 1004 4224 lituelre
1022 4185 1054 4222 ou
1065 4172 1125 4223 d'un
1142 4170 1234 4232 burgae
1254 4171 1295 4230 qui
1316 4170 1367 4216 soit

291 4249 385 4298 double
394 4262 426 4296 ou
436 4248 576 4310 qutroltde
585 4255 648 4297 trun
656 4248 799 4298 antistaret
808 4248 844 4297 tre
858 4247 940 4306 -elair,
951 4245 1004 4296 rels
1013 4247 1087 4296 serati
1098 4242 1293 4296 tres-ennelunnt
1304 4251 1367 4302 pour

291 4324 375 4374 tenta
392 4319 429 4370 les
438 4319 537 4370 aliattes
549 4319 581 4368 de
593 4321 617 4368 le
629 4321 668 4368 vle
676 4335 685 4382 3
697 4333 762 4368 naun
772 4323 863 4369 rlriens
874 4332 906 4369 su
922 4332 966 4368 nes
983 4318 1014 4368 de
1024 4317 1088 4366 oelui
1105 4318 1147 4378 qui
1164 4310 1291 4364 uiendmit
1305 4323 1367 4360 nous

292 4392 376 4455 poter
392 4394 526 4442 sentiment
542 4391 626 4454 quand
645 4392 663 4441 ll
682 4391 753 4453 s'egit
766 4391 797 4441 de
806 4392 856 4451 lei;
875 4389 1046 4454 appreeleuun
1060 4387 1232 4451 individuelle,
1248 4385 1332 4448 quand
1351 4383 1367 4433 il

289 4465 363 4529 s'ngit
379 4465 440 4514 d'un
458 4464 503 4514 iult
515 4463 605 4525 enirm
616 4470 638 4514 et
650 4463 703 4513 ee'e
714 4462 859 4526 n'rmptene
869 4475 913 4526 pus
928 4474 985 4524 qur,
998 4460 1108 4524 lorsqu'il
1119 4464 1157 4512 est
1167 4461 1282 4522 question
1301 4455 1331 4508 tle
1342 4456 1367 4504 ia

290 4539 368 4589 ttrite
378 4543 403 4589 et
418 4538 450 4586 ds
463 4537 485 4586 le
497 4540 538 4588 tle
547 4537 702 4597 theotimus,
714 4536 745 4586 de
754 4535 778 4588 ln
796 4536 874 4592 sitne.
888 4539 932 4598 qul
942 4541 977 4584 est
992 4534 1182 4586 teutsneemhle
1193 4545 1243 4583 une
1254 4532 1286 4582 lol
1299 4537 1322 4580 et
1333 4541 1368 4578 un

290 4611 345 4671 leit,
357 4623 493 4663 nouantur
511 4609 639 4672 retonans
648 4609 720 4661 *dans
733 4613 807 4658 notre
817 4621 894 4667 emur.
904 4607 971 4658 dans
988 4612 1059 4664 notre
1068 4605 1117 4657 tete
1137 4633 1167 4647 -
1179 4605 1216 4660 On
1228 4617 1290 4654 noue
1300 4600 1370 4668 parte

292 4682 371 4734 utute.
383 4688 406 4734 et
415 4695 478 4732 nour
488 4679 745 4745 rtpoadonroplnion.
757 4698 769 4723 ι
782 4670 919 4743 (quelque
929 4679 1033 4743 dtinuit
1045 4679 1088 4730 dee
1101 4677 1227 4730 enutriens
1237 4673 1370 4742 deuteur-

295 4756 380 4817 d'iuti,
390 4769 447 4821 pap.
458 4755 509 4818 te.)
