3559 5675
451 718 510 781 tat
851 736 932 781 rums
952 732 1111 783 nameus

451 858 517 905 cem
536 844 751 923 expositionem
773 842 948 916 atterenda,
970 848 1116 918 tanqrrana
1128 843 1277 903 axiomata
1295 858 1313 902 a
1330 842 1464 921 theologis
1477 852 1503 905 et

450 940 1207 1022 mnonistisprobata,equibuauonoiusionessuss
1217 941 1506 1022 pomtpniioaoplrioa

451 1046 553 1103 nostra
565 1040 726 1121 disputatio
739 1041 926 1121 depromere.
939 1042 1008 1115 Qua
1019 1042 1052 1101 in
1063 1057 1096 1101 re
1105 1040 1183 1102 nihil
1195 1042 1254 1101 erit
1263 1040 1506 1120 ponendumquod

452 1142 530 1219 apud
553 1141 713 1203 catholicos
732 1143 763 1202 in
784 1142 985 1203 controversia
1004 1142 1064 1219 sit;
1086 1141 1139 1202 aad
1152 1158 1189 1202 oa
1203 1147 1320 1201 tantum
1342 1140 1508 1215 adduoenia,

452 1254 582 1317 qnorum
597 1240 710 1319 aliquid
733 1241 830 1319 siquis
843 1249 942 1319 negot,
954 1242 993 1302 ab
1005 1242 1095 1303 unioa
1107 1256 1178 1303 rara
1196 1239 1361 1301 ohnatiana
1378 1240 1510 1313 outone,

453 1342 487 1397 nt
511 1338 664 1417 religionis
696 1340 963 1419 supernaturaliter
993 1341 1128 1402 revelata
1154 1339 1265 1415 hostis,
1293 1338 1462 1418 expellatur.
1480 1370 1510 1382 -

453 1444 484 1501 2·
492 1438 669 1501 Christiane
676 1440 835 1516 societatis,
843 1456 911 1517 quar
917 1456 1014 1517 greco
1025 1441 1150 1501 nornine
1163 1438 1294 1501 Ecclesia
1303 1440 1400 1501 vomi
1408 1452 1512 1499 musae·

453 1538 507 1615 rit,
535 1540 652 1601 interna
675 1540 845 1601 constitutio
870 1546 916 1601 eat
941 1538 1155 1618 oognoaoenda‚
1182 1542 1310 1618 ejusque
1336 1538 1514 1617 proprietates

453 1636 609 1717 praoipua
631 1636 863 1699 considerandas.
875 1668 916 1687 -
936 1638 970 1699 3⁰
991 1639 1066 1711 Qua
1086 1638 1246 1699 relationes
1269 1635 1431 1699 Euoleaiam
1450 1633 1515 1695 inter

454 1735 604 1814 lateasque
618 1738 771 1799 societates
786 1738 934 1817 publium,
947 1754 985 1799 er
999 1754 1103 1799 rerum
1116 1742 1228 1799 natura
1238 1736 1318 1816 ipae,
1337 1734 1514 1806 intertiatam,

454 1833 593 1912 diligenti
605 1850 678 1897 eura
690 1834 882 1899 statuendum
896 1843 953 1908 est,
964 1841 999 1897 ut
1012 1836 1083 1898 iude
1095 1835 1274 1913 oolligamua
1287 1852 1360 1914 quae
1371 1838 1450 1913 iura,
1460 1848 1516 1911 qno

457 1930 846 2013 officiaaintalteriuserga
859 1934 997 1996 alteram
1072 1951 1076 1963 ·

498 2034 659 2112 -Tripartito
679 2034 771 2111 igitur
789 2034 871 2096 huno
885 2040 1071 2114 pmtramum
1084 2032 1198 2095 librum
1211 2030 1390 2097 eludimus.
1404 2070 1408 2078 ·

501 2132 536 2191 in
550 2132 581 2192 1·
606 2138 686 2211 parte
710 2142 762 2212 pet
782 2132 950 2211 simplioam
964 2128 1185 2194 enarrationem
1209 2132 1380 2193 referemus
1398 2129 1518 2191 veritates

460 2232 623 2312 precipuas
636 2238 737 2309 atque,
752 2237 786 2293 ut
800 2234 898 2307 aiunt,
912 2230 1161 2312 saodonaeotoles,
1176 2232 1290 2310 quibus
1303 2236 1367 2295 tota
1376 2230 1518 2293 mana

462 2330 568 2409 religio
586 2338 616 2394 et
627 2330 771 2394 oetholioa
783 2333 910 2393 societas
931 2334 1092 2395 nituuurr:
1108 2334 1331 2410 posteritates
1353 2329 1518 2409 emntprin·

462 2430 543 2510 oipia
569 2432 631 2493 site
654 2432 824 2509 axiomata,
846 2430 919 2493 alibi
942 2433 1133 2513 eomproltata
1145 2477 1155 2509 ‚
1177 2432 1290 2510 pibus
1303 2428 1518 2507 omnemhnjus

464 2530 532 2591 libri
558 2530 724 2592 doctrinam
748 2536 1003 2610 superstruemus.

504 2632 539 2691 ln
558 2628 590 2691 2·
603 2629 731 2691 brevitor
745 2636 775 2691 et
794 2648 847 2710 per
857 2647 976 2692 summa
988 2631 1088 2712 capita
1100 2631 1285 2692 disseremus
1297 2629 1338 2691 de
1354 2632 1468 2691 interna
1478 2628 1519 2686 u>
1582 2645 1583 2656 ¹

464 2728 561 2791 olosiae
572 2730 792 2791 constitutione.

478 2863 484 2870 ·
504 2832 540 2892 ln
553 2830 583 2894 3·
596 2829 720 2892 demum
733 2831 771 2893 da
782 2832 912 2894 externis
932 2831 1070 2896 Eeolesie
1080 2847 1152 2896 eum
1165 2830 1244 2896 laios
1258 2833 1402 2895 societate
1419 2828 1519 2912 puolo

464 2929 658 2993 relationibus
671 2929 903 3011 disputabimus.
