3559 5675
545 742 652 791 ιιιιιιι.
680 765 716 779 -
739 748 822 796 curn
846 744 1040 815 nnooecrrros.
1263 734 1320 806 ort
1361 702 1365 712 ¹

237 865 301 913 teni
323 846 571 928 intermontium
595 856 733 913 naturam
755 854 920 935 clarissime
945 853 1157 936 determinant,
1182 859 1318 940 scilieet:

242 948 438 1013 1⁰distiuoti0
453 952 482 1006 et
501 944 732 1025 independentia
754 926 893 1015 absoluta
913 954 1065 1037 potcstatis¹
1085 934 1322 1045 ecclesiasticae

238 1050 394 1127 seculari,
410 1051 441 1107 2⁰
454 1046 661 1126 subordinatie
673 1055 828 1131 potcstatis
842 1049 986 1115 secularis
1002 1055 1060 1118 sub
1079 1056 1297 1122 ecclesiastica
1290 1073 1322 1119 ιιι

238 1157 281 1213 irs
295 1148 436 1211 omnibus
455 1162 523 1223 quae
541 1147 577 1207 ad
599 1151 774 1227 religionem
795 1153 842 1215 sel
860 1154 1057 1215 moralitatem
1077 1156 1238 1237 pertinent
1253 1158 1321 1222 tam

239 1269 281 1311 ex
295 1248 344 1308 bis
363 1245 482 1306 duobus
501 1244 603 1305 emnia
623 1263 746 1324 prorsus
767 1250 865 1331 cilicia
877 1252 1049 1331 principum
1066 1269 1138 1331 erga
1157 1255 1321 1330 Ecclesiam

239 1348 349 1425 sponte
359 1356 415 1399 sua
427 1337 591 1417 profluunt.
605 1340 736 1419 Etenim,
747 1346 773 1403 si
788 1344 988 1407 ecclesiastiea
1001 1352 1133 1427 potestas
1144 1354 1189 1409 cst
1198 1351 1323 1411 omnino

239 1444 282 1505 ab
295 1438 422 1502 seculari
441 1436 581 1497 distincta
592 1444 620 1497 ιι
630 1440 846 1520 independens,
862 1444 966 1521 nequit
979 1461 1049 1521 crgo
1069 1429 1207 1531 princeps
1226 1447 1321 1509 ullam

238 1543 302 1605 sibi
317 1543 349 1601 in
368 1556 415 1598 res
429 1553 525 1597 sacras
539 1536 586 1597 vel
600 1538 631 1597 in
648 1542 771 1603 moralia
793 1546 999 1606 auctoritatem
1024 1544 1197 1628 vindicarc;
1217 1549 1325 1627 nequit

238 1659 310 1705 sese
324 1643 355 1700 in
367 1637 456 1699 rebus
473 1638 565 1697 sacris
579 1644 631 1698 aut
647 1642 812 1703 moralibus
834 1642 996 1705 tractandis
1015 1661 1050 1705 ac
1065 1626 1244 1708 definiendis
1258 1646 1324 1713 ullo

240 1750 330 1823 pacto
352 1738 530 1799 immiscere.
548 1739 634 1813 ltem,
648 1740 673 1799 si
688 1742 833 1804 secularis
855 1750 987 1823 potestas
1002 1751 1047 1805 est
1061 1746 1259 1807 essentialiter
1276 1724 1324 1811 en

240 1841 417 1904 clesiasticae
434 1837 638 1910 subordinate,
659 1856 757 1917 quum
771 1849 900 1921 utraque
922 1849 1052 1923 potestas
1064 1846 1097 1903 in
1110 1844 1192 1905 idem
1208 1846 1324 1923 subjec-

244 1952 325 2015 tum,
338 1954 446 2016 nempe
460 1938 492 1995 in
505 1934 664 1997 bominum
684 1940 804 2002 easdem
826 1940 1049 2015 multitudines,
1071 1949 1152 2021 agat,
1166 1963 1323 2027 quumque

243 2057 344 2124 pravae
361 2038 520 2098 hominnm
538 2035 693 2114 cupidines
706 2056 759 2118 per
773 2042 835 2101 rim
857 2040 1045 2101 materialem
1061 2059 1172 2132 saepe
1160 2041 1325 2145 Ecclesiam

243 2138 394 2203 materiali
408 2138 436 2198 vi
449 2141 600 2197 carentem
616 2139 737 2198 turbent
749 2155 782 2199 ac
793 2138 944 2214 divexant,
955 2140 1044 2202 debet
1059 2160 1094 2202 ιι
1096 2143 1211 2205 identer
1223 2155 1324 2233 potcs-

244 2254 292 2303 tas
310 2238 465 2309 secularis,
481 2234 669 2295 materiali
643 2254 672 2295 ιι
689 2236 875 2297 ineluctabili
896 2237 1025 2317 pollens,
1045 2240 1219 2302 Ecclesiam
1215 2252 1325 2334 contra

245 2339 472 2405 scelestissimae
483 2336 849 2415 ejusmodraggressrones
861 2334 1030 2415 defendere,
1042 2354 1171 2416 eamque
1182 2350 1326 2421 perpetuo

245 2448 279 2503 iu
292 2448 419 2502 externa
442 2453 504 2497 sua
527 2436 664 2513 potentia
684 2438 753 2497 sinn
776 2438 876 2497 lovere
897 2453 931 2495 ac
952 2442 1113 2515 protegere
1138 2439 1285 2517 Denique,
1300 2442 1326 2511 si

244 2540 413 2606 essentialis
428 2538 492 2597 nac
510 2538 587 2598 inter
607 2537 773 2597 secularem
795 2518 824 2597 et
843 2528 1074 2597 ecclesiasticam
1089 2530 1265 2621 potestatem
1276 2558 1326 2601 su-

249 2642 415 2705 bordinatio
422 2642 493 2716 jure
504 2636 605 2699 divino
616 2645 744 2713 constat,
757 2640 783 2699 si
794 2645 917 2698 externa
928 2636 1066 2698 Ecclesia
1075 2656 1129 2717 per
1140 2641 1325 2719 materialem

250 2742 390 2804 secularis
409 2730 561 2819 potestatis
580 2738 641 2798 vim
657 2742 800 2817 protectio
814 2744 917 2799 contra
931 2737 1106 2799 materiales
1120 2736 1255 2801 bostium
1271 2758 1327 2819 ag-

248 2843 418 2924 gressiones
431 2845 476 2900 est
488 2839 610 2915 utrique
625 2839 765 2920 societati,
781 2837 988 2903 ecclesiastica
1002 2839 1031 2898 et
1045 2841 1183 2920 seculari,
1202 2857 1324 2920 prorsus

248 2941 429 3014 necessaria,
440 2939 569 3000 absurda
581 2939 685 3015 igitur,
696 2939 826 3020 impiant
837 2937 977 3014 religioni
992 2937 1130 3001 simulac
1140 2939 1219 3001 civili
1233 2941 1328 3002 socie·

248 3047 301 3107 tati
313 3040 478 3124 perniciosa
495 3047 539 3099 est
552 3037 604 3098 illa
614 3039 752 3100 absoluta
763 3037 909 3120 separatio
928 3043 1023 3096 statue
1036 3046 1064 3097 et
1076 3037 1220 3114 ecclesie,
1234 3055 1327 3115 qnam

247 3144 358 3226 perditi
381 3140 519 3202 homines
542 3139 677 3219 primum
698 3140 897 3218 postulavere,
918 3153 1011 3213 quam
1032 3136 1141 3199 deinde
1164 3135 1325 3216 improvidi

246 3243 375 3324 quidam
389 3239 563 3316 Christiani,
575 3255 628 3319 per
648 3237 851 3299 incredibilem
866 3235 977 3296 mentis
998 3218 1172 3323 cecitatem,
1186 3241 1326 3316 exoptant

245 3362 281 3406 ac
296 3341 462 3404 dilaudant.
479 3339 587 3398 l'eruru
603 3335 724 3414 singula
746 3338 821 3418 haec,
842 3352 939 3416 quum
965 3335 1027 3394 sint
1045 3335 1133 3418 plane
1155 3335 1325 3421 gravissimi

249 3443 410 3516 momenti,
426 3437 515 3518 paulo
531 3440 628 3498 lusins
642 3437 761 3499 duobus
776 3437 911 3498 articulis
925 3435 1154 3516 explicabimus.

292 3543 380 3604 1357.
397 3542 464 3600 Pes.
481 3539 566 3599 670³.
578 3537 816 3618 —Principibus
832 3535 1021 3598 secularibus
1035 3553 1156 3599 summo
1169 3539 1269 3602 studio
1281 3556 1328 3602 ca·

247 3643 383 3704 tendum
397 3644 453 3710 est,
472 3655 510 3699 ne
525 3637 615 3698 rebus
631 3637 723 3697 sacris
736 3655 768 3697 ee
782 3635 846 3698 ullo
861 3635 950 3697 modo
967 3635 1165 3697 immisceant.

291 3745 472 3804 Norannnn.
486 3772 524 3782 -
539 3739 654 3798 Dicitur
667 3734 779 3814 aliquis
794 3753 859 3796 sese
873 3735 1001 3810 negotiis
1014 3735 1198 3814 quibusdam
1211 3737 1328 3798 immis-

246 3863 325 3923 cere,
345 3843 584 3919 quotiescunque
606 3845 780 3920 potestatem
801 3835 850 3895 ιιι
870 3850 975 3896 curam
995 3834 1132 3913 aliquam
1146 3833 1186 3897 ad
1200 3835 1253 3899 illa
1272 3851 1327 3914 ge·

249 3945 346 4004 reuda
366 3942 413 4002 vel
430 3941 584 4018 dirigenda
604 3939 662 3998 sibi
685 3939 863 4014 neutiquam
886 3939 1105 4013 competentem
1128 3935 1248 4017 proprio
1269 3934 1329 4021 sibi¹

248 4045 396 4106 arbitratu
409 4027 515 4121 prater
526 4043 578 4120 jus
592 4040 698 4116 lasque
714 4036 852 4098 assumit.
1039 4017 1043 4025 ¹

291 4149 384 4206 Pnnn.
417 4159 479 4204 ros,
507 4139 649 4202 laoillime
674 4157 712 4200 ex
738 4135 856 4199 dictis
850 4152 881 4196 ιιι
905 4134 1002 4214 capite
1029 4134 1193 4214 superiore.
1214 4136 1238 4196 l.
1266 4135 1327 4196 lle·

250 4247 309 4306 bus
335 4244 426 4306 saeris
458 4259 524 4304 sese
548 4235 753 4301 immiscendo
778 4235 929 4316 principes
956 4234 1108 4295 seculares
1131 4232 1230 4316 legem
1251 4216 1332 4296 divi-

251 4363 324 4407 nam
347 4353 449 4425 aperte
471 4341 602 4417 violant,
635 4359 700 4419 qua
727 4339 791 4416 lege
823 4339 953 4416 potestas
983 4328 1179 4394 ecclesiastica
1206 4331 1264 4393 init
1293 4331 1332 4395 ab

257 4448 406 4508 Homine·
408 4449 468 4506 bec
490 4447 649 4506 constituta
669 4455 791 4522 prorsus
812 4433 1017 4516 independens
1031 4440 1061 4494 et
1073 4432 1180 4494 libera.
1200 4433 1332 4529 Etenim,

251 4553 338 4614 boc
332 4566 397 4631 ipso
410 4547 489 4628 quod
511 4547 693 4629 pretorius,
706 4541 736 4605 id
751 4547 796 4602 est
814 4539 988 4601 auctoritate
1007 4533 1206 4597 ecclesiastiea
1227 4532 1333 4616 inrita,

254 4669 362 4717 euram
387 4651 435 4712 vel
458 4653 632 4730 potestatem
654 4643 788 4724 aliquam
810 4653 913 4702 rerum
937 4650 1091 4698 sacrmum
1114 4633 1171 4697 sibi
1192 4633 1333 4716 princeps

248 4752 393 4818 secularis
413 4747 566 4826 attribuit,
582 4747 766 4830 superiorem
788 4738 960 4802 auctoritate
983 4734 1181 4800 ecclesiastica
1193 4734 1227 4798 in
1239 4731 1330 4798 rebus
