3559 5675
546 772 654 821 sonus.
676 792 716 807 -
735 774 820 821 turn
840 772 1015 821 nnosurtus.
1263 749 1319 814 ttt

270 874 365 947 justam
379 874 457 937 illius
470 878 671 956 punitionem,-
686 879 767 959 pacis
785 879 1017 957 propositiones,
1038 894 1107 955 qun
1127 875 1167 939 ab
1182 875 1266 937 illios
1279 874 1322 934 le·

272 972 334 1045 gatis
345 972 499 1037 alienantur
517 994 572 1039 nec
584 978 712 1039 debeant
726 994 781 1041 nec
803 979 921 1057 possint
942 978 1044 1038 statim
1058 986 1087 1037 et
1102 993 1180 1039 cuca
1198 975 1257 1039 lide
1271 992 1321 1035 ac·

270 1074 372 1148 cepturi.
386 1077 421 1135 at
432 1076 462 1135 in
476 1076 592 1137 interno
603 1077 698 1139 anirni
707 1076 811 1137 babitu
825 1082 951 1153 utraque
964 1086 1032 1154 pars
1041 1076 1222 1152 belligerans
1234 1075 1321 1135 debet

268 1174 368 1249 semper
380 1191 441 1237 esse
464 1184 564 1255 parata
583 1178 619 1239 ad
635 1180 767 1239 sinceras
782 1180 864 1257 panis
886 1178 1102 1256 propositiones
1120 1175 1318 1254 excipiendas,

266 1270 394 1346 siqnidem
409 1275 521 1337 bellum
532 1282 614 1357 juste
630 1278 912 1357 susceptumdebet
931 1293 1050 1356 semper
1072 1275 1110 1336 ad
1133 1292 1233 1356 pacem
1256 1275 1320 1335 ins·
1396 1359 1398 1363 Ι

266 1372 422 1434 taurandam
443 1384 584 1455 spectare.

298 1470 376 1535 titt.
394 1478 458 1537 Pos.
482 1479 562 1539 599².
580 1512 611 1523 -
632 1480 725 1563 lustae
750 1478 822 1539 belli
846 1475 1043 1540 moderationi
1067 1479 1215 1553 repugnat
1235 1473 1320 1535 laeslo

262 1570 385 1645 qnalibet
395 1572 554 1638 hominum
566 1578 612 1639 rel
626 1596 740 1654 rerum,
752 1596 770 1639 a
780 1578 894 1656 quibus
904 1576 1026 1637 nullum
1039 1575 1120 1636 hosti
1130 1573 1319 1636 obstaculum

263 1666 410 1731 luendum
425 1682 480 1735 est.

295 1768 377 1829 Pron.
392 1806 424 1816 -
444 1774 530 1835 lusia
549 1776 622 1835 belli
645 1775 806 1837 moderatio
830 1776 972 1854 postulat,
996 1778 1032 1835 ut
1056 1774 1156 1835 omnis
1180 1771 1263 1836 laesic
1281 1766 1320 1828 ad

261 1862 353 1925 violata
370 1872 443 1946 jura
465 1872 644 1934 vindicanda
665 1874 794 1949 inutilis,
814 1876 939 1935 omnino
962 1875 1072 1935 vitetur
1095 1871 1207 1948 (licat
1228 1868 1320 1945 Atqrn

259 1962 327 2026 iasio
345 1986 448 2033 rerum
472 1974 518 2034 rel
541 1974 713 2051 hominurn,
730 1990 798 2051 qua
814 1975 1003 2037 nullomodo
1024 1975 1085 2035 sint
1104 1973 1183 2035 besti
1205 1972 1319 2032 bellum

256 2070 353 2137 gerenti
373 2070 531 2150 obstitura,
552 2080 594 2135 est
616 2092 737 2153 prorsus
758 2074 880 2152 adjura
896 2074 1075 2135 vindicanda
1094 2073 1231 2134 inutilis:
1246 2085 1319 2131 uam

257 2161 316 2223 belli
331 2170 469 2232 violentia
480 2180 540 2233 tota
553 2181 664 2253 spectat
673 2175 712 2235 ad
725 2175 795 2235 illas
813 2190 858 2237 res
867 2175 1042 2235 crerundas
1055 2179 1086 2235 et
1098 2173 1166 2234 illos
1179 2173 1319 2233 bonrines

255 2264 420 2342 subigendos
448 2274 500 2348 qui
524 2274 668 2336 obsistere
687 2282 845 2345 conantur,
869 2292 908 2336 ne
935 2274 1008 2335 crdo
1031 2272 1215 2335 restituatur.
1241 2277 1319 2350 Ergo

255 2360 315 2425 belli
328 2370 502 2432 violentiam
517 2382 670 2451 utcunque
685 2375 813 2452 dirigere
827 2382 933 2435 contra
948 2374 1015 2433 illos
1027 2417 1037 2446 ,
1051 2374 1106 2449 qui
1126 2372 1241 2433 ordinis
1253 2388 1320 2432 res-

254 2461 369 2528 titutioni
393 2471 484 2533 nullo
502 2477 586 2551 pacto
609 2472 772 2548 obsistunt,
787 2473 859 2535 belli
879 2473 976 2552 ipsius
996 2478 1112 2533 natura
1133 2470 1316 2531 adversatur.

254 2560 328 2637 Ergo,
351 2574 405 2629 etc.

285 2658 366 2725 iila.
390 2669 523 2731 Εοιιοιι.
539 2702 580 2716 -
593 2674 662 2733 lirae
687 2674 778 2734 altera
802 2672 851 2734 len
874 2677 991 2740 netum,
1011 2687 1112 2748 nequa
1128 2686 1190 2743 res,
1211 2668 1319 2745 nequis

252 2758 341 2837 bomo,
357 2784 374 2825 a
393 2769 509 2846 quibus
528 2770 648 2831 nullum
670 2771 859 2833 obstaculum
881 2771 997 2833 ordinis
1012 2770 1192 2831 restitutioni
1211 2768 1320 2827 timan-

250 2859 313 2923 dom
337 2875 395 2938 est,
419 2870 487 2930 ulla
505 2873 619 2934 ratione
635 2873 773 2948 laedatur,
804 2872 987 2934 materialem
1011 2886 1134 2934 omnem
1158 2870 1320 2930 eroecutio·

250 2975 311 3024 nem
330 2966 396 3028 linis
418 2969 555 3049 socialis,
574 2988 666 3050 quem
686 2955 798 3033 bellum
818 2980 950 3052 spectare
978 2971 1082 3046 debet,
1103 2968 1318 3048 complectitur,

247 3061 325 3138 cique
338 3071 524 3131 exsecutioni
540 3073 686 3132 universas
700 3073 853 3133 lenitatem
870 3071 1032 3148 quamdam
1046 3076 1135 3146 atque
1147 3067 1321 3132 humanita-

249 3165 311 3239 tem,
333 3181 400 3242 quae
418 3169 556 3244 gentium
577 3171 775 3230 eruditiorum
798 3170 993 3248 propriaest,
1008 3168 1140 3228 tribuere
1155 3165 1318 3226 constravit.

247 3259 339 3337 ltaque
350 3266 389 3326 ab
404 3267 446 3326 iia
463 3269 516 3344 qui
529 3268 646 3332 bellum
665 3285 766 3346 gerere
786 3269 938 3331 moderate
951 3265 1124 3329 errationis
1138 3264 1254 3342 legibus
1267 3278 1321 3324 re-

245 3357 305 3436 lint,
318 3365 355 3424 ab
370 3367 477 3426 inutili
490 3369 574 3430 omni
587 3383 729 3445 agrorum
743 3385 777 3430 ac
786 3369 946 3430 domorum
958 3368 1120 3431 nasutione
1131 3373 1162 3426 et
1172 3363 1321 3438 incendio,

244 3473 259 3515 a
277 3465 425 3536 permixta
438 3481 558 3544 senum,
575 3466 752 3543 mulierum,
763 3485 929 3548 puerorum
942 3467 1020 3530 oaede
1031 3467 1156 3527 omniun
1167 3463 1320 3525 abstinen—
1411 3544 1413 3547 Υ

243 3556 309 3618 dum
332 3570 388 3632 est,
405 3565 467 3625 nisi
488 3565 562 3626 lorte
577 3566 685 3628 horum
706 3566 800 3644 aliqui
823 3563 1047 3628 individualiter
1068 3563 1181 3643 sumpti
1202 3577 1320 3642 prauam

245 3662 421 3722 meruerint.
439 3664 580 3740 &uadem
594 3666 632 3726 ob
646 3677 765 3728 causam
780 3666 853 3727 ciria
867 3666 997 3743 quilibet
1008 3665 1134 3746 inermis
1145 3670 1176 3724 st
1188 3661 1320 3739 quietus,

243 3759 314 3819 sieut
326 3763 416 3824 nullo
436 3770 521 3841 paolo
535 3765 573 3826 ad
588 3765 701 3827 luctam
721 3783 791 3828 curu
805 3766 890 3826 hoste
904 3765 1113 3826 sustinendam
1133 3767 1320 3839 cooperatur,

244 3857 280 3917 ita
290 3862 395 3938 etiam,
411 3865 577 3942 presertim
596 3866 629 3925 in
649 3865 729 3939 bello
742 3861 972 3932 nutantr'nnnlr',
988 3862 1140 3922 nullama
1159 3859 1320 3933 bellicam,

241 3959 357 4022 socialis
368 3961 485 4022 ordinis
498 3966 687 4043 reparatrice,
703 3965 854 4026 lesinnem
868 3963 976 4024 directe
995 3961 1055 4038 pati
1073 3959 1169 4020 debet.
1187 3959 1322 4033 Denique

242 4060 324 4120 miles
339 4063 406 4142 ipse
427 4071 571 4138 armatus,
588 4064 689 4126 statim
710 4083 743 4126 ao
765 4083 797 4126 se
818 4064 917 4139 dedit,
931 4069 1020 4139 atque
1041 4077 1126 4121 arma
1146 4074 1261 4137 ponem
1284 4057 1322 4116 ab

240 4161 319 4220 omui
335 4163 406 4238 jam
426 4179 526 4242 pugna
544 4171 772 4224 necessariorum
786 4155 943 4242 promittit,
958 4160 1038 4240 apud
1059 4160 1208 4220 humanos
1230 4173 1323 4233 quoa-

242 4259 283 4318 ris
299 4262 432 4339 populos
454 4263 657 4325 misericordia
682 4264 793 4342 dignus
812 4264 960 4338 habetur;
976 4278 1010 4322 ac
1023 4262 1049 4321 si
1063 4276 1124 4321 non
1136 4265 1220 4320 metu
1231 4272 1321 4333 ¹com-

239 4362 357 4438 pubus,
381 4363 434 4425 sed
456 4368 629 4429 necessitate
655 4367 839 4428 ineluctabili
867 4366 964 4428 ollicio
989 4364 1128 4425 militaris
1149 4360 1323 4423 obedientia

238 4469 359 4523 mactus
374 4479 459 4526 arura
473 4473 571 4544 ponat,
590 4465 711 4526 lionoris
725 4468 814 4527 etiarn
830 4465 989 4542 laudisque
1001 4463 1112 4548 dignus
1125 4463 1232 4521 merito
1244 4459 1322 4536 judi-

236 4569 333 4622 catur.
580 4615 581 4620 ,

280 4657 372 4722 1213.
399 4665 454 4724 Pus
488 4661 572 4724 6002.
589 4697 627 4709 -
642 4666 717 4726 ltelli
741 4665 904 4726 moderatio
927 4671 1016 4732 relat,
1043 4664 1152 4742 nequis
1175 4670 1322 4741 pugnator

235 4775 300 4822 sese
312 4763 418 4844 ipsum
433 4765 548 4828 laesioni
565 4767 709 4848 cuipiam,
733 4783 865 4848 pugnare
879 4783 914 4826 ao
933 4764 1070 4827 resistere
1092 4763 1254 4846 perpendo,
1274 4781 1322 4832 ex-
