3559 5675
567 735 676 784 wasa.
700 755 736 768 -·
758 737 843 784 arsen
864 737 996 784 becrens.
1261 710 1318 772 tsi

283 844 358 906 itam
372 843 398 903 1.
418 841 467 902 sis
490 842 701 920 mushntioris
713 844 860 921 cuiusque
878 841 1002 904 familia
1025 839 1161 902 atteritur
1180 847 1251 898 cum
1265 847 1321 911 pu·

243 943 320 1003 blico
330 943 437 1007 &atus
451 940 585 1002 universi
596 948 626 1002 et
640 943 757 1023 privato
764 944 922 1006 clientium
939 942 1059 1004 damno.

280 1042 457 1102 Plurimum
475 1042 596 1104 interest
609 1042 793 1122 reipublicae,
808 1042 942 1110 utdecus
951 1057 987 1103 ac
1000 1039 1129 1121 potantia
1143 1039 1276 1097 servetur
1287 1031 1319 1091 io

242 1143 277 1202 iis
290 1140 421 1202 familiis
429 1157 497 1218 qua
509 1141 600 1203 rebus
610 1142 752 1222 praetera
762 1144 853 1221 gestis
872 1141 909 1206 ad
919 1156 1062 1220 magnam
1075 1139 1150 1200 iuter
1160 1135 1238 1198 oives
1253 1131 1319 1208 glo·

244 1244 320 1302 nam
335 1257 526 1318 magnasque
535 1255 604 1322 opes
622 1259 654 1303 ss
669 1239 733 1322 jam
748 1243 910 1306 evexerint.
923 1242 1054 1316 Etenim,
1069 1238 1155 1302 siculi
1169 1236 1318 1316 princeps,

243 1358 390 1421 suprema
402 1341 577 1402 auctoritate
587 1349 756 1406 ometumc
773 1343 918 1422 peculiari
931 1324 1116 1406 inslimtionc
1135 1337 1174 1398 ad
1200 1339 1319 1396 tantum

242 1459 320 1504 onus
342 1440 528 1520 portandum
547 1447 746 1520 comparatus,
761 1457 887 1521 praeesse
904 1441 1057 1516 debet‚ila
1070 1445 1141 1500 sunt
1154 1437 1243 1498 etiam
1263 1449 1320 1494 uo-

241 1540 365 1602 cessarii
381 1557 446 1601 non
463 1541 549 1620 pauci
573 1542 642 1618 riri,
660 1543 781 1621 optimis
794 1541 968 1620 quibusque
991 1539 1105 1602 artibus
1129 1533 1321 1611 singulariter

242 1641 396 1713 instructi,
409 1641 476 1718 qui,
495 1643 646 1719 majorum
660 1658 786 1704 suorum
795 1641 880 1704 heis
900 1642 994 1704 edomi
1007 1646 1037 1702 st
1058 1637 1197 1721 permoti,
1221 1639 1321 1695 vetera

243 1743 398 1818 instituta,
423 1748 539 1804 veteres
566 1758 677 1819 mores,
696 1748 825 1806 veteram
839 1742 1044 1805 auctoritatem
1067 1741 1101 1802 in
1122 1737 1239 1800 civitate
1253 1750 1322 1798 om·

242 1842 334 1902 nibus
360 1841 428 1902 suis
444 1841 553 1920 opibus
574 1845 734 1917 tucantur,
757 1857 810 1915 ae,
834 1841 983 1903 nobiliora
1001 1855 1129 1920 qunque
1157 1837 1261 1898 munia
1282 1833 1320 1896 ab

241 1941 448 2004 tumescentia
459 1941 616 2018 obeuntes,
630 1941 754 2006 idoncos
776 1959 841 2005 sese
863 1942 1015 2021 adjutores
1029 1946 1059 2002 el
1072 1937 1228 2002 ministros
1239 1935 1321 2015 prin·

240 2045 298 2122 cipi
327 2041 502 2104 exhibeant.
530 2042 621 2119 Atqui
645 2043 768 2121 aqualis
791 2042 846 2104 illa
872 2048 1063 2122 paternarum
1091 2057 1185 2122 opum
1215 2037 1323 2100 divisio

241 2144 412 2222 potenliam
426 2141 562 2203 clarioris
575 2141 737 2219 cujuslibet
744 2142 880 2218 familia,
895 2149 962 2222 post
973 2157 1066 2202 unam
1076 2139 1124 2202 vel
1134 2139 1256 2201 alteram
1268 2156 1321 2216 ge-

241 2244 447 2318 nerationem,
458 2241 580 2318 hangit,
595 2241 737 2320 dispersis
754 2241 897 2304 bucilluc
914 2241 1037 2312 divitiis,
1051 2257 1118 2318 qua
1129 2238 1225 2300 civilis
1238 2237 1322 2298 illius

242 2343 385 2421 potentiae
396 2340 706 2402 suntlundamentum
716 2357 839 2421 prorsus
848 2342 1061 2402 necessarium.
1074 2341 1151 2414 Ergo
1162 2335 1247 2396 nulla
1257 2350 1323 2398 csse

240 2442 397 2523 poteritis
418 2441 537 2503 civitate
561 2440 747 2503 familiarum
759 2447 900 2504 constans
923 2437 1102 2516 hierarchia,
1123 2437 1211 2498 nulla
1232 2432 1323 2496 tradi·

242 2545 363 2604 bonum
374 2539 511 2602 civilium
523 2546 553 2600 el
563 2539 750 2619 politicarum
767 2541 994 2624 perseverantia,
1016 2538 1138 2600 nullum
1151 2553 1187 2600 aa
1199 2541 1324 2616 paterna

243 2642 341 2720 gloria
355 2641 587 2702 incitamentum
600 2639 637 2701 ad
651 2640 728 2702 bens
740 2640 779 2703 ‹le
792 2640 954 2720 republica
971 2637 1161 2702 merendum.
1178 2635 1252 2698 Nori
1270 2633 1324 2695 ho-
1451 2636 1455 2644 ’

244 2744 345 2803 minen
363 2745 510 2820 perpetuo
533 2745 695 2816 assurgent
701 2756 712 2818 3
733 2741 819 2802 novis
838 2739 1024 2815 hominibus,
1044 2754 1152 2819 parum
1174 2753 1211 2798 aa
1227 2734 1324 2815 prima

246 2842 440 2903 institutione
459 2841 546 2920 aptis,
570 2842 685 2903 summi
704 2841 845 2917 honores,
860 2842 980 2922 publica
999 2841 1118 2918 negotia
1147 2835 1329 2915 gravissima-

244 2942 487 3004 oommittentur.
509 2939 581 3003 lnda
592 2942 727 3003 virorum
738 2940 947 3003 excellentium
966 2940 1092 3015 mntem
1116 2951 1323 2999 rerumnora-

248 3059 321 3102 rum
352 3039 480 3120 eupillo}
502 3041 546 3103 rai
577 3040 703 3120 publium
720 3040 894 3113 fluctuatio;
925 3038 1106 3101 auctoritatis
1129 3036 1263 3109 anemio,
1291 3050 1326 3095 ao

250 3140 378 3221 proinde
388 3141 536 3201 societatis
547 3141 695 3203 universas
713 3138 850 3202 conlusio
863 3146 893 3201 et
907 3139 1041 3199 exilium.

289 3240 381 3315 Quod
399 3256 471 3301 vero
488 3240 595 3301 attinet
617 3240 656 3301 ad
685 3239 796 3304 damna
819 3240 1017 3320 privatorum,
1039 3236 1184 3317 potentior
1198 3252 1326 3315 qusque

251 3342 381 3416 limitis,
395 3339 422 3401 si
434 3340 556 3401 stabiles
568 3340 615 3401 illi
632 3340 840 3418 lortunarsinl,
859 3340 998 3417 nihilque
1010 3356 1046 3401 ex
1061 3343 1218 3419 parentum
1232 3341 1327 3397 morie

254 3441 437 3517 timendum,
457 3440 569 3506 multos
582 3442 688 3520 inopes
696 3447 876 3520 egentesque
884 3443 916 3503 in
934 3456 1022 3503 sumn
1035 3440 1160 3502 tutelam
1174 3438 1328 3499 ultrosus·
1350 3500 1353 3507 ,

254 3543 353 3621 cipiet.
369 3543 420 3617 st,
432 3541 459 3601 si
469 3540 632 3602 familiares
641 3540 751 3603 divitia
764 3542 869 3603 sintin
878 3542 1009 3621 aquales
1028 3546 1125 3621 partas
1139 3545 1205 3621 post
1217 3554 1329 3619 paren·

256 3646 319 3703 tom
333 3646 461 3704 mortem
475 3638 651 3717 limitanda,
667 3640 753 3703 nulla
765 3641 945 3702 critiamilia
964 3644 1034 3703 satis
1048 3640 1182 3719 locuplex
1190 3656 1200 3717 ;
1221 3638 1328 3701 lutura

255 3738 398 3803 (tirbioni
406 3739 668 3818 prospiciendum
677 3738 903 3811 resdomestica,
912 3758 1004 3818 quam
1012 3741 1141 3801 maxime
1151 3738 1214 3799 llari
1224 3742 1329 3817 potest,

254 3840 408 3921 augenda,
421 3839 596 3916 utsingulis
608 3840 679 3902 otiis
692 3839 800 3902 deinde
814 3841 952 3903 sufficiat.
970 3844 1003 3900 ln
1024 3840 1134 3899 talibus
1157 3854 1258 3897 rerum
1273 3854 1331 3897 an-

254 3940 365 4019 gustiis
375 3954 570 4017 nequaquam
579 3938 684 4019 poterit
693 3939 990 4001 liberalitaeoisitnm
1000 3936 1184 3999 familiarum
1195 3936 1227 3995 in
1239 3952 1333 4014 popu·

254 4042 335 4116 lum,
350 4038 386 4101 in
398 4038 575 4114 religionem
588 4054 703 4101 sacram
716 4039 843 4101 effundi.

297 4142 337 4201 ll.
362 4137 466 4197 Unilas
487 4144 517 4199 et
530 4137 690 4199 concordia
708 4140 897 4215 singularum
912 4136 1099 4199 familiarum
1122 4134 1330 4213 disrumpitur.

299 4238 467 4301 Utilissima
486 4243 532 4299 est
549 4238 585 4300 ad
600 4239 694 4301 bonos
715 4240 865 4319 fortesque
878 4242 960 4303 siros
972 4238 1191 4320 progignendos
1204 4234 1333 4299 lamilia·

257 4358 331 4404 rum
352 4338 544 4417 singularum
555 4340 657 4402 unitas
669 4346 699 4402 el
711 4344 878 4403 consensio.
893 4345 1041 4404 Fraternas
1055 4346 1155 4402 contra
1169 4338 1336 4405 simultates

257 4436 443 4509 collimitia,
470 4437 546 4499 ium
566 4439 712 4502 lamiliam
727 4441 868 4503 scindunt
879 4458 914 4503 ac
926 4442 1067 4522 perdunt,
1084 4441 1232 4503 civitatem
1247 4440 1336 4501 etiam

257 4544 467 4612 vehementer,
488 4538 527 4599 ob
541 4540 846 4619 malicootagionom,
870 4542 990 4604 indurat.
1007 4541 1263 4620 Atquiaequalitas
1284 4540 1338 4602 illa

252 4644 338 4722 juris
351 4636 527 4703 successorii
542 4638 751 4720 bonorumque
763 4648 953 4721 paternorum
963 4641 1088 4719 aequalis
1101 4642 1210 4703 divisio
1221 4642 1337 4702 dissen-

258 4746 373 4817 siones,
389 4742 469 4813 lites,
485 4740 590 4802 lurbns
608 4744 775 4806 necessario
790 4744 869 4804 inter
882 4742 988 4804 lratres
1000 4742 1178 4823 plerumque
1193 4744 1336 4818 exciunt3
