3559 5675
437 793 495 853 tea
849 807 925 852 iniis
947 805 1106 853 aaronitas

436 923 466 974 at
487 914 619 974 rlnlttlntn
643 914 797 992 perspicue
816 913 1082 974 determinavimus
1103 912 1176 990 qnid
1199 913 1302 991 populi
1327 913 1441 973 nomine
1456 915 1494 972 in-

439 1012 634 1091 telligendum
648 1014 695 1072 sit.
712 1011 808 1087 llnjns
820 1017 920 1072 etitem
936 1013 1068 1072 nominis
1078 1012 1263 1089 acceptiones
1276 1013 1389 1071 mimrn
1400 1013 1429 1071 in
1441 1029 1494 1072 mo·

436 1117 509 1178 dnm
534 1115 725 1174 variaverunt
748 1109 898 1172 liberales
917 1129 972 1173 sen
994 1113 1138 1172 Libertini
1159 1114 1203 1173 nic
1222 1113 1384 1192 appellati,
1406 1120 1432 1172 et
1449 1129 1494 1192 pro

434 1216 579 1278 arbitratu
594 1231 648 1274 sno
662 1213 817 1290 mulieres,
829 1229 951 1291 pueros,
965 1229 1077 1287 servos,
1090 1212 1231 1285 advenas,
1241 1228 1396 1291 pauperes,
1407 1213 1496 1272 minin

434 1317 551 1387 divites,
572 1311 661 1374 modo
674 1330 691 1374 e
704 1313 816 1374 civirun
832 1327 960 1374 nurnero
973 1313 1175 1391 excluserunt,
1195 1313 1285 1375 ruodo
1297 1314 1330 1374 in
1343 1313 1428 1374 illum
1440 1331 1496 1375 res-

435 1416 591 1476 tituerunt.

474 1515 622 1591 lamense,
638 1519 673 1574 ut
686 1512 859 1590 quaestionis
876 1527 985 1572 sensus
997 1511 1120 1572 omnino
1132 1510 1304 1584 definiatur,
1321 1529 1415 1591 quum
1429 1531 1498 1591 qne

433 1617 511 1678 ritur
523 1614 596 1693 quid
610 1613 649 1674 sit
662 1613 806 1692 populns,
819 1613 875 1672 boc
889 1610 1085 1672 statuendum
1099 1617 1155 1686 est,
1169 1629 1310 1690 quaenam
1324 1614 1386 1673 sint
1398 1614 1447 1673 illa
1458 1615 1497 1673 in·

431 1715 564 1794 dividua,
582 1713 764 1791 adquorum
784 1709 991 1774 collectionem
1002 1715 1073 1789 jura
1092 1713 1212 1790 politica
1230 1712 1393 1792 pertinent,
1412 1731 1496 1791 quum

431 1831 536 1878 eornm
557 1829 710 1895 possessor
731 1813 900 1892 principatu
919 1813 1038 1874 excidit.
1059 1814 1208 1891 damnem,
1227 1813 1375 1891 quoniam
1388 1813 1459 1874 libro
1471 1829 1497 1875 u

432 1934 463 1977 n.
476 1917 536 1978 475
547 1913 732 1975 ostendimus
742 1911 925 1972 auctoritatis
935 1913 1082 1989 originem
1093 1913 1268 1973 inconcreto
1277 1914 1498 1991 semperafacto
1584 1916 1585 1989 l

431 1995 564 2095 quodam
578 2013 668 2087 trahi,
680 2013 754 2073 sicut
766 2011 904 2090 ejusdem
916 2027 1007 2073 cansa
1021 2012 1053 2073 in
1066 2013 1213 2072 abstracto
1226 2018 1271 2072 est
1284 2013 1348 2090 ipsa
1363 2013 1498 2074 societatis

430 2120 551 2190 natura,
563 2112 693 2190 quisque
706 2109 798 2188 ridet,
819 2115 891 2172 tunc
909 2110 1070 2190 populum,
1090 2110 1127 2170 ad
1148 2126 1242 2188 quem
1252 2112 1325 2186 jnra
1338 2112 1454 2190 politica
1471 2112 1497 2170 iu

430 2232 464 2276 co
478 2231 549 2276 casu
569 2217 732 2286 transeant,
747 2208 836 2286 longe
858 2210 942 2270 alind
955 2209 1069 2288 aliquid
1083 2205 1257 2288 essequam
1274 2211 1424 2272 sociomnr
1436 2212 1497 2270 uni·

430 2329 546 2378 versam
561 2310 798 2382 multitudinem,
811 2325 844 2370 ac
858 2311 990 2389 possein
1007 2325 1189 2387 unaquaque
1203 2311 1343 2370 societate
1358 2309 1496 2371 diversum

430 2415 503 2494 quid
524 2429 588 2476 esse
605 2428 659 2491 pro
672 2411 843 2472 diversitate
861 2411 1055 2482 lectorum,e
1076 2411 1189 2487 quibus
1211 2411 1397 2472 auctoritatis
1410 2418 1498 2471 trans·

431 2517 534 2578 missio
547 2521 577 2576 et
598 2512 745 2594 possessio
763 2529 817 2589 pro
838 2511 892 2570 tali
911 2527 983 2571 casu
1004 2509 1162 2590 dependet.
1180 2511 1241 2586 Sic,
1262 2529 1291 2571 c.
1309 2530 1356 2592 9.,
1371 2513 1405 2574 in
1416 2527 1498 2589 regno

429 2615 622 2688 hereditario,
637 2613 662 2671 si
678 2628 729 2672 rex
743 2611 913 2689 principatu
928 2626 984 2671 sno
998 2610 1143 2689 spolietur
1156 2627 1339 2689 quacunque
1353 2612 1391 2673 de
1404 2629 1497 2682 cansa,

428 2729 567 2794 suprema
586 2715 713 2791 potestas
727 2709 856 2788 prolecto
872 2707 909 2768 ad
925 2709 1067 2788 principis
1086 2710 1265 2769 exauctorati
1281 2710 1430 2772 familiam
1441 2727 1499 2790 per·

428 2817 513 2875 tinet.
531 2814 578 2887 At,
593 2809 646 2871 nbi
668 2807 853 2889 principatus
876 2812 921 2869 est
939 2823 1030 2887 penes
1052 2807 1228 2888 popularem
1248 2808 1430 2887 legationem
1452 2827 1497 2873 sen

431 2910 725 2993 repraesentationem,
750 2914 784 2967 ut
805 2908 835 2968 in
861 2908 1023 2987 provinciis
1041 2909 1184 2969 American
1204 2909 1295 2972 unitis
1312 2917 1345 2971 et
1358 2914 1391 2971 in
1411 2912 1499 2973 Gellia

431 3022 494 3093 post
508 3013 629 3093 pulsum
643 3008 824 3070 nudoncum
838 3007 1025 3086 Philippum,
1037 3008 1163 3069 Praeside
1176 3016 1330 3087 utcunque
1343 3012 1499 3087 deliciante,

429 3114 531 3176 omnia
539 3114 610 3191 jura
623 3110 743 3190 politice
757 3115 827 3168 strnt
840 3124 932 3186 penes
945 3122 1013 3167 earn
1027 3106 1207 3183 legationem
1222 3110 1322 3171 debito
1337 3112 1428 3173 modo
1440 3128 1501 3172 con·

428 3218 592 3291 gregalem,
609 3218 638 3271 et
659 3212 749 3287 cnjus
772 3208 874 3268 omnia
898 3207 1035 3267 membra
1056 3207 1190 3268 debiturn
1210 3208 1426 3287 suffragiorum
1447 3227 1501 3272 nu·

429 3328 548 3373 morunt
568 3308 765 3370 obtinuerint.
781 3308 814 3367 ln
837 3322 921 3367 sacro
941 3308 1082 3385 irnperio,
1098 3324 1243 3386 suspensa
1263 3310 1427 3371 manebant
1437 3315 1500 3389 jura

431 3410 608 3493 imperialia,
631 3410 811 3485 imperatore
833 3405 1013 3467 deficiente:
1038 3412 1068 3466 at
1091 3408 1240 3470 Electores
1266 3412 1446 3472 tenebantur
1467 3408 1499 3469 ad

430 3512 525 3573 aliurn
539 3512 748 3586 imperatorem
766 3506 909 3566 continuo
922 3504 1153 3582 designandum.
1172 3508 1207 3568 ln
1221 3510 1357 3586 Polonia,
1374 3512 1500 3591 principe

429 3610 599 3681 demortuo,
622 3606 713 3667 nien
733 3604 900 3680 regnabat:
915 3605 1056 3681 Veneriis,
1071 3605 1124 3666 nbi
1145 3608 1211 3667 Dur
1225 3608 1352 3685 deesset,
1368 3612 1498 3689 patricio·

428 3726 502 3773 rum⁴
522 3710 665 3783 Magnum
686 3704 857 3767 Concilium
877 3706 1067 3784 imperabat:
1084 3708 1115 3765 in
1134 3706 1246 3768 ditione
1261 3710 1427 3787 pontificia,
1442 3716 1500 3790 post

428 3808 546 3869 Summi
560 3804 710 3867 Pontificis
724 3810 864 3877 mortem,
877 3812 938 3867 toto
953 3806 1117 3881 interregni
1138 3813 1282 3885 ternpore,
1298 3808 1498 3870 l'ardiualinm

428 3908 574 3971 conclave
589 3908 620 3966 in
631 3909 703 3985 jura
716 3904 848 3985 politice,
861 3905 913 3965 sed
923 3922 993 3965 cnm
1007 3906 1111 3965 multis
1125 3906 1355 3970 limitationibus
1365 3916 1396 3971 ot
1409 3910 1498 3971 solnm

429 4017 571 4086 tanquam
587 4010 728 4069 Romane
746 4005 883 4067 Ecclesiae
902 4006 1000 4066 ricem
1020 4012 1175 4085 prestans,
1190 4010 1330 4071 succedit.

470 4112 557 4171 1012.
574 4108 642 4169 Pus.
657 4106 741 4167 499¹.
753 4138 792 4151 -
807 4105 942 4183 Principe
959 4109 988 4165 el
1000 4106 1084 4165 omni
1096 4108 1163 4183 ejus
1182 4109 1316 4185 legitimo
1336 4126 1499 4172 successore

426 4208 643 4282 ilelrcieutibuS‚
654 4208 724 4281 jura
739 4206 858 4283 politica
869 4204 906 4265 ed
923 4204 1094 4266 universam
1114 4208 1263 4268 sociorum
1278 4210 1497 4270 multitudinem

427 4313 635 4379 rerertnntnr3
654 4302 706 4363 sed
730 4304 904 4381 temporarie
921 4305 959 4364 ab
983 4306 1018 4365 iis
1031 4307 1084 4383 qui
1103 4308 1330 4385 particularibus
1349 4308 1498 4371 consortiis

429 4410 571 4485 presunt,
583 4403 712 4479 gerenda
724 4409 806 4477 eurrt,
819 4402 914 4465 donec
926 4420 1023 4465 novus
1038 4424 1055 4465 a
1068 4408 1179 4486 populo
1193 4410 1334 4471 universo
1354 4410 1497 4488 principa·

429 4514 476 4566 tus
488 4504 667 4566 corastitutus
679 4504 728 4562 sit.

466 4610 557 4667 l‘uos.
574 4600 604 4661 l·
617 4604 923 4678 eans.-dnctorites‚
944 4622 997 4683 per
1010 4623 1042 4667 se
1056 4614 1195 4686 spectata,
1211 4611 1243 4669 in
1265 4610 1350 4671 nullo
1370 4612 1496 4687 subjecto

422 4704 616 4765 determinate
634 4702 743 4763 residet
763 4703 857 4781 (451),
873 4704 926 4765 sed
940 4704 1041 4765 solum
1058 4707 1134 4767 lecto
1148 4708 1250 4785 aliquo
1268 4710 1407 4788 defigitur
1429 4726 1494 4771 con·

422 4812 499 4863 crete
523 4802 554 4863 in
581 4800 712 4879 quiedam
735 4819 860 4880 persona
885 4802 968 4880 (act)
990 4824 998 4863 :
1017 4812 1046 4865 ct
1065 4822 1171 4866 omnes
1192 4807 1244 4885 qni
1266 4810 1364 4887 primo
1388 4809 1495 4891 princi-
