3559 5675
468 738 527 801 128
876 750 956 799 xenis
977 750 1138 801 aarum

469 862 619 921 eiecere:
634 854 711 917 ena
724 870 858 933 namque
870 853 978 930 religio
992 870 1027 915 eo
1039 854 1133 915 tendit
1146 852 1315 917 necessario
1326 858 1361 915 ut
1372 852 1457 915 nulla
1469 852 1530 915 reli·

469 958 519 1035 gio
531 954 647 1017 eradat.
670 954 760 1031 ltqrd
775 952 953 1030 religionem
970 942 1110 1015 socialem
1124 961 1257 1015 evertere
1268 954 1478 1031 perusinum
1490 953 1531 1014 de

468 1058 575 1119 lictum
591 1060 636 1117 est
651 1055 773 1115 comnia
786 1070 857 1115 vero
868 1052 978 1115 delicta
991 1062 1117 1133 possunt
1134 1070 1168 1115 ao
1181 1054 1290 1117 debent
1302 1072 1320 1115 a
1333 1054 1434 1118 sociali
1447 1062 1532 1114 aucto·

469 1160 555 1220 ritate
566 1174 604 1218 ex
620 1172 707 1235 aequa
723 1152 914 1234 proportione
933 1156 1047 1234 puniri.
1070 1158 1147 1233 Ergo
1168 1160 1262 1235 potest
1273 1172 1307 1217 se
1320 1154 1410 1219 debet
1423 1154 1532 1215 societas

468 1258 611 1337 gravibus
624 1255 722 1337 poenis
734 1272 785 1315 eos
798 1270 932 1315 coercere
945 1256 999 1333 qui
1013 1254 1153 1317 socialem
1168 1255 1346 1333 religionem
1357 1253 1531 1317 rationabili-

470 1366 516 1422 ter
529 1362 697 1437 susceptam
712 1356 873 1417 immutare
887 1354 1008 1434 publice
1019 1362 1175 1419 conentur.

510 1460 581 1521 887.
596 1459 729 1520 Concu.
741 1487 783 1501 -
800 1458 898 1517 cena
909 1461 1012 1517 contre
1026 1455 1145 1517 sedula
1156 1455 1313 1533 religionis
1327 1455 1482 1517 violatores
1492 1468 1534 1533 pu·

471 1558 566 1621 blicos
575 1554 754 1619 adhibenda
772 1560 878 1617 sunta
894 1554 1014 1634 politica
1026 1556 1211 1631 auctoritate,
1226 1571 1288 1617 non
1301 1555 1428 1633 quidem
1441 1560 1473 1615 st
1485 1554 1533 1614 illis

471 1659 546 1723 tides
559 1666 589 1719 et
602 1658 697 1738 pietas
708 1672 762 1735 per
775 1656 838 1717 rim
853 1657 1020 1732 ingeratur,
1036 1653 1088 1717 sed
1116 1655 1217 1719 selum
1241 1671 1280 1717 ne
1304 1655 1447 1717 socialem
1471 1650 1533 1714 uni-

472 1766 564 1821 tatem
576 1758 760 1834 religiosam,
779 1772 847 1833 quae
861 1755 898 1815 ad
912 1754 1064 1834 publicam
1078 1755 1250 1819 felicitatem
1267 1756 1400 1817 maxime
1412 1754 1533 1835 pertinet,

471 1857 519 1919 rel
533 1855 619 1920 salsis
629 1853 774 1916 doctrinis
786 1853 835 1914 rel
847 1853 949 1932 pravis
961 1854 1105 1933 exemplis
1119 1854 1305 1934 perturbent.

513 1958 583 2017 888.
600 1958 668 2016 Poe.
684 1951 770 2013 431¹.
783 1954 847 2014 lxx
857 1953 1000 2015 6⁸.-Ubi
1015 1970 1122 2031 magua
1134 1956 1281 2017 societatis
1294 1970 1364 2035 pars
1376 1970 1395 2015 a
1409 1952 1536 2033 religione

473 2056 576 2119 sociati
599 2055 750 2131 deiecerit,
764 2060 860 2132 potest
880 2060 912 2115 et
932 2054 1113 2133 quandoque
1133 2054 1221 2117 debet
1242 2055 1365 2117 socialis
1392 2054 1535 2117 auctentas

472 2156 594 2221 civilem
608 2154 798 2217 tolerantiam
809 2154 1051 2231 ergadelectores
1060 2155 1213 2218 adhibere.

514 2260 694 2321 Norenses.
715 2286 756 2301 -
776 2255 897 2333 Triplex
917 2256 1083 2317 tolerantiae
1103 2272 1200 2333 genus
1221 2256 1253 2315 ln
1267 2256 1396 2319 materia
1414 2255 1536 2333 religiosa

473 2356 721 2433 distinguendum
744 2361 790 2415 est
805 2375 812 2414 :
828 2354 888 2415 alia
903 2362 948 2417 est
960 2354 1137 2436 doqmotr'ee,
1153 2356 1214 2417 alia
1226 2354 1379 2435 redipiosa,
1398 2356 1457 2418 alia
1470 2354 1535 2417 eici·

474 2456 524 2518 lis.
548 2456 720 2517 Tolerantia
737 2453 905 2531 dogmatica
921 2455 1066 2534 appellari
1082 2458 1179 2536 potest
1196 2454 1348 2520 absurdus
1366 2455 1419 2517 ille
1436 2452 1537 2516 indide·

474 2558 649 2630 rentismus,
662 2555 716 2631 qui
732 2570 838 2615 omnes
854 2570 940 2630 arque
958 2554 995 2615 de
1008 2554 1153 2631 religione
1168 2554 1319 2616 doctrinas
1333 2554 1454 2615 admitti
1466 2566 1536 2633 pesse

474 2655 654 2730 urbinatem
670 2652 708 2713 de
729 2668 791 2729 quo
810 2653 877 2729 iam
893 2652 1034 2713 nonnihil
1048 2652 1181 2717 diximus
1195 2670 1249 2715 nn.
1265 2655 1324 2715 582
1339 2660 1371 2715 et
1382 2656 1452 2717 876.
1466 2650 1537 2713 tole·

474 2754 573 2815 rantia
585 2752 724 2831 religiosa
734 2758 779 2813 est
788 2768 895 2813 eorum
909 2754 1056 2815 sententia
1072 2754 1127 2831 qui
1146 2752 1273 2816 eredunt
1286 2756 1434 2815 eternam
1446 2752 1538 2813 anina

475 2856 605 2917 mlutem
617 2853 751 2916 obtinere
763 2869 851 2933 posse
863 2853 956 2916 etiam
969 2853 1038 2916 illos
1051 2856 1105 2933 qui
1119 2854 1337 2936 pertinacitate
1348 2853 1492 2916 catholiea
1503 2867 1538 2912 ee·

475 2956 567 3018 clesia
582 2954 775 3016 dissentiunt.
795 2953 966 3016 Tolerantia
980 2953 1109 3034 denique
1120 2955 1217 3018 civilis
1230 2961 1275 3017 est
1286 2955 1411 3018 socialis
1424 2951 1539 3016 auctori·

475 3058 543 3120 tatis
557 3055 665 3116 lenitas
680 3055 713 3116 in
731 3070 793 3116 non
811 3054 967 3133 puniendo
980 3053 1118 3116 dissensu
1133 3063 1254 3118 artemo
1263 3055 1311 3117 ab
1321 3055 1476 3136 aliquibus
1487 3053 1538 3114 suis

477 3157 621 3221 membris
629 3157 663 3217 in
674 3155 803 3216 materia
810 3153 965 3230 religionis
976 3156 1093 3218 socialis
1107 3157 1304 3218 manifestato.

517 3261 611 3320 imos.
627 3269 692 3316 ros.
708 3254 1157 3318 1·rsas.-Publicesoeietas
1173 3273 1272 3334 usque
1287 3255 1363 3319 adeo
1374 3256 1538 3336 quandoque

477 3357 630 3420 bellorum
639 3351 820 3414 tumultibus
830 3358 883 3413 eut
891 3353 1068 3432 pestilentiae
1081 3355 1246 3418 termribus
1258 3361 1312 3418 aut
1325 3357 1396 3419 aliis
1406 3351 1538 3436 ejusmodi

477 3455 700 3520 calamitatibus
709 3451 909 3532 perturbatur,
921 3460 966 3526 ut,
978 3456 1375 3534 vigilantiemagistratunm
1387 3457 1540 3520 inaliasree

479 3557 628 3628 dbuacm,
646 3551 775 3630 improbi
788 3558 818 3612 et
830 3553 916 3632 impii
934 3553 1073 3617 hemines
1094 3557 1218 3636 impune
1238 3559 1394 3635 potuerint
1414 3553 1539 3618 lalsasin

477 3653 625 3735 populum
638 3652 676 3712 de
690 3651 834 3726 religione
847 3651 996 3714 doctrinas
1016 3666 1155 3734 spargere
1167 3662 1198 3716 et
1218 3655 1392 3734 religiosam
1406 3658 1539 3720 sociorum

481 3754 639 3833 pristinam
661 3749 850 3812 concordiam
866 3767 989 3829 prorsus
1002 3761 1144 3816 evertere.
1158 3755 1329 3834 Aliquando
1343 3759 1434 3818 etiam
1448 3753 1538 3837 potuit,

479 3851 672 3932 pernimiam
684 3849 885 3926 securitatem,
899 3851 1081 3912 auctoritatis
1095 3853 1127 3913 in
1147 3854 1290 3930 religione
1311 3856 1418 3920 sociali
1434 3850 1540 3916 tutanda

481 3949 649 4012 sollicitudo
667 3947 783 4010 tamdiu
801 3947 957 4026 languere,
973 3957 1008 4011 ut
1033 3953 1156 4014 seinaim
1176 3971 1274 4033 pmvae
1296 3955 1439 4020 doctrina
1459 3957 1540 4030 irrep·

480 4052 573 4113 serint
584 4057 674 4126 atque
686 4048 879 4121 incaluerint,
895 4055 936 4125 et,
950 4065 1047 4128 quum
1071 4054 1204 4130 primum
1226 4054 1262 4117 de
1284 4061 1454 4136 pervagatis
1470 4069 1540 4118 erro·

482 4151 565 4211 ribus
579 4155 670 4226 atque
681 4148 831 4226 impietate
849 4148 949 4226 palam
960 4147 1005 4223 fit,
1023 4149 1240 4215 difficillimum
1251 4171 1358 4218 eorum
1372 4153 1541 4237 expellendo

482 4267 549 4312 rum
559 4248 720 4310 eonsilium
731 4249 1044 4325 eraseritlumvero,
1054 4251 1116 4312 sive
1126 4251 1164 4313 ob
1175 4259 1346 4334 temporum
1356 4257 1540 4336 iniquitatem,

482 4349 592 4412 siveob
606 4347 834 4424 magistratuum
846 4347 1071 4428 negligentiam,
1084 4351 1121 4411 iis
1135 4354 1215 4430 quia
1232 4355 1336 4416 sociali
1348 4357 1491 4434 religione
1503 4351 1542 4412 de

482 4449 626 4521 lecerunt,
643 4447 857 4522 ignoscendum
879 4449 947 4508 erit.
973 4450 1128 4526 Praeterea,
1148 4468 1187 4513 ne
1209 4453 1330 4532 publiea
1355 4452 1541 4535 tranquillitas

486 4546 631 4617 turbetur,
643 4559 683 4604 ne
694 4544 907 4606 dissidentium
921 4547 1015 4606 animi
1031 4547 1197 4630 irritentur,
1215 4569 1249 4614 ac
1263 4553 1386 4633 longius
1404 4573 1423 4616 a
1436 4553 1541 4616 veritate

480 4645 647 4720 discedant,
660 4644 825 4724 prudentie
838 4645 935 4706 civilis
947 4645 1004 4706 erit
1016 4647 1055 4708 ab
1067 4649 1151 4709 omui
1169 4652 1329 4730 punitione
1350 4651 1539 4738 supersedere.

486 4748 562 4822 Ergo
574 4750 669 4826 potest
679 4745 712 4804 in
723 4746 760 4806 iis
773 4744 927 4824 adjunctis
940 4745 1098 4809 tolerantia
1109 4747 1255 4813 adbiberi.
