3559 5675
421 748 463 811 st
690 734 692 737 ’
831 766 911 813 ruuts
932 760 1089 811 auronius

423 874 591 951 coniugalis
606 875 734 953 ineatur,
748 874 955 951 cognoscimus
974 872 1148 933 naturaliter
1165 886 1200 931 aa
1220 870 1388 933 necessaria
1402 868 1498 933 homi·

423 975 471 1036 uis
485 976 633 1038 tendentia
644 980 673 1036 et
685 994 720 1037 ex
735 975 862 1036 humaui
871 974 1035 1050 organismi
1046 972 1211 1052 aptitudine
1223 971 1260 1033 ad
1271 972 1498 1033 matrimonium

426 1073 503 1151 (eos.
520 1075 602 1156 384).
620 1079 657 1137 at
675 1076 737 1137 heo
749 1077 804 1137 tria
818 1075 979 1135 ostendunt
992 1073 1114 1152 quidem
1133 1072 1280 1135 creatoris
1299 1072 1500 1146 voluntatem,

424 1180 458 1233 ut
470 1175 578 1252 aliqui,
599 1175 659 1237 imo
682 1182 716 1234 ut
738 1176 872 1253 plerique
894 1175 1032 1235 homines
1053 1173 1243 1234 matrimonio
1265 1175 1435 1250 jungantur
1450 1192 1457 1229 r
1472 1179 1503 1231 at

425 1290 616 1353 nequaquam
630 1275 759 1335 ostendit
774 1276 1004 1335 matrimonium
1029 1290 1046 1333 a
1067 1276 1204 1333 Creatore
1219 1271 1360 1333 omnibus
1383 1280 1414 1330 et
1434 1272 1499 1331 siu-

423 1373 504 1449 gulis
529 1376 656 1453 precipi.
684 1377 757 1435 itam
782 1392 817 1435 en
839 1374 892 1434 illa
914 1374 1045 1435 lromiuis
1064 1373 1233 1432 uehementi
1254 1371 1453 1451 propensione
1474 1378 1504 1431 et

425 1475 578 1533 communi
592 1474 758 1553 aptitudine
770 1474 806 1533 ad
822 1474 1047 1535 matrimonium
1064 1473 1095 1533 lrt
1109 1480 1140 1531 ut
1151 1472 1353 1531 certissimum
1368 1470 1505 1529 absolute

425 1574 465 1633 sit
474 1571 629 1651 plerosquo
640 1574 789 1639 homines,
805 1573 851 1633 illi
864 1571 1021 1632 teudentie
1030 1572 1179 1637 cedentes.
1194 1569 1336 1648 conjugio
1348 1575 1506 1628 vacaturos

425 1654 503 1745 esse,
517 1689 550 1731 ao
564 1672 688 1751 proinde
708 1689 866 1745 uunquam
889 1688 954 1731 osse
974 1670 1155 1729 deiecturum
1178 1668 1337 1729 homiuum
1360 1684 1506 1752 propaga-

429 1772 552 1853 tionem,
575 1780 604 1831 et
628 1788 784 1850 nunquam
798 1770 966 1832 defeeturos
989 1770 1128 1829 homiues
1142 1769 1194 1845 qui
1220 1774 1335 1828 nature
1358 1766 1506 1827 miracula

427 1878 517 1949 atqua
542 1872 643 1933 diviua
657 1872 809 1946 attributa,
829 1872 984 1947 attmirari,
999 1878 1027 1933 et
1041 1870 1171 1931 Creatori
1187 1868 1300 1945 gratias
1316 1868 1424 1929 reterre
1440 1884 1508 1946 pos-
1608 1904 1609 1907 =

428 1973 498 2031 sint.
525 1973 613 2045 Ergo,
635 1972 752 2031 etiamsi
774 1972 916 2032 omuibus
933 1978 962 2031 et
981 1970 1110 2045 siugulis
1131 1968 1359 2028 matrimonium
1386 1968 1508 2027 nonsit

429 2076 621 2149 preceptum,
635 2086 753 2147 semper
766 2068 926 2132 habebitur
938 2069 1018 2148 quod
1032 2086 1049 2128 a
1062 2068 1190 2139 ratione,
1205 2066 1243 2127 ab
1257 2083 1348 2126 seusu
1361 2071 1391 2127 et
1403 2066 1441 2129 ab
1458 2083 1508 2126 or·

427 2165 556 2243 ganisuri
576 2168 740 2245 aptitudine
757 2168 902 2249 postulari
919 2169 1058 2247 superius
1073 2167 1215 2241 vidimus,
1235 2165 1347 2225 scilieet
1365 2163 1510 2229 humane

430 2267 536 2347 speciei
554 2270 735 2347 propagatio.

472 2369 625 2439 l‘reterea,
646 2377 675 2429 et
691 2371 764 2430 ratio
780 2374 810 2430 et
827 2368 979 2431 tendentia
1000 2368 1216 2445 illawnaturalis
1238 2366 1348 2427 directe
1368 2364 1509 2443 suadent,

431 2458 597 2528 Creatorem
620 2485 813 2547 nequaquam
835 2468 912 2531 relle
931 2469 1069 2529 omnium
1093 2473 1122 2528 et
1141 2465 1328 2543 singulorum
1351 2466 1512 2527 matrimo-

432 2567 531 2627 nium.
558 2570 632 2629 Nam
655 2571 729 2629 ratio
755 2574 783 2632 1⁰
808 2569 958 2645 iutelligit.
980 2570 1005 2629 si
1030 2583 1136 2629 omnes
1156 2566 1294 2627 homines
1316 2568 1512 2628 matrimonio

432 2666 623 2743 copulentur,
639 2668 727 2743 louge
748 2670 893 2745 majorem
918 2668 1078 2729 hominum
1099 2666 1326 2727 multitudinem
1345 2665 1415 2727 inde
1439 2683 1512 2727 ena-

433 2772 542 2840 turam,
557 2782 649 2842 quam
661 2782 728 2843 que
741 2766 782 2825 ali
795 2767 826 2827 iu
841 2774 901 2827 toto
915 2773 1062 2827 terrarum
1074 2766 1144 2827 orbe
1160 2767 1263 2846 possit.
1337 2847 1340 2854 Ι
1364 2782 1366 2789 ’

474 2870 509 2925 2⁰
529 2867 611 2939 ilatio
625 2868 696 2928 item
716 2867 796 2932 ridet
808 2885 885 2946 sepe
906 2867 970 2930 steri
989 2875 1022 2928 ut
1039 2868 1130 2931 homo
1147 2868 1195 2930 ria
1214 2867 1321 2927 lrabeat
1343 2883 1460 2944 eaque
1473 2869 1510 2928 ad

435 2967 546 3038 victum
568 2957 755 3046 et'restituru
770 2968 828 3029 sibi
849 2969 903 3029 uni
918 2967 1081 3044 sufficiant,
1099 2967 1232 3042 adeoque
1255 2983 1315 3026 nou
1338 2983 1406 3028 raro
1422 2967 1512 3030 illum
1608 2991 1609 3001 ¹

436 3083 500 3126 esse
519 3066 655 3146 ineptum
673 3065 710 3128 ad
725 3067 803 3128 tilios
823 3067 1032 3148 proereandus,
1056 3083 1132 3144 quos
1155 3065 1235 3127 alere
1257 3071 1287 3126 et
1307 3064 1435 3126 educare
1451 3081 1512 3126 nou

436 3165 538 3242 possit.

477 3263 508 3322 3⁰
532 3262 642 3324 Eadem
661 3263 797 3322 observat
814 3264 925 3323 multos
947 3263 976 3324 io
997 3263 1134 3324 societate
1148 3279 1211 3324 esse
1232 3261 1367 3323 homines
1380 3279 1513 3340 quorum

438 3363 543 3420 munia
557 3362 688 3421 societati
708 3365 813 3439 utique
827 3365 994 3424 necessaria
1007 3379 1084 3440 egre
1107 3361 1269 3424 admodum
1286 3379 1355 3423 oum
1374 3364 1514 3424 societate

438 3460 590 3536 roujugali
604 3463 740 3540 eourpoui
756 3470 890 3540 possunt,
908 3463 1078 3540 cujusmodi
1093 3469 1165 3522 sunt
1177 3447 1276 3522 naute
1293 3468 1322 3522 et
1336 3462 1462 3523 militen.

481 3561 629 3621 Naturalis
657 3578 726 3620 rero
750 3563 786 3621 ad
814 3564 1042 3624 matrimonium
1075 3563 1248 3634 tendentia,
1275 3569 1308 3622 ut
1344 3563 1515 3634 ostenderet

442 3663 536 3724 urum
553 3661 629 3722 reite
648 3661 685 3722 alt
700 3663 842 3723 omnibus
861 3663 1034 3724 hominibus
1055 3663 1281 3722 matrimonium
1295 3663 1377 3736 iniri,
1392 3649 1517 3723 deberet

443 3768 502 3819 tam
526 3759 626 3820 efficax
649 3779 723 3835 esse,
739 3769 772 3821 nt
796 3779 885 3822 nemo
907 3779 974 3822 eam
997 3778 1138 3840 superare
1161 3767 1267 3841 posset.
1289 3747 1378 3838 utqui
1402 3763 1516 3824 multos

442 3859 579 3918 homines
603 3858 754 3937 videmus,
781 3861 834 3937 qui
860 3861 1086 3939 propensionem
1113 3858 1199 3918 illam
1224 3857 1259 3917 ad
1287 3861 1516 3921 matrimonium

442 3967 592 4042 superant,
607 3964 758 4036 totamque
772 3961 864 4018 vitam
879 3960 911 4018 iu
933 3959 1070 4020 celibatu
1097 3959 1291 4035 tranquillam
1314 3967 1419 4034 agunt.
1441 3963 1518 4037 lngo

441 4068 470 4121 et
483 4061 557 4120 ratio
571 4066 601 4120 et
615 4059 760 4118 naturalis
774 4060 933 4139 propensio
948 4060 1154 4120 demonstrant
1169 4061 1314 4121 Creatoris
1329 4059 1516 4120 voluntatem

442 4179 507 4223 esse
524 4168 557 4222 ut
572 4160 678 4238 aliqui,
691 4162 725 4220 ut
736 4159 869 4238 plerique
880 4159 1070 4234 homtner,at
1082 4176 1143 4219 uon
1157 4167 1190 4218 ut
1204 4175 1308 4220 omues
1322 4161 1517 4222 matrimonio

436 4263 615 4340 jungantur.

483 4364 616 4438 [lenique
626 4358 772 4420 naturalis
782 4361 944 4438 organismi
954 4361 1087 4440 aptitudo
1100 4360 1229 4422 ostendit
1239 4359 1363 4439 quidem
1372 4362 1517 4422 omnibus

442 4470 470 4522 et
492 4461 620 4537 singulis
644 4461 819 4520 homiuibus
841 4479 907 4521 esse
929 4463 1100 4524 facultatem
1121 4462 1305 4522 matrimonii
1328 4461 1468 4535 ineundi,
1489 4469 1518 4521 at

442 4568 622 4643 prereptum
637 4577 698 4620 non
716 4561 856 4622 ostendit.
871 4564 973 4636 Quum
992 4566 1074 4625 enim
1094 4567 1214 4624 Creator
1233 4561 1408 4622 hominihus
1429 4563 1517 4626 inde-

443 4663 598 4724 terminate
619 4662 845 4722 matrimonium
865 4667 1026 4744 precipiat,
1050 4665 1143 4724 nullis
1164 4681 1269 4724 eorum
1293 4662 1518 4723 individualiter

442 4764 615 4840 designatis,
632 4761 735 4822 ‹lebrrit
748 4763 890 4823 omuibus
908 4765 1106 4846 aptitudinem
1122 4763 1157 4824 ad
1185 4763 1413 4824 rrtatriurouirun
1435 4761 1515 4830 dare,
