3559 5675
457 683 517 747 318
863 693 942 738 surus
962 692 1123 737 sarsurus

458 803 625 867 1111111111
643 803 675 861 11
695 799 822 880 poeonia
842 815 944 860 secum
969 795 1173 858 transterende
1196 803 1226 856 et
1246 795 1392 856 mercibus
1403 795 1503 873 quihus·
1571 797 1572 804 ’

459 919 581 982 eumque
593 903 694 962 ststim
708 898 858 980 perillum
873 897 1043 960 obtinendis
1057 903 1102 957 est
1123 895 1187 968 sole
1206 912 1295 956 cause
1314 895 1352 955 ob
1371 911 1451 972 quam
1463 913 1504 975 pe-

459 1004 550 1067 ounis
562 1000 690 1064 libenter
701 1001 739 1061 ab
752 999 895 1060 omnibus
906 1003 1085 1076 receptetur.
1571 1007 1572 1010 ¹

502 1106 580 1179 Ergo
598 1100 726 1180 pecunia
745 1098 865 1178 propris
884 1096 973 1169 diota,
995 1095 1108 1157 seilicet
1127 1101 1276 1174 quatenus
1295 1111 1396 1156 rerum
1414 1094 1507 1156 veluus

461 1200 650 1266 eommodius
661 1203 865 1277 representat,
877 1195 996 1257 nullum
1007 1213 1059 1274 per
1072 1211 1104 1256 se
1118 1196 1182 1274 ipsa
1197 1195 1364 1256 absolutam
1375 1193 1507 1254 utilitatem
1571 1203 1572 1222 ¹

464 1302 565 1378 hebet,
578 1298 631 1362 sed
642 1304 767 1360 eatenus
778 1297 880 1358 solum
900 1301 945 1356 set
958 1296 1055 1372 utilis,
1073 1301 1222 1372 quatenus
1242 1311 1296 1374 per
1314 1295 1395 1355 illem
1408 1295 1508 1355 aliero

464 1417 518 1482 per
534 1417 567 1462 se
581 1398 671 1459 utiles
681 1397 811 1458 obtineri
823 1402 961 1476 possunt.
976 1397 1065 1473 Atqui
1080 1394 1190 1456 divitiae
1204 1395 1236 1455 in
1249 1411 1352 1456 rerum
1365 1411 1415 1474 per
1427 1393 1508 1455 seuti-
1571 1441 1572 1452 ,

465 1501 543 1562 lium
555 1493 939 1578 eopiaoonsistunt(108ls,
955 1495 1085 1556 notando
1098 1496 1139 1572 l).
1154 1495 1243 1572 Ergo,
1258 1501 1315 1556 ete.

507 1599 596 1660 1⁰90.
611 1599 739 1660 Coeum
757 1627 796 1640 —-
809 1597 855 1657 llx
872 1595 990 1673 iisque
1003 1593 1150 1656 hmtenus
1170 1595 1202 1655 in
1224 1593 1281 1655 hoe
1303 1593 1510 1656 ertieulodisse·

464 1698 597 1771 ruimus,
611 1693 895 1771 baeooolliguntur:
1441 1711 1443 1714 ·

508 1794 539 1854 1·
560 1795 676 1856 Divitiae
696 1799 768 1853 sunt
782 1793 901 1873 proprie
924 1809 972 1854 res
994 1793 1164 1854 materiales
1187 1809 1372 1872 quoeunque
1391 1793 1424 1854 ed
1443 1793 1512 1853 sitam

466 1894 600 1956 hominis
612 1889 851 1964 sustentandam,
872 1891 1040 1954 ornandam
1054 1897 1083 1953 et
1096 1891 1306 1972 expoliendum
1321 1893 1419 1954 utiles.

507 1997 543 2054 2⁰
562 1992 687 2054 Diuitias
697 2007 808 2068 augere
820 1997 866 2052 est
877 2007 970 2054 novas
984 1993 1133 2071 ejusmodi
1147 2008 1194 2052 res
1208 1991 1300 2053 utiles
1314 1992 1474 2072 produoere.

508 2093 540 2154 3·
562 2095 621 2152 lies
636 2090 731 2152 nulle
749 2089 834 2150 utilis
855 2089 893 2150 ab
913 2089 1092 2152 hominibus
1105 2090 1290 2168 producitur,
1313 2092 1371 2151 nisi
1396 2107 1442 2168 spe
1459 2088 1513 2148 olli·

467 2193 560 2254 uendi
570 2209 606 2251 ex
616 2191 740 2252 adverso
751 2190 827 2250 alies
839 2205 888 2252 res
903 2189 939 2250 ad
953 2191 1066 2251 vietum
1078 2190 1254 2266 uultumque
1269 2191 1371 2251 utiles.

506 2292 542 2352 t·
563 2292 632 2355 llaec
644 2290 949 2368 oompensatioquam
969 2306 1023 2369 pro
1036 2289 1127 2350 rebare
1148 2305 1166 2350 a
1186 2305 1218 2350 se
1232 2289 1383 2368 productis
1403 2295 1449 2348 aut
1463 2305 1515 2368 pos·
1571 2277 1572 2328 t

467 2392 558 2454 sessis
569 2378 719 2466 homines,
734 2388 808 2449 dum
829 2404 880 2449 eas
901 2387 985 2448 elteri
1006 2388 1127 2465 cedunt,
1152 2405 1269 2468 semper
1286 2395 1453 2468 exposcunt,
1471 2401 1514 2445 uon

468 2496 514 2552 est
526 2490 645 2569 proprie
658 2487 859 2566 psmrnie,sed
873 2495 945 2549 sunt
965 2487 1100 2571 aliaelres
1121 2489 1155 2549 ed
1174 2489 1287 2549 victum
1302 2489 1468 2564 cultumque
1480 2501 1516 2564 per
1571 2457 1572 2496 ¹

468 2607 501 2650 se
511 2588 615 2663 utiles,
625 2588 664 2647 eb
675 2586 744 2647 11111
757 2587 934 2648 hominibus
948 2587 1108 2666 productae.

511 2689 544 2746 5⁰
562 2687 661 2758 Quare
674 2685 803 2764 pseunia
816 2701 877 2746 non
897 2683 1020 2765 divitis,
1033 2686 1087 2747 sed
1101 2685 1275 2748 divitiarum
1289 2677 1457 2748 vehiculum
1471 2691 1517 2742 tau·

472 2784 627 2849 tummodo
640 2791 695 2847 est.

510 2889 544 2947 6⁶
564 2886 609 2948 sd
629 2890 717 2947 sertas
738 2884 867 2963 alieuius
894 2885 1033 2945 utilitatis
1058 2888 1286 2965 productionem
1313 2883 1515 2967 promovendam

471 3002 592 3050 neeesse
603 2992 650 3047 est
659 2985 752 3047 etism
765 2999 889 3062 quoque
900 2986 1139 3063 productionem,
1154 3001 1214 3062 qua
1227 2988 1311 3066 prior
1325 2987 1378 3047 illa
1391 2982 1517 3048 commuto

471 3087 657 3166 oompenseri
669 3085 773 3163 possit,
789 3085 927 3145 excitare.

512 3188 544 3249 7ο
555 3188 622 3259 Quo
631 3185 728 3260 magis
741 3183 979 3263 multiplicentur
990 3184 1022 3245 irr
1046 3188 1128 3247 vario
1149 3204 1249 3248 rerum
1267 3204 1377 3264 genere
1390 3184 1517 3265 producto·

473 3300 532 3361 res,
547 3283 708 3345 eoteoilior
719 3284 868 3360 cujusque
883 3284 991 3344 merois
1006 3284 1139 3345 venditio
1153 3284 1187 3345 tit
1203 3300 1211 3345 :
1238 3292 1352 3346 constat
1366 3284 1393 3344 id
1409 3300 1440 3344 er
1460 3296 1485 3341 n.
1495 3278 1517 3337 d

473 3380 569 3459 hujus
580 3379 740 3443 eorollsrii,
934 3388 937 3395 ·

516 3484 547 3543 8·
559 3483 637 3557 Ergo
655 3480 769 3558 singuli
784 3482 816 3540 in
835 3482 941 3557 quavis
962 3488 1024 3543 arte
1039 3482 1229 3561 productores
1245 3485 1284 3545 ite
1298 3493 1369 3547 sunt
1382 3480 1518 3546 1111111111

475 3581 640 3655 eonstituti,
661 3586 696 3640 ut
712 3596 819 3641 eorum
835 3596 958 3658 quoque
982 3583 1101 3643 intersit
1118 3600 1240 3663 prosper
1259 3586 1395 3646 onmium
1418 3584 1518 3644 aliarum

476 3678 867 3758 artiumetproduetionum
882 3696 1047 3743 successus.
1571 3692 1572 3719 ¹

516 3779 550 3838 9·
561 3778 705 3840 lleroium
723 3784 915 3843 externarum
931 3781 1101 3859 importatis
1116 3784 1309 3844 commodum
1324 3782 1449 3845 vicissim
1459 3790 1519 3837 mer·

477 3872 564 3940 sibus
576 3876 779 3941 nationelibus
794 3876 909 3939 exitum
924 3880 1070 3960 reoludit3
1085 3898 1119 3943 ao
1133 3884 1256 3961 proinde
1272 3884 1310 3943 ad
1324 3876 1520 3945 commonebo

477 3994 553 4039 num
565 3979 597 4040 in
611 3978 694 4039 omni
707 3978 846 4041 societate
856 3980 985 4058 pertinet
997 3988 1186 4043 externarum
1208 3983 1435 4063 productionum
1448 3984 1517 4040 11111
1571 4016 1572 4023 1

478 4077 705 4139 menstruorum
718 4094 870 4141 eeoessunr
884 4087 915 4140 et
927 4082 1086 4143 commode
1101 4084 1279 4145 commercia
1292 4082 1427 4163 prebere.

520 4180 773 4258 rodonnesio,
787 4196 865 4257 pura
874 4182 1022 4243 moreium
1035 4186 1233 4262 oonsumptio,
1246 4184 1389 4245 nimirum
1398 4182 1432 4243 ad
1441 4181 1519 4241 tumn

476 4276 780 4349 tantummodum,
794 4280 843 4339 oui
853 4280 940 4341 nulle
953 4282 1129 4362 respondeat
1138 4284 1326 4362 reproduetio
1335 4302 1393 4361 qua
1406 4281 1451 4342 illa
1461 4290 1519 4338 eou-

479 4378 599 4458 peoseri
612 4378 716 4456 possit,
730 4391 779 4436 rss
793 4382 913 4439 estnon
928 4381 1030 4441 miuus
1045 4381 1170 4459 integris
1185 4384 1367 4461 nationibus,
1382 4395 1464 4459 quam
1476 4365 1530 4433 sil-¹

481 4476 561 4553 gulis
573 4476 697 4554 privatis
713 4474 890 4553 perniciose.

494 4628 499 4633 .
521 4576 571 4635 11·
583 4573 695 4634 Caritas
708 4573 854 4635 moreium
867 4574 988 4638 divitias
1001 4578 1086 4641 affert
1099 4582 1136 4643 iis
1150 4586 1272 4661 privatis
1285 4584 1336 4661 qui
1352 4582 1455 4659 copiam
1467 4571 1519 4633 illa·

477 4690 547 4735 rum
558 4671 731 4753 possident;
744 4678 775 4735 et
786 4689 981 4753 nequaquem
994 4680 1141 4741 societatis
1155 4686 1304 4746 uniuersae
1320 4682 1430 4743 divitias
1440 4672 1516 4747 eriget.
