3559 5675
463 788 523 851 ato
869 796 949 841 attere
969 794 1127 841 barbatus

461 914 495 973 in
519 910 683 990 principem
707 910 930 967 convertuntur.
960 906 1053 981 igitur
1077 906 1108 963 in
1131 903 1162 961 ri
1187 900 1310 961 militari
1334 896 1511 960 constituenda

460 1008 568 1071 sedulo
586 1004 857 1068 animaduertenda
880 1010 951 1064 suut
970 1020 1075 1063 omnes
1090 1003 1148 1062 illae
1162 999 1405 1069 circumstantiae,
1419 1015 1476 1074 qua
1488 998 1510 1055 in

459 1118 591 1189 quatuor
610 1107 670 1167 ibis
693 1106 819 1187 publicae
832 1106 878 1165 sis
891 1103 1047 1165 elementis
1068 1120 1168 1179 aquas
1189 1110 1319 1167 euertere
1337 1100 1512 1179 proportiones

461 1214 597 1288 possunt.
613 1207 771 1268 Neminem
791 1209 895 1263 autem
909 1200 979 1261 latet
994 1202 1025 1259 in
1041 1200 1089 1259 bis
1104 1199 1344 1278 proportionibus
1358 1197 1445 1272 equis
1461 1212 1513 1272 per-

458 1310 616 1371 fectionem
630 1307 748 1369 socialis
769 1303 991 1365 constitutionis
1014 1302 1140 1379 positam
1162 1318 1238 1375 esse,
1254 1298 1293 1359 ab
1307 1298 1401 1374 iisque
1420 1296 1524 1385 felicem

458 1410 605 1471 societatis
617 1407 860 1488 progressionem
873 1400 1013 1483 pendere.

865 1626 1072 1687 anttcntt's
1093 1627 1130 1685 ΙΙ.

539 1814 582 1874 De
596 1808 747 1870 recedisset!
759 1808 818 1869 eim
830 1780 981 1889 publicana
997 1816 1072 1869 recte
1084 1806 1317 1873 corretc'trreicdem
1334 1806 1452 1868 idoneis.

498 2003 587 2061 1129.
611 2003 680 2059 Pes.
704 1998 839 2058 556⁸..-
858 1998 908 2056 t'is
928 1997 1049 2076 publica
1070 2014 1201 2073 congruo
1227 2000 1393 2076 prasertim
1415 2014 1517 2057 numero

457 2098 602 2168 militum,
614 2098 662 2159 vel
682 2097 763 2157 ultro
775 2096 825 2157 vel
844 2104 941 2157 coacte
959 2096 995 2156 ad
1010 2096 1120 2157 vexilla
1134 2098 1519 2173 convenientium,comn1u·

458 2200 569 2261 nienda
581 2206 638 2259 est.
1470 2206 1473 2213 '

496 2302 589 2361 Pron
602 2332 641 2343 -
653 2300 746 2359 Tanto
762 2299 809 2359 vis
827 2296 948 2376 publica
968 2298 1128 2375 perfectius
1146 2306 1192 2359 est
1209 2299 1360 2375 ordinata,
1381 2298 1518 2377 quantoat

456 2397 611 2462 obstacula
630 2396 800 2477 superanda
818 2396 945 2456 ualidior
957 2402 1012 2456 est.
1029 2398 1120 2474 Atqui
1138 2398 1185 2458 ris
1197 2398 1328 2478 publicae
1345 2398 1461 2459 robura
1477 2412 1521 2456 nu-

455 2518 539 2561 mero
552 2492 699 2574 militum,
709 2498 761 2575 qui
769 2502 842 2556 sunt
850 2497 945 2572 hujus
958 2498 1003 2556 vis
1014 2498 1262 2568 instrumentum,
1275 2500 1409 2559 maxime
1422 2497 1520 2577 pende.

455 2600 533 2673 argo
553 2600 584 2657 in
606 2598 636 2656 vi
658 2596 780 2674 publica
799 2594 1007 2655 constituenda
1029 2613 1064 2655 eo
1083 2598 1217 2675 primum
1239 2598 1362 2659 socialis
1386 2598 1521 2658 auctoritas
1581 2612 1582 2669 g

456 2704 589 2775 spectare
606 2694 706 2769 debet,
726 2700 760 2754 ut
776 2710 868 2770 quarn
882 2695 1014 2754 maximo
1026 2694 1091 2755 fieri
1105 2699 1199 2775 possit
1213 2704 1401 2758 armatorum
1417 2712 1522 2757 numero

458 2796 511 2856 ilia
525 2802 648 2857 constet.
1581 2834 1582 2888 p

495 2897 632 2956 lamsero
652 2895 787 2955 militum
807 2911 955 2955 numerus
975 2894 1089 2974 duplici
1111 2897 1226 2958 ratione
1240 2900 1348 2974 augeri
1373 2903 1521 2978 potestant
1581 2895 1582 2948 i

452 2999 580 3075 juvenes
601 2995 772 3071 alliciendo,
784 2996 838 3075 qni
857 2996 939 3055 ultro
960 2995 996 3055 ad
1015 2995 1162 3074 stipendia
1184 2998 1331 3058 merenda
1351 3001 1522 3060 conveniant.

456 3103 509 3156 aut
521 3099 600 3158 cives
613 3096 766 3174 quoslibet
783 3095 832 3156 sel
854 3096 965 3155 inritos
988 3097 1212 3157 conscribendo.
1232 3097 1366 3160 Evidens
1386 3107 1478 3159 autem
1491 3103 1522 3154 est

457 3197 658 3258 voluntariam
678 3196 766 3256 illam
786 3194 921 3256 militum
944 3197 1194 3275 conscriptionem
1217 3205 1326 3259 coactae
1340 3199 1429 3276 lenge
1443 3197 1524 3278 prafe-

459 3297 584 3358 rendam
596 3313 672 3356 esse.
686 3299 735 3370 bt,
745 3297 802 3356 ubi
816 3296 879 3356 bac
893 3295 1075 3355 sufficientes
1088 3303 1272 3357 armatonrm
1284 3300 1386 3378 copias
1406 3315 1462 3358 nou
1474 3313 1524 3356 aru-
1581 3311 1582 3360 ὲ

459 3395 541 3476 ptine
559 3395 737 3473 suppeditet,
759 3396 902 3471 quoniam
924 3395 970 3454 vis
984 3394 1106 3472 publica
1128 3395 1187 3472 ipsi
1210 3395 1369 3457 societatis
1383 3397 1524 3458 existentia
1581 3407 1582 3460 t

460 3495 625 3553 necessaria
649 3498 706 3566 est,
728 3504 791 3552 non
813 3493 912 3553 solum
934 3497 1005 3571 jure
1031 3489 1147 3552 socialis
1173 3497 1338 3556 auctoritas
1365 3496 1464 3576 pollet,
1482 3483 1523 3553 ¹set

461 3593 562 3653 stricto
573 3593 663 3652 etiam
674 3591 772 3653 officio
784 3599 912 3672 tenetur,
925 3593 1004 3654 cives
1015 3593 1051 3652 ed
1064 3592 1205 3654 militiam
1221 3595 1268 3654 sel
1280 3597 1391 3657 insitos
1403 3593 1523 3671 eugenti:
1581 3593 1582 3660 i

460 3693 533 3771 quia
548 3693 633 3751 riutta
652 3699 723 3753 tune
738 3693 799 3753 alia
819 3695 896 3754 ratio
916 3699 973 3768 est,
987 3709 1048 3770 qua
1069 3693 1244 3774 praesidium
1266 3697 1403 3756 societati
1424 3707 1525 3774 prorsus
1581 3673 1582 3728 Ψ

460 3792 662 3852 necessarium
682 3797 880 3871 comparetur.
897 3793 976 3868 Ergo
997 3793 1116 3852 socialis
1139 3795 1298 3854 atrctoritas
1319 3795 1410 3855 debet
1425 3793 1452 3854 t·
1469 3807 1525 3852 cou-
1581 3861 1582 3864 Ἴ

461 3907 551 3967 gruas
578 3899 762 3951 armatorum
790 3891 889 3969 copias
916 3890 953 3950 ad
979 3891 1147 3952 societatem
1177 3893 1317 3954 tuendam
1346 3895 1380 3955 in
1408 3898 1525 3975 promptu
1581 3873 1582 3920 3

461 4006 578 4069 semper
591 3991 721 4062 babere;
737 3995 769 4050 2·
783 3989 825 4049 ad'
835 3989 891 4048 bas
904 3991 1003 4068 copias
1016 3987 1203 4068 obtinerriias,
1220 3995 1244 4052 si
1265 3995 1437 4056 voluntaria
1456 4007 1525 4053 cons·
1581 4033 1582 4052 r

459 4093 564 4170 eriptio
576 4090 716 4166 sufficiat,
734 4089 798 4149 hac
817 4105 890 4148 sane
914 4085 1098 4167 pracferenda
1122 4099 1183 4169 cst;
1206 4093 1273 4154 3⁶si
1296 4094 1464 4154 voluntaria
1478 4103 1525 4150 nen

461 4191 598 4260 sufficiat,
614 4188 710 4250 coacta
721 4191 832 4248 cicinni
846 4190 1063 4266 conscriptione
1078 4192 1235 4254 utendum.

501 4291 591 4351 1130.
605 4289 736 4349 Corone.
752 4289 782 4346 t.
796 4317 838 4332 -
851 4285 1025 4348 Voluntaria
1039 4290 1173 4351 militum
1190 4289 1372 4372 conscriptio
1385 4293 1434 4353 bis
1449 4291 1524 4370 potis

462 4391 575 4450 simum
600 4387 717 4462 tegibus
740 4387 927 4464 subjicienda
949 4394 1004 4460 est,
1024 4393 1098 4466 'qua
1123 4390 1160 4450 ad
1184 4393 1353 4452 societatem
1378 4389 1525 4470 quamlibet

461 4488 661 4550 voluntariam
673 4486 841 4564 pertinent:
1214 4505 1217 4508 ·

503 4592 533 4645 1·
544 4585 678 4644 Libertas
691 4583 824 4644 bominis
834 4587 1039 4648 conscribendi
1051 4612 1059 4661 ;
1073 4597 1279 4670 contraquam
1293 4593 1452 4670 peccabant
1465 4588 1523 4648 elin

461 4686 514 4764 qui
527 4683 737 4744 filiasfamilias
751 4687 895 4762 minores,
920 4697 972 4748 aut
990 4689 1135 4766 famulos,
1150 4699 1280 4771 paterne
1299 4699 1351 4754 aut
1372 4690 1457 4752 herili
1469 4703 1525 4749 aur·

463 4784 570 4845 toritati
585 4775 739 4859 obscenos}
755 4785 790 4846 acl
805 4785 966 4849 militarem
978 4793 1227 4870 conscriptionem
1244 4793 1426 4855 alliciebant.
