3559 5675
458 710 518 774 stt
866 724 945 769 ansts
966 724 1127 771 strenuis

460 836 540 897 Deus
554 833 694 909 decrevit,
709 830 766 892 lios
775 830 916 893 homines
923 848 1091 911 eorumque
1101 848 1256 894 sermones
1269 830 1444 893 mirabilibus
1453 828 1503 907 qui·

459 930 700 1010 busdam'signis
716 950 752 993 ac
772 934 917 1012 portentis
937 930 1116 1009 circumdat,
1134 950 1201 1012 quas
1224 932 1318 995 divini
1341 932 1460 995 mandati
1480 947 1506 991 ae

458 1034 569 1095 muna
590 1032 773 1094 auctoritatis
796 1032 859 1092 sint
885 1032 1045 1093 manifesta
1065 1032 1255 1094 documenta.
1282 1031 1315 1093 td
1329 1048 1397 1093 rero
1416 1030 1507 1093 estbt·

459 1150 557 1195 mana
572 1133 683 1195 mentis
704 1129 902 1193 imbecillitati
920 1149 1066 1211 perquam
1088 1134 1303 1195 nodomarium.
1327 1135 1422 1209 Neque
1444 1133 1508 1192 endu

460 1251 622 1315 possurmu
635 1234 771 1294 divinam
779 1230 921 1293 doctrine
933 1232 1064 1311 alicujus
1076 1233 1231 1293 veritatem
1246 1250 1309 1295 una
1320 1231 1401 1293 illius
1414 1233 1508 1292 interna

459 1334 709 1413 pervestigatione
719 1346 912 1411 pernoscere;
934 1337 976 1407 et,
997 1339 1231 1411 quantacunque
1244 1334 1314 1410 ejus
1335 1331 1508 1393 doctrinali·

460 1433 559 1511 gnitas
570 1439 601 1494 et
614 1432 753 1493 sanctitas
768 1432 933 1507 unicuique
955 1438 1092 1493 nostrum
1107 1448 1171 1493 esse
1184 1430 1333 1504 rideatur,
1347 1446 1438 1509 quum
1446 1430 1510 1490 taol-

461 1532 535 1594 lime
554 1532 699 1594 humanis
708 1529 835 1608 judiciis
856 1546 973 1591 errores
986 1532 1087 1593 omnis
1100 1531 1219 1609 generis
1232 1532 1406 1610 subrepant,
1419 1546 1512 1608 semper

462 1632 738 1713 amplissimuserit
752 1630 837 1691 locus
849 1629 1022 1707 dubitandi,
1035 1647 1111 1692 num
1125 1648 1161 1691 es
1171 1630 1304 1707 denique
1319 1646 1388 1693 sera
1400 1630 1445 1702 sit,
1455 1644 1512 1688 nun

462 1734 559 1794 alteo
574 1732 694 1808 tradita,
715 1747 792 1792 num
810 1730 849 1791 ab
868 1729 1011 1791 omuibus
1029 1731 1197 1791 necessario
1209 1729 1395 1809 accipienda,
1409 1730 1461 1789 nisi
1476 1744 1514 1788 cr-

462 1840 548 1895 terna
561 1833 725 1909 signaque
743 1829 924 1910 prudentem
940 1829 1059 1891 nullam
1072 1830 1245 1910 ambigendi
1257 1836 1431 1909 potestatem
1441 1829 1514 1889 relin-

463 1938 572 2011 quant,
586 1930 623 1992 ad
638 1946 707 1991 eam
719 1929 959 1991 confirmandam
973 1936 1165 1992 concurrant.
1183 1930 1284 2003 Quare
1296 1946 1359 1991 non
1373 1928 1454 1990 modo
1473 1930 1514 1987 in·

463 2030 744 2111 prudentissimum,
760 2028 814 2090 sed
827 2031 918 2091 stiam
944 2030 1109 2111 impictatis
1122 2028 1214 2091 affine
1227 2036 1309 2091 esset
1327 2026 1514 2091 doctrinanab

463 2130 588 2192 homine
602 2130 745 2208 quopiam
759 2130 955 2208 propositam,
979 2130 1046 2191 sins
1074 2129 1140 2191 alla
1162 2130 1315 2207 ejusmodi
1345 2134 1423 2190 certa
1442 2126 1514 2187 divini

464 2229 598 2292 mandati
629 2227 851 2304 testificatione,
875 2235 1031 2307 tamquam
1059 2228 1193 2289 divinem
1218 2229 1381 2308 suscipere.
1405 2228 1515 2288 tamrero

464 2329 735 2410 protestandsmus,
755 2344 853 2406 quum
875 2336 946 2389 ante
972 2328 1028 2389 tria
1048 2328 1150 2389 secula
1173 2330 1263 2407 ooepit
1278 2328 1442 2409 Scripturas
1453 2324 1516 2385 aliter

466 2428 654 2509 interpretari
665 2443 755 2505 quam
773 2426 929 2489 chrisum
944 2444 1050 2489 omnes
1064 2434 1137 2489 tunc
1153 2428 1298 2508 temporis
1318 2428 1517 2505 interpretarer

466 2538 529 2604 tur,
543 2528 690 2589 divinitus
700 2544 733 2589 se
745 2528 875 2589 missum
885 2526 1029 2604 gloriatus
1046 2527 1084 2589 ad
1104 2544 1245 2589 romanos
1259 2544 1377 2589 errores
1387 2525 1517 2607 profligan·

466 2628 700 2705 dos,quodnam
713 2627 834 2687 taudem
856 2627 951 2687 divini
973 2626 1107 2687 mandati
1128 2627 1298 2705 divineque
1323 2625 1517 2708 approbationis

467 2725 675 2789 testimonium
699 2741 754 2805 pro
772 2725 837 2786 suis
860 2723 1005 2787 doctrinis
1032 2722 1130 2785 attulit
1146 2724 1195 2787 rel
1220 2724 1323 2788 adbuc
1346 2723 1448 2786 adest
1473 2722 1517 2782 llas

466 2845 529 2890 una
539 2826 671 2928 absurda
688 2826 837 2888 sententia
848 2824 1033 2888 concludunt
1047 2826 1163 2902 omnia,
1177 2826 1234 2888 bae
1247 2843 1312 2888 uua
1323 2828 1435 2888 ratione
1456 2824 1518 2900 inep

466 2927 582 2989 tissima
605 2928 725 3005 sperant
749 2925 807 2985 sibi
829 2924 990 2986 bominum
1008 2931 1126 2987 mentes
1147 2943 1213 2987 esse
1236 2923 1440 3004 subigendas:
1458 2943 1471 2980 ι
1490 2923 1518 2980 ia

467 3044 523 3090 nos
555 3026 725 3100 sentimus3
744 3025 823 3086 hauc
848 3041 949 3086 reram
969 3026 1243 3106 interpretationem
1270 3026 1439 3100 oredimus;
1461 3023 1518 3082 hanc

467 3143 563 3188 unam
572 3141 638 3188 esse
651 3125 763 3187 Christi
785 3124 952 3186 doctrinam
984 3123 1212 3188 affirmamus».
1239 3127 1422 3186 putamusne
1445 3121 1518 3182 ullm

467 3225 551 3286 aliud
565 3241 652 3304 posse
665 3224 880 3300 inhumanam
894 3229 1025 3284 mentem
1040 3225 1137 3302 magis
1155 3223 1275 3286 fatuum
1292 3223 1449 3286 consilinm
1466 3219 1519 3281 inci-

469 3324 562 3384 derat
580 3344 595 3382 a
611 3322 741 3384 Ridiculi
762 3321 981 3402 (protestantes)
1007 3329 1080 3384 sunt
1092 3324 1146 3400 qui
1165 3323 1339 3404 postulent,
1354 3331 1388 3385 ut
1409 3322 1473 3403 ipris
1487 3335 1519 3378 sa·

469 3439 535 3482 cras
552 3422 665 3484 litteras
679 3422 957 3502 interpretantibus,
968 3439 1002 3484 ao
1016 3439 1093 3484 noro
1104 3423 1229 3500 quidem
1252 3424 1443 3501 mirabilique
1458 3433 1518 3481 mort

468 3523 744 3601 interpretantibus,
755 3528 834 3583 certa
850 3521 925 3582 tides
936 3521 1093 3584 habeatur.
1106 3525 1170 3585 Non
1188 3529 1233 3584 est
1252 3523 1402 3586 creditum
1418 3521 1518 3600 Aposto-

469 3620 520 3696 lis,
536 3626 570 3680 ut
581 3619 661 3681 salse
676 3620 753 3681 ridet
769 3623 926 3696 Erasmus,
939 3619 1033 3682 donec
1045 3620 1142 3682 multa
1164 3637 1337 3700 magnaque
1351 3613 1518 3682 miraculad

469 3720 538 3782 dem
551 3719 771 3782 adstruxisscut
791 3721 933 3782 doctrine
943 3743 952 3798 ς
963 3728 993 3783 et
1006 3737 1089 3784 nuno
1103 3719 1231 3800 quilibet
1241 3723 1298 3784 sibi
1313 3721 1440 3802 postulat
1449 3713 1517 3786 orodi,
1574 3715 1575 3720 ’

470 3821 551 3900 quod
564 3819 695 3881 affirmet
707 3819 860 3882 sehsbere
879 3819 1021 3900 spiritum
1033 3822 1247 3900 intelligentias,
1258 3840 1358 3901 quum
1380 3819 1474 3882 nullus
1485 3829 1518 3874 et·

469 3938 540 3982 rum
555 3927 705 3982 tamenne
718 3938 833 3999 equum
847 3921 1124 3999 quidemclaudum
1139 3939 1246 3984 sanare
1258 3925 1386 4004 potuerit
1400 3943 1414 3980 r
1430 3919 1473 3998 (u).

511 4024 543 4083 8⁰
553 4023 619 4083 don
635 4021 739 4081 miuus
755 4020 903 4082 ridiculus
913 4027 958 4084 est
969 4023 1022 4100 qui
1036 4024 1069 4084 in
1090 4023 1197 4084 morali
1208 4023 1376 4088 stultorum
1388 4019 1518 4083 bominum

471 4137 594 4200 corpore
607 4136 714 4182 omnes
733 4122 829 4184 socios
844 4120 909 4182 rult
922 4139 987 4183 esse
1000 4123 1111 4202 pariter
1121 4123 1257 4186 doctores
1270 4130 1301 4185 et
1309 4124 1436 4202 judices,
1448 4127 1516 4196 quau

472 4223 526 4299 qui
540 4222 573 4280 in
587 4219 725 4281 humano
733 4236 857 4301 corpore
867 4220 993 4300 physico
1002 4221 1095 4284 vellet
1107 4224 1211 4288 omnia
1219 4215 1516 4286 membracsseocultt·

472 4318 564 4395 Atqui
586 4318 643 4379 hoc
664 4317 960 4382 alterumeridenter
984 4324 1244 4402 protestandsmus
1266 4324 1406 4386 deceruit.
1420 4316 1516 4382 Nullum

472 4417 555 4478 enim
570 4417 635 4478 vult
648 4417 682 4477 in
693 4418 826 4480 Ecclesia
838 4437 905 4482 csse
916 4420 1066 4484 doctorem
1079 4429 1107 4482 ct
1121 4428 1326 4502 interpretem,
1341 4423 1389 4485 cui
1402 4416 1516 4482 ltomitttt

430 4594 434 4603 .
472 4517 657 4580 commiserit
677 4533 793 4581 munus
812 4519 984 4584 christiane
1002 4521 1144 4588 doctrina
1166 4523 1307 4586 fidelibus
1325 4522 1431 4586 catanis
1452 4525 1515 4593 “ll

503 4732 541 4796 (α’
555 4728 643 4782 ltelclr.
654 4729 727 4794 Cim,
742 4729 788 4783 loc.
803 4733 845 4786 cit.
863 4735 908 4790 llb.
924 4741 1011 4804 t,sap.
1034 4740 1057 4790 2.
