3559 5675
433 694 493 766 tae
838 713 918 764 tusis
939 714 1100 761 seruulus

432 831 498 877 rem
515 830 633 900 semper
653 818 782 897 gradum
802 820 936 897 acquirat
955 818 1228 901 perfectionisque
1242 823 1344 907 majus
1364 821 1516 886 sociorum

433 918 661 982 necessitatibus
673 926 702 981 et
715 918 879 980 commodis
894 918 1065 981 subsidium
1084 918 1190 988 afferre
1204 922 1306 1009 possit.
1329 922 1412 986 llude
1430 923 1517 988 intel-

436 1017 540 1093 ligitur
558 1018 725 1084 universim
738 1034 847 1095 magua
860 1018 978 1078 cautela
993 1018 1138 1079 utendum
1153 1036 1217 1089 esse
1233 1020 1264 1079 in
1277 1018 1396 1097 legibus
1413 1038 1515 1081 mora-

433 1116 515 1177 libus
527 1116 674 1194 soeietatis
686 1117 908 1199 aequiparandis
921 1116 958 1179 ad
973 1117 1053 1193 leges
1065 1118 1193 1195 morales
1211 1118 1372 1183 individui.

475 1220 604 1279 (lenone.
627 1219 658 1276 2.
680 1249 720 1261 -
738 1217 1043 1295 Animadvertendum
1066 1224 1122 1294 est,
1143 1218 1179 1277 ad
1206 1217 1354 1295 equalem
1375 1220 1517 1284 oninium

435 1318 629 1388 scientiarum
652 1323 742 1393 atque
762 1318 873 1385 artium
894 1334 1086 1397 progressum
1109 1308 1305 1385 obtinendum
1324 1334 1517 1398 nequaquam
1606 1306 1607 1341 ³

435 1414 561 1493 aqualia
577 1414 709 1476 subsidia
719 1433 784 1477 esse
796 1414 976 1475 adhibenda.
994 1416 1206 1477 llivetsaenim
1219 1424 1265 1477 est
1281 1416 1410 1477 alienun
1426 1424 1517 1495 amne

435 1516 563 1577 aliamm
582 1516 743 1575 necessitas
765 1521 855 1593 atque
875 1514 1008 1590 utilitas3
1027 1514 1144 1576 diversa
1163 1522 1236 1583 sunt
1254 1516 1426 1589 obstacula,
1447 1533 1517 1601 que

435 1616 564 1676 aliarum
585 1623 675 1691 atque
694 1614 824 1673 aliarum
848 1616 1049 1691 progressioni
1072 1615 1233 1676 obsistunt.
1258 1616 1356 1687 Quare
1380 1616 1519 1675 subsidia
1606 1678 1607 1701 2

436 1714 488 1776 illa
496 1714 606 1775 debent
620 1731 654 1773 er
669 1730 757 1791 aqu-s
769 1714 959 1803 proportione
974 1715 1212 1775 commensurari
1231 1720 1261 1773 1⁰
1282 1715 1403 1780 utilitati
1420 1716 1519 1775 t'acnl·
1606 1736 1607 1747 ¹

436 1812 504 1875 tatis
522 1812 747 1893 promovende,
769 1812 832 1873 haee
846 1818 948 1875 autem
968 1813 1082 1873 utilitas
1104 1812 1232 1891 intelligi
1248 1812 1410 1879 debelnou
1429 1830 1446 1875 e
1468 1832 1517 1875 sc-
1606 1804 1607 1869 ᾗ

437 1914 554 1974 ciorum
577 1912 786 1986 oblectatione,
806 1912 857 1972 sed
872 1929 889 1972 a
903 1912 1083 1991 perfectione
1103 1912 1205 1973 sociali
1223 1913 1362 1995 superius
1384 1931 1403 1973 a
1428 1913 1517 1973 nobis

436 2012 584 2089 descripta
603 2013 685 2089 (897)
708 2028 800 2091 quam
824 2010 876 2071 illa
895 2009 1016 2089 aiterum
1040 2014 1073 2071 2⁰
1091 2012 1263 2085 obstaculis,
1284 2028 1351 2091 quse
1365 2014 1518 2091 cujusque

440 2127 631 2192 progressum
655 2111 816 2188 retardant,
829 2118 892 2171 tum
911 2111 948 2171 cb
972 2107 1247 2189 experimentorum
1261 2128 1295 2171 ee
1317 2112 1520 2181 tentaminuru

438 2211 705 2291 multiplicitatem,
720 2220 786 2273 turn
796 2212 834 2273 ob
853 2210 1020 2271 multarum
1036 2212 1147 2271 virium
1160 2212 1361 2273 neeessrriam
1376 2214 1518 2288 coniunc-

437 2313 562 2384 tionem,
580 2318 644 2372 tum
657 2313 696 2372 oti
714 2313 856 2389 temporis
868 2311 1097 2372 diuturnitatem
1110 2318 1139 2371 et
1152 2318 1291 2391 sumplus
1311 2311 1450 2387 ingentes
1465 2313 1519 2389 qui

436 2412 473 2476 ad
495 2414 682 2498 cunctosin
701 2414 907 2492 requirantur?
928 2412 1163 2491 ementisque
1182 2412 1305 2475 societas
1326 2413 1355 2473 in
1376 2418 1518 2493 promptu

438 2515 554 2575 habeat.
578 2515 708 2584 Etenim,
725 2530 826 2573 rernm
847 2514 932 2591 copia
950 2513 1105 2588 effluente,
1128 2518 1253 2601 possunt
1277 2510 1342 2574 fieri
1362 2518 1517 2592 sumptus,

438 2614 537 2693 quiet
555 2612 761 2693 imprudentes
780 2620 809 2672 et
822 2613 927 2691 injusti
952 2614 984 2673 iu
999 2612 1118 2693 publica
1136 2617 1265 2689 egestate
1284 2616 1404 2685 esseut;
1421 2611 1520 2692 injus-

441 2720 505 2773 tum
533 2729 664 2789 nemque
688 2720 732 2773 est
761 2713 926 2777 necessitati
950 2714 1123 2793 aliquorum
1147 2729 1257 2789 negare
1282 2710 1363 2791 quod,
1386 2712 1519 2779 aliorum
1606 2794 1607 2797 Ἴ

440 2813 524 2874 lturti
539 2812 722 2876 conceditur.

479 2911 550 2974 ool.
579 2916 646 2974 t‘os.
668 2912 751 2975 437¹.
773 2943 812 2958 -
835 2912 1054 2984 Eleutentarem
1078 2911 1295 2973 iustitutionem
1318 2911 1465 2974 omuibus
1492 2917 1521 2970 et

439 3013 567 3091 siugulis
588 3015 686 3089 sciis,
711 3019 741 3071 at
758 3013 879 3074 altiores
899 3011 1072 3090 disciplinas
1099 3013 1287 3090 paucioribus
1308 3009 1520 3080 teritummodo

440 3114 562 3192 iugenio
575 3113 782 3193 prestantibus
796 3114 920 3194 societas
932 3111 1071 3172 exhibere
1086 3109 1183 3172 debet.
1606 3189 1607 3192 Ἴ

483 3218 564 3275 l‘uou
593 3210 624 3270 l·
642 3227 728 3274 esus.
750 3246 784 3255 -
801 3213 878 3273 Sunt
890 3213 1085 3274 elementares
1104 3212 1241 3294 quaedem
1257 3211 1436 3298 disciplinas,
1451 3229 1520 3290 quse

441 3330 559 3394 semper
575 3312 718 3372 omuibus
740 3313 827 3372 sociis
847 3313 990 3392 perutiles
1011 3329 1063 3392 per
1085 3329 1116 3372 se
1133 3329 1166 3371 ac
1189 3325 1266 3393 sepe
1290 3312 1478 3382 necessarie,
1494 3321 1522 3376 et
1606 3371 1607 3378 ,

441 3418 581 3492 perceptu
598 3410 723 3470 minime
741 3409 878 3471 difficiles
891 3419 973 3486 sunt,
994 3417 1029 3470 ut
1049 3417 1126 3474 recte
1144 3411 1240 3488 loqui,
1255 3418 1321 3490 apte
1335 3412 1447 3486 legere,
1459 3428 1522 3470 ccr-

441 3515 520 3570 recte
533 3510 672 3584 scribere,
687 3526 829 3572 nurnercs
842 3510 928 3571 lacile
941 3517 1113 3598 supputare,
1122 3517 1150 3570 et
1163 3509 1349 3591 hujusmodi.
1359 3510 1532 3586 Ergolratrc·
1606 3579 1607 3586 ἵ

444 3608 656 3669 elementarem
677 3610 832 3670 scientiam
845 3609 933 3671 debet
953 3593 1077 3671 societas
1097 3611 1238 3672 omnibus
1257 3609 1521 3671 indiscriminatim

444 3706 532 3770 sociis
546 3707 747 3787 suppeditare.
764 3713 889 3782 Possunt
903 3711 1028 3789 quidem
1045 3717 1073 3770 et
1087 3710 1142 3772 hcc
1156 3709 1221 3789 ipsa
1235 3709 1408 3770 elementari
1424 3707 1522 3771 erudi·

446 3809 527 3869 tione
547 3810 641 3888 aliqui
670 3808 753 3870 abuti
777 3824 786 3868 ε
806 3816 836 3870 at
857 3825 918 3870 uon
940 3809 1048 3871 idcirco
1069 3817 1129 3870 tam
1148 3825 1260 3886 magna
1282 3807 1364 3886 illius
1387 3807 1520 3879 utilitate

447 3909 545 3970 reteri
557 3909 693 3990 privandi
715 3915 802 3984 surrt;
820 3909 896 3969 sieut
918 3909 1069 3985 lupiciani
1092 3927 1199 3988 pueros
1225 3907 1350 3968 minime
1372 3905 1525 3968 docendos

446 4025 521 4083 esse,
537 4026 572 4070 eo
585 4009 665 4087 qnod
682 4009 770 4069 multi
782 4008 903 4086 loquela
916 4009 1094 4084 abutuntur,
1110 4025 1198 4068 nemo
1210 4024 1303 4070 sanus
1317 4005 1463 4066 affirmat.

487 4109 579 4170 Pron.
602 4117 633 4169 t·
650 4123 737 4170 rsus.
753 4141 787 4152 -
799 4107 928 4169 tlltiores
943 4109 1108 4190 discipliuae
1129 4113 1201 4167 sunt
1218 4107 1320 4186 paucis
1334 4107 1523 4178 necessarie,

446 4207 589 4268 omnibus
608 4207 761 4282 difficiles,
784 4207 889 4268 multis
918 4209 1130 4287 impossibiles.
1161 4213 1187 4268 t⁰
1212 4205 1320 4267 Pasce
1340 4207 1524 4278 necessarie,

447 4307 520 4383 quia
532 4307 668 4385 plerique
678 4307 828 4382 homines,
842 4315 876 4367 ut
889 4307 1056 4370 necessaria
1066 4307 1101 4367 ad
1116 4308 1209 4367 vitem
1229 4306 1459 4371 sustentendam
1473 4323 1526 4366 suu

448 4406 549 4466 labore
562 4407 620 4468 sibi
633 4414 816 4486 comparent,
831 4406 1020 4473 mechanicas
1037 4407 1146 4469 debent
1163 4413 1241 4470 artes
1256 4421 1405 4474 exercere,
1419 4414 1453 4493 et
1464 4423 1526 4466 ma·

449 4505 605 4566 terialibus
623 4506 747 4584 opiliciis
757 4506 942 4586 incumbere,
952 4524 1019 4584 quer
1032 4505 1147 4568 nullam
1158 4507 1295 4568 altiorem
1305 4507 1526 4568 institutionem

449 4605 611 4686 postulant.
629 4610 661 4666 2⁰
676 4603 814 4666 Ourur'bus
824 4605 971 4686 difficiles,
987 4607 1068 4686 qrrod
1082 4608 1244 4668 ostendunt
1255 4605 1401 4680 diuturna
1415 4607 1525 4678 studia,

448 4713 478 4765 et
488 4711 658 4768 constantes
673 4705 800 4776 labores,
812 4708 926 4784 quilius
936 4708 1060 4768 omuino
1073 4727 1105 4768 se
1123 4707 1273 4788 subjicere
1284 4706 1371 4768 debet
1385 4705 1525 4785 quisquis
