3559 5675
471 740 530 801 ‘itti
868 759 948 804 tuens
968 757 1128 804 auronius

469 858 574 921 ciatcm
597 861 821 922 individuorum
844 864 991 923 actionem
1001 861 1093 941 (840).
1115 863 1192 938 Ergo
1205 861 1295 922 debet
1315 863 1433 925 amictas
1448 867 1511 943 scip·

469 975 532 1019 sam
547 957 661 1020 efficere
681 965 779 1040 aptam
792 959 829 1020 ad
850 960 1006 1020 individua
1017 962 1060 1022 sic
1073 960 1185 1022 tuenda
1199 967 1229 1021 et
1246 961 1428 1039 perficienda.
1443 963 1514 1039 tttqui

469 1060 575 1135 nequit
588 1059 712 1120 societas
726 1059 802 1120 hanc
816 1058 1016 1137 aptitudinem
1029 1059 1150 1130 hahere,
1173 1060 1231 1120 nisi
1243 1075 1297 1137 per
1308 1077 1373 1121 eam
1385 1079 1516 1139 personam

469 1166 498 1221 et
508 1161 538 1218 in
548 1175 584 1219 ea
594 1174 731 1238 persona,
743 1160 775 1218 in
792 1175 853 1234 qua
865 1159 984 1219 sociatis
996 1161 1155 1220 auctoritas
1165 1160 1285 1220 residet.
1296 1161 1340 1221 nd
1355 1161 1437 1221 talem
1450 1179 1517 1222 nam·

468 1274 528 1334 qne
548 1257 746 1337 aptitudinem
767 1259 931 1336 requiritur
952 1258 1075 1319 moralis
1095 1260 1231 1336 quaedam
1256 1262 1332 1323 actio
1352 1278 1518 1340 permanens,

468 1375 536 1436 quae
548 1357 633 1418 ittam
645 1367 788 1436 perpetuo
808 1365 964 1434 sustentet,
979 1358 1126 1437 impellat,
1142 1366 1287 1436 protegat,
1307 1368 1453 1438 expurget.
1466 1363 1517 1420 Etc

469 1459 545 1532 nim,
558 1459 636 1518 sicut
648 1457 771 1518 infinitae
787 1463 858 1517 sunt
872 1457 1092 1518 vicissitudines
1105 1457 1241 1534 diversa,
1252 1475 1329 1535 quas
1343 1461 1458 1520 societas
1468 1476 1518 1536 pcr-

468 1565 557 1636 petuc
577 1559 670 1633 subit,
691 1570 721 1619 et
743 1559 820 1619 sicut
840 1557 958 1618 sociatis
981 1559 1120 1636 perfectio
1139 1565 1235 1636 potest
1250 1559 1402 1620 indefinite
1424 1577 1518 1636 semper

467 1673 617 1734 crescere;
631 1659 671 1718 ita
686 1675 804 1718 neeesse
819 1663 911 1717 estut
924 1658 1106 1735 principium
1120 1657 1271 1735 quoddam
1284 1665 1425 1737 perpetuo
1436 1665 1520 1718 etmo-

467 1759 568 1818 raiiter
582 1758 710 1818 activum
734 1759 924 1833 detrimenta,
948 1775 1017 1835 quae
1038 1759 1164 1818 societas
1177 1775 1265 1837 passa
1280 1759 1330 1833 sit,
1346 1759 1482 1833 resarciat,
1498 1763 1520 1817 et

465 1863 630 1936 opportuna
645 1857 763 1917 sociatis
775 1857 964 1934 perfectionis
983 1858 1166 1916 incrementa
1181 1856 1319 1918 adducat.
1346 1858 1435 1934 Atqui
1449 1857 1520 1935 prin-

466 1957 578 2034 cipium
592 1955 741 2016 moraliter
755 1957 884 2016 activum
894 1955 1040 2016 societatis
1051 1961 1095 2014 est
1106 1956 1168 2016 sota
1179 1958 1340 2017 auctoritas
1353 1955 1447 2034 (449).
1460 1959 1521 2031 Ergo

466 2054 521 2114 soli
536 2055 704 2115 austeritati
730 2053 768 2114 ab
792 2056 854 2134 ipsc
869 2055 1017 2116 societatis
1039 2054 1197 2114 tionttitore
1220 2057 1382 2116 commissa
1403 2061 1447 2116 est
1464 2071 1522 2114 cura

466 2169 526 2214 non
541 2153 638 2213 solum
651 2153 805 2214 individua
819 2156 986 2215 consociata
1010 2153 1111 2214 tuendi
1134 2163 1164 2213 et
1178 2151 1367 2234 perficiendi,
1386 2153 1522 2216 ecdeoeie-

357 2286 360 2292 ·
467 2255 534 2312 tatis
554 2254 644 2314 etiam
658 2255 752 2331 ipsius
767 2254 915 2315 universae
936 2255 978 2314 sic
992 2251 1179 2323 ordinanda,
1206 2261 1239 2314 ut
1258 2255 1294 2314 ad
1309 2256 1405 2315 socios
1418 2255 1523 2314 tuentius

465 2368 498 2411 ac
519 2352 712 2430 perficiendos
736 2353 842 2415 idonea
862 2355 911 2412 sit.
934 2355 1025 2430 Atqui
1046 2354 1207 2413 auctoritas
1224 2354 1339 2431 operari
1363 2355 1462 2430 nequit
1476 2353 1522 2411 nisi

464 2459 598 2512 concrete
610 2453 642 2512 in
653 2453 753 2529 aliqua
777 2471 901 2532 persona
921 2455 1027 2514 existat
1040 2451 1132 2532 (459).
1151 2455 1227 2530 Ergo
1247 2471 1318 2514 cura
1331 2455 1474 2514 societatis
1493 2454 1524 2511 ita

465 2551 638 2610 ordinanda
657 2558 691 2610 ut
708 2569 741 2611 ea
752 2553 791 2612 sit
805 2553 840 2611 ad
855 2555 952 2616 socios
966 2553 1093 2626 tuendus
1115 2569 1149 2613 ac
1163 2553 1362 2632 perficiendos
1375 2555 1484 2624 idonea,
1494 2549 1523 2610 ad

465 2667 530 2712 eam
546 2649 640 2710 solam
658 2657 751 2728 potest
764 2653 911 2730 pertinere
928 2669 1097 2730 personam,
1114 2652 1146 2712 in
1164 2669 1226 2730 qna
1240 2655 1362 2714 socialis
1383 2654 1524 2714 auctoritas

466 2749 586 2810 residet,
612 2749 785 2810 Societatem
806 2757 907 2810 etitem
931 2752 975 2812 sic
997 2751 1137 2813 ordinare
1159 2759 1204 2812 est
1221 2751 1297 2814 titud
1318 2753 1401 2829 quod
1422 2750 1524 2830 politice
1585 2754 1586 2781 ³

464 2848 631 2925 gobernare
645 2849 775 2910 dicimus
792 2851 887 2929 (dtu).
907 2854 994 2928 Ergo,
1010 2858 1066 2913 etc.

504 2950 573 3008 992.
591 2950 721 3009 Conott.
741 2950 768 3009 t.
794 2984 828 2994 -
853 2952 973 3011 durium
989 2952 1081 3027 igitur
1092 2952 1280 3027 politicorum
1294 2957 1403 3014 natura
1415 2966 1525 3028 genera·

463 3047 531 3107 liter
545 3048 607 3108 haec
621 3056 674 3117 cst,
686 3056 763 3109 ntae
777 3050 837 3109 sint
847 3050 1021 3127 corripimus
1029 3051 1167 3111 ominium
1174 3058 1355 3129 potestatum
1366 3051 1524 3119 moratium,

463 3164 531 3225 qnae
558 3146 750 3224 requiruntur
770 3148 806 3208 ud
830 3150 1000 3209 societatem
1021 3152 1194 3209 universum
1217 3150 1262 3209 sic
1275 3148 1524 3219 ordinandamut

462 3264 496 3309 ea
510 3249 605 3307 socius
625 3247 780 3307 commode
805 3250 880 3309 tueri
904 3266 939 3309 ac
951 3250 1088 3329 perficere
1105 3252 1206 3327 possit.
1225 3250 1308 3311 Unde
1327 3253 1457 3328 quisque
1476 3250 1526 3312 duo

465 3346 621 3407 iterfacite
637 3346 782 3422 intelliget
798 3362 806 3405 ε

506 3452 556 3505 1¹²¹
570 3448 647 3504 inter
663 3442 712 3523 jue
729 3442 815 3507 civile
836 3454 864 3505 et
874 3450 927 3523 jus
949 3446 1104 3527 politicum
1119 3448 1176 3509 hoc
1188 3448 1352 3509 discrimen
1371 3446 1524 3516 intercedit,

462 3544 541 3623 qnod
554 3547 606 3621 jus
620 3545 708 3605 civite
720 3551 815 3605 totum
831 3548 869 3605 eit
884 3547 915 3605 ιιι
930 3546 1093 3607 individuis
1107 3548 1284 3609 consociatis
1296 3548 1340 3608 sic
1351 3547 1525 3620 ordinandis,

463 3654 497 3705 nt
508 3662 605 3705 ¹sumn
631 3644 801 3705 felicitatem
818 3646 941 3722 singula
954 3647 1071 3725 assequi
1087 3648 1202 3725 possint
1209 3666 1217 3724 ;
1230 3650 1284 3724 jus
1301 3666 1372 3710 vero
1385 3649 1526 3729 politicum

461 3752 558 3807 totum
572 3746 608 3805 sit
623 3744 653 3803 in
665 3746 803 3807 societate
817 3748 959 3807 universa
983 3749 1026 3807 sic
1039 3748 1218 3824 ordinanda,
1241 3754 1276 3809 ut
1289 3765 1325 3809 ea
1336 3752 1434 3827 pauit
1444 3749 1526 3810 sodes

462 3860 568 3905 omnes
579 3850 606 3904 et
619 3844 755 3919 singulos
771 3844 920 3905 socialiter
933 3848 1011 3907 tueri
1025 3854 1054 3908 et
1067 3847 1220 3925 perticere.

499 3944 554 4003 Ψ·
565 3946 618 4005 tus
631 3944 716 4005 uirile
728 3952 772 4007 eet
786 3946 866 4021 finis,
882 3947 919 4007 ad
941 3962 1033 4024 quem
1052 3950 1104 4025 jus
1125 3948 1280 4025 politicum
1300 3955 1408 4028 suapte
1426 3953 1525 4009 netum

459 4044 634 4107 ordinatur:
660 4044 739 4121 equod
768 4062 803 4105 er
822 4047 912 4107 modo
933 4047 1020 4107 dietis
1042 4046 1164 4107 evidens
1179 4053 1234 4108 est.
1250 4050 1363 4121 Quare,
1378 4045 1526 4111 sicuttinie

457 4148 633 4223 quicunque
648 4152 692 4203 cst
705 4162 846 4223 suprema
865 4146 971 4222 regula
984 4162 1088 4207 eurum
1101 4148 1240 4207 omnium
1254 4164 1322 4225 quta
1335 4149 1372 4207 ad
1389 4149 1476 4209 iilum
1486 4160 1527 4205 or·

461 4246 616 4317 dinantnr,
632 4246 737 4322 atejus
754 4244 845 4303 civita
867 4252 914 4305 est
936 4262 1054 4321 norma,
1070 4260 1132 4323 qua
1151 4252 1246 4307 tntum
1256 4250 1309 4324 jue
1323 4242 1525 4329 politicomdi·

459 4347 514 4422 rigi
526 4345 625 4421 debet,
639 4344 695 4407 hoe
709 4361 801 4405 sensu
813 4347 972 4422 nimirum,
997 4347 1078 4423 (quod
1092 4346 1196 4407 nutias
1219 4347 1294 4409 alias
1313 4353 1472 4426 potestates
1481 4348 1527 4423 jus

460 4452 613 4532 politicum
636 4450 777 4521 includat,
801 4454 890 4527 quain
912 4469 980 4531 qun
1001 4458 1073 4512 sunt
1092 4455 1267 4516 necessariae
1285 4454 1321 4515 ed
1335 4452 1525 4515 obtinendum

460 4552 535 4613 ittud
549 4550 628 4629 qnod
645 4556 690 4611 est
702 4550 781 4627 juris
794 4552 891 4612 ciuilis
905 4554 1068 4629 objectum.

496 4656 626 4713 (innota.
643 4652 673 4709 2.
691 4684 723 4697 «-
741 4652 899 4713 Personam
921 4652 1018 4729 itiam,
1035 4653 1141 4732 inqua
1155 4652 1446 4718 meiatieeuetcritas
1458 4651 1526 4715 resi·

456 4750 516 4831 det,
537 4750 703 4831 Principem
717 4768 858 4815 vocamus
875 4751 941 4835 (tio.
956 4754 998 4831 4),
1015 4754 1181 4817 tirannica
1203 4754 1335 4837 phenice
1359 4756 1424 4818 eive
1443 4755 1525 4815 unica
