3559 5675
600 750 709 798 sunan.
732 771 769 786 -
792 753 877 802 uun
897 752 1035 803 malus.
1307 734 1363 804 lol

279 855 385 932 efficit,
399 863 434 916 nt
448 873 517 918 cnm
539 861 820 938 compensatiouem
831 863 972 939 respuere
992 866 1147 923 mutuatos
1166 859 1280 920 debeat.
1295 859 1364 920 Ete-

279 958 343 1017 uim
358 956 454 1017 simul
466 965 555 1034 atque
566 961 669 1020 omnia
679 963 893 1040 praestititque
902 961 1002 1026 uirilis
1013 962 1173 1023 aucurilas
1185 957 1365 1038 postulabat,

273 1061 329 1134 jus
340 1057 381 1116 ad
399 1057 484 1118 illam
498 1063 769 1136 compensationem
786 1063 956 1140 acquisivit.

316 1157 455 1218 (ὶοιιοιι.
475 1163 556 1218 2—
568 1160 688 1222 Publica
701 1163 814 1240 premii
831 1162 1021 1230 determinati
1035 1177 1176 1233 ,summas
1196 1158 1363 1222 mutuanti-

275 1255 334 1316 bue
347 1257 506 1318 tribuendi
520 1261 679 1336 promissio
693 1278 728 1322 eo
742 1261 933 1336 laudabilior,
947 1267 1037 1338 atquc
1056 1277 1093 1322 eo
1107 1262 1203 1338 magis
1224 1275 1361 1340 necessa·

275 1357 320 1420 ria
333 1364 394 1433 eet,
408 1373 474 1434 quo
487 1360 582 1430 maior
592 1375 782 1424 summarum
794 1361 954 1425 nonnitus
964 1366 1062 1438 urget,
1076 1366 1107 1421 et
1117 1376 1179 1438 que
1187 1361 1283 1438 major
1294 1375 1363 1438 gra·

275 1457 427 1518 luiturum
444 1459 671 1522 mutuationem
696 1458 858 1524 difficultas
874 1460 1013 1525 occurrit.
1035 1460 1112 1522 ilinc
1130 1459 1241 1528 laetum
1257 1464 1312 1545 eat,
1327 1465 1362 1525 ut

272 1573 335 1634 que
349 1557 477 1632 lougius
487 1573 522 1620 ae
538 1557 629 1620 latius
645 1561 747 1639 populi
756 1560 880 1638 quidam
890 1578 945 1632 aua
958 1559 1137 1624 commercia
1148 1566 1362 1638 propagarunt,

273 1674 309 1718 ee
321 1660 427 1735 major
439 1655 602 1736 apul-illos
616 1659 742 1722 evaserit
762 1661 922 1731 neeeeeitns
937 1660 1053 1734 legum,
1071 1675 1141 1736 que
1159 1658 1246 1720 tenue
1267 1657 1363 1736 legale
1475 1670 1482 1681 ·

272 1757 525 1819 determinarent.
540 1755 749 1820 Cmeoenlibua
758 1758 1102 1835 nanquecommuolie,
1112 1763 1200 1820 euela
1219 1761 1265 1818 eet
1280 1771 1362 1819 mer·

271 1859 355 1918 cium
368 1855 453 1936 apud
468 1855 667 1930 negotialem
678 1856 930 1922 circumeuntium
953 1858 1118 1938 quenulae,
1137 1861 1227 1940 aucta
1246 1860 1293 1916 eet
1308 1870 1361 1916 ne·

274 1957 405 2020 omnes
416 1969 620 2030 summarum,
632 1971 701 2032 que
714 1951 835 2020 illarum
848 1955 965 2018 valeres
978 1956 1009 2016 iu
1022 1955 1221 2033 negotiatione
1233 1953 1359 2020 banne

276 2063 363 2118 rant:
378 2053 475 2118 simul
488 2059 581 2116 auem
590 2060 662 2116 eunt
671 2069 768 2116 caetea
781 2054 983 2129 rationabiles,
997 2071 1052 2119 our
1061 2055 1191 2132 gratuito
1201 2054 1358 2134 munium
1415 2081 1418 2085 >

275 2173 361 2218 ruam
381 2153 501 2220 eadere
523 2165 662 2216 mutuam
688 2155 817 2232 quisque
839 2159 955 2217 renuat.
978 2155 1025 2217 Ob
1042 2161 1206 2217 umeeulee
1225 2167 1357 2236 nunqua

275 2256 341 2318 rite
354 2251 478 2314 meinlis
492 2251 682 2314 comitatus
703 2251 741 2314 ad
763 2251 897 2318 inliniles
920 2257 1060 2332 sumptus
1081 2257 1119 2319 et¹
1135 2251 1312 2341 domesticos
1328 2259 1359 2320 el

281 2349 502 2414 commerciales
516 2351 682 2414 necessaria
699 2351 896 2428 ceremonia,
915 2352 1006 2428 ciuus
1019 2356 1118 2413 lamen
1136 2357 1263 2412 mmme
1275 2366 1356 2430 pau·

281 2451 404 2514 ciseium
419 2451 524 2513 otiose
541 2449 668 2526 jaceant.
687 2449 753 2510 llue
769 2447 915 2513 ameduul
938 2451 1029 2510 etiam
1044 2464 1162 2528 magna
1171 2447 1355 2530 judiciorum

275 2549 306 2612 iu
319 2565 353 2610 re
362 2548 495 2627 politica,
505 2547 611 2612 morali
623 2553 653 2608 et
664 2545 804 2624 religiosa
817 2547 1088 2626 mutationesque
1102 2545 1182 2628 apud
1198 2545 1354 2626 pleresque

272 2647 401 2726 populus
414 2645 556 2725 paulatim
579 2647 661 2712 taetre
676 2651 757 2724 sunt,
771 2663 898 2726 qunque
912 2647 1055 2724 gratuitae
1069 2646 1272 2711 mutuationes
1285 2662 1355 2730 per·

270 2744 415 2806 otmules
426 2743 597 2807 olfecerunt.
609 2744 812 2816 Quamobrem
825 2745 935 2824 celique
947 2744 1060 2809 nationi
1073 2760 1194 2805 neeesse
1203 2744 1272 2819 luit,
1281 2759 1355 2823 pra·

269 2846 342 2905 mile
362 2850 394 2903 et
413 2856 546 2919 congrua
564 2843 804 2919 compensatione
825 2842 992 2923 prepositis,
1008 2843 1211 2907 mutuationes
1231 2858 1354 2927 promo·

267 2960 353 3011 rere.
370 2941 431 3005 nisi
444 2942 621 3009 commercia
635 2941 714 3021 aputl
723 2958 793 3007 suos
804 2958 927 3023 prorsus
938 2957 1044 3016 eversa
1052 2940 1162 3004 babere
1177 2939 1258 3004 uelit.
1327 2990 1330 2996 .

311 3042 448 3107 scaone
466 3042 496 3103 3.
516 3072 552 3093 „-
564 3040 712 3113 Quoniam
734 3048 815 3103 lanu
835 3036 880 3104 est
903 3038 1026 3115 utililas,
1042 3055 1134 3116 quam
1148 3056 1190 3099 er.
1204 3038 1294 3115 legali
1312 3040 1352 3100 le·

262 3158 343 3205 nore
357 3140 483 3207 societas
496 3140 637 3202 univerae
652 3141 785 3223 percipit,
800 3138 922 3201 evidens
934 3146 979 3199 eet
992 3136 1095 3201 sociali
1108 3138 1274 3200 auctoritati
1285 3153 1352 3207 ‚uon

263 3240 372 3307 solum
382 3242 447 3317 jue,
459 3237 652 3305 recolliclun
662 3256 727 3305 esse
737 3240 833 3330 illius,
843 3239 949 3304 sallem
960 3238 1050 3304 mello
1061 3236 1192 3315 quolam
1203 3234 1349 3313 generali,

262 3338 505 3415 determinaulli,
517 3354 555 3405 ue
567 3339 817 3419 priuatilaomines
829 3337 1087 3419 tenorisexigeudi
1101 3335 1351 3404 cousuetudinem

263 3440 375 3507 illicite
389 3437 542 3499 inducant.
559 3440 659 3515 Quum
671 3444 751 3503 enim
766 3438 804 3499 ad
817 3439 947 3517 priuatos
966 3437 1108 3522 beminen
1122 3438 1249 3503 minime
1263 3432 1351 3516 perti-

266 3544 344 3601 neat
355 3537 394 3599 le
412 3537 531 3617 publice
544 3538 623 3601 bone
641 3538 828 3619 iudiearem
851 3539 939 3599 lenus
954 3540 1086 3620 pecunia
1108 3543 1216 3603 mutuo
1236 3536 1349 3597 tradita

262 3640 347 3713 erigi
365 3654 426 3699 nou
438 3636 497 3697 uisi
506 3636 544 3700 ob
559 3637 713 3717 publicum
726 3637 839 3699 bonum
854 3640 937 3714 justo
950 3638 1060 3717 poseil3
1074 3637 1100 3701 ei
1112 3636 1232 3717 publiea
1245 3640 1351 3698 aucto-

260 3738 338 3797 ritas
357 3736 448 3800 lenus
459 3734 822 3811 legaleuoutleterminat,
833 3733 1209 3817 privatiquiquchonaincs
1220 3733 1348 3793 alterum

260 3854 299 3899 ex
315 3836 371 3897 bie
387 3834 508 3897 duobus
527 3835 617 3897 mulis
634 3834 743 3915 eligere
756 3835 919 3911 debebunt,
933 3836 1030 3898 velut
1045 3834 1212 3901 materiales
1226 3849 1289 3903 suae
1297 3850 1349 3912 ps-

262 3938 363 3997 uuuie
383 3935 528 3998 utilitates
542 3936 692 4007 amittant,
707 3934 756 3997 rel
770 3940 803 3995 ul
816 3952 915 4003 sacras
929 3936 1056 4013 justulae
1075 3933 1156 4009 leges
1170 3932 1345 4011 infringant.

264 4034 309 4093 lix
321 4034 362 4098 iis
374 4034 457 4099 enim
474 4050 542 4109 qum
554 4033 694 4111 superine
707 4032 851 4109 diximus,
866 4036 938 4093 sutis
953 4032 1139 4107 intelligitur,
1155 4032 1269 4113 nemini
1289 4030 1349 4116 pri·

265 4140 336 4194 rate
350 4133 441 4194 licere
455 4134 567 4193 lenonis
582 4134 719 4213 exigendi
734 4134 980 4201 mnauetutlinem
995 4134 1125 4216 primum
1141 4130 1292 4194 iuducere.

306 4232 449 4295 Diximus
461 4238 562 4295 autam
572 4232 660 4298 lenus
675 4232 771 4313 legale
779 4234 818 4295 ab
827 4235 1001 4299 auctoritate
1014 4248 1135 4311 prorsus
1154 4248 1230 4304 esse,
1244 4231 1348 4315 sellem

260 4328 396 4409 grunnii
416 4328 542 4416 quodum
556 4329 948 4414 medulelermtneuuum
973 4332 1047 4409 quia
1064 4341 1200 4393 uestrum
1225 4337 1349 4393 nonest

262 4425 429 4509 inquirere,
449 4437 554 4491 ulrum
572 4433 741 4509 auctoritas,
767 4434 1039 4517 compensatiouem
1052 4430 1137 4501 illam
1151 4448 1206 4511 pro
1227 4438 1346 4492 mutua·

262 4528 613 4607 tionibusoeucadendo,
632 4530 737 4606 laben
749 4532 833 4595 illius
844 4532 1041 4611 quantitatem
1051 4533 1216 4612 designare.
