3559 5675
415 715 473 789 lbi
818 735 899 800 sunu
918 735 1094 794 serenans

455 844 538 909 bloet
549 842 661 922 aliquis
673 803 870 918 mercatorum
890 843 1004 920 bouum
1023 843 1061 904 ad
1078 844 1226 913 societatis
1238 844 1387 905 uniuersa
1402 841 1493 904 aueo

413 960 474 1038 pue
489 941 565 1013 etati
577 942 700 1016 illorum
711 941 845 1022 pecunia
856 936 1062 1022 possessorum
1076 941 1193 1004 bonnm
1210 943 1368 1024 maduere.
1385 943 1422 1002 tlt
1434 941 1493 1005 boe

413 1045 525 1112 bonurn
544 1043 651 1106 sociale
665 1043 695 1110 in
712 1043 792 1122 ipsos
805 1058 925 1118 quoque
939 1048 1115 1104 mercatores
1133 1041 1293 1118 redundat,
1305 1044 1359 1120 quii
1375 1042 1432 1102 bae
1444 1059 1493 1102 ra·

311 1205 314 1212 ,
414 1142 493 1206 lione
508 1149 537 1202 et
554 1142 632 1208 bono
652 1141 703 1205 illo
721 1141 870 1222 personali
888 1157 907 1204 a
922 1142 1056 1222 pecunie
1074 1142 1295 1222 possessoribus
1308 1143 1445 1214 diruisse,
1460 1148 1492 1205 et

412 1233 513 1305 sociali
528 1247 667 1322 praeterea
679 1239 757 1304 bono
770 1240 907 1324 utrisque
917 1241 1071 1307 mnmuu
1085 1249 1254 1322 uterentur,
1270 1250 1375 1304 eontra
1388 1242 1488 1304 meia-

410 1341 450 1402 lis
464 1341 717 1429 aequitalisleges.
1378 1387 1391 1402 .

452 1441 511 1504 Sed
519 1439 641 1522 ineptus
658 1445 800 1522 praeterea
814 1440 894 1520 prior
905 1441 958 1508 iile
974 1441 1082 1505 modus
1097 1447 1184 1525 esset.
1205 1443 1337 1529 sienim
1355 1459 1491 1506 summa-

410 1557 480 1602 mm
502 1557 687 1620 possessores
708 1539 746 1600 ad
767 1539 840 1602 tales
866 1544 1011 1616 gratuitas
1039 1543 1242 1606 mutuationes
1268 1542 1491 1626 obligarentur,

411 1639 540 1700 maxima
553 1656 625 1700 cura
642 1656 778 1702 summas
791 1657 810 1701 e
824 1657 855 1702 se
875 1656 1025 1719 possessas
1044 1641 1184 1703 celarent.
1206 1644 1311 1718 ltaque
1327 1641 1398 1702 calis
1411 1642 1490 1703 obli·

411 1739 502 1816 gotio,
517 1754 610 1816 qnam
625 1739 784 1802 auctoritas
802 1738 893 1800 uellet
906 1741 1072 1818 imponere,
1082 1756 1273 1808 summarum
1287 1746 1417 1815 motum,
1431 1757 1490 1802 ne-

409 1837 483 1899 dum
499 1838 646 1913 incitaret,
660 1838 783 1901 omuino
797 1837 965 1916 impediret.

407 1965 413 1974 ·
450 1937 527 2017 Ergo
541 1935 578 1996 ad
588 1935 656 2000 illas
670 1937 874 2004 mutuationes
888 1935 1104 2016 pmmorendas
1118 1937 1240 2008 nullum
1253 1937 1335 2001 alind
1348 1938 1487 2000 medinm

410 2043 559 2122 superest,
581 2053 675 2114 quam
698 2031 842 2116 posterior
862 2037 913 2098 ille
935 2038 1045 2103 modus
1066 2037 1243 2114 indirectas,
1263 2039 1487 2120 onrrsistonsin

410 2129 543 2218 pecuniae
557 2137 779 2217 possessoribus
794 2137 961 2198 alliciendis
976 2140 1099 2224 praemio
1116 2141 1266 2218 proposito
1277 2137 1316 2205 ad
1332 2155 1419 2201 snam
1431 2155 1487 2217 pe-

410 2239 532 2300 cuniam
545 2245 652 2303 mutuo
671 2237 859 2300 tradendam.
877 2239 940 2299 llos
957 2246 1059 2300 anum
1075 2240 1233 2318 premium
1248 2238 1324 2301 nibil
1342 2238 1425 2300 aliud
1442 2245 1489 2298 est

410 2333 501 2418 quam
521 2340 654 2420 pecuniae
668 2339 713 2404 ris
725 2339 824 2421 aliqua
837 2339 990 2404 mutuanti
1004 2346 1111 2421 prater
1123 2339 1404 2414 summouenda,
1417 2356 1488 2417 quae

410 2437 640 2502 lennsvoeatnr.
1046 2518 1049 2527 .

451 2538 537 2615 Quod
551 2539 675 2616 quidem
693 2541 781 2602 lenus
797 2557 815 2602 a
831 2540 1013 2606 mutuatorie
1024 2537 1202 2603 mirandum
1211 2541 1294 2616 juste
1308 2539 1486 2616 imponitur.
1503 2523 1509 2534 ’

410 2635 490 2701 Nem
512 2637 584 2704 ordo
604 2639 729 2716 iustiliae
746 2639 888 2724 postulat,
913 2644 949 2699 nt
969 2639 1080 2717 quibus
1102 2640 1306 2703 mutuationes
1326 2639 1439 2700 directe
1459 2647 1490 2703 ct

410 2737 557 2818 praecipue
578 2738 665 2800 utiles
679 2747 760 2812 sunt,
782 2739 826 2801 illi
839 2739 876 2805 da
896 2755 953 2812 suo
967 2743 1240 2818 compensationem
1260 2741 1394 2818 aliquam
1409 2757 1490 2820 prn-

412 2835 501 2901 beant
514 2840 764 2919 proporlionalem
781 2842 913 2917 utililali,
926 2857 1018 2917 quarn
1033 2858 1069 2901 ex
1081 2840 1142 2901 illis
1158 2841 1334 2919 percipiunt.
1354 2840 1489 2921 idipsum

411 2938 493 3003 euim
506 2938 540 3014 srt
548 2934 585 3003 de
599 2941 667 3006 aliis
678 2942 819 3006 omrribus
833 2940 950 3007 meniis
963 2957 1034 3021 que
1046 2940 1085 3003 sd
1096 2940 1234 3001 socialem
1247 2940 1497 3005 contrabentium.

413 3038 537 3101 tutelam
549 3042 706 3104 auctor-ilas
720 3040 850 3105 adhibet.
868 3039 985 3105 Charta
996 3039 1117 3119 publico
1130 3038 1229 3114 sigillo
1242 3045 1359 3109 notata,
1375 3040 1490 3117 publici

413 3144 545 3203 aelorum
561 3138 647 3213 libri,
659 3138 786 3217 judicia,
801 3138 986 3216 hypotheca,
998 3142 1027 3198 el
1039 3136 1231 3221 hujusmodl,
1246 3136 1491 3219 assumentium

413 3238 546 3317 ipsorum
560 3238 686 3317 pecnma
702 3239 893 3316 potissimum
907 3238 1103 3299 sustinentur.
1123 3238 1172 3299 Sic
1184 3237 1276 3299 etiam
1295 3239 1351 3299 riae
1363 3237 1492 3317 publicae

414 3326 532 3401 tribulis
546 3353 649 3400 eorum
664 3336 776 3414 qaribns
796 3338 960 3417 perosorum
977 3336 1037 3401 ille
1058 3336 1228 3416 pmtioiunl‚
1242 3337 1363 3399 attinnt
1377 3347 1408 3397 et
1421 3355 1492 3399 oon·

415 3440 584 3510 servantur,
599 3435 730 3499 rnilitum
745 3438 836 3521 copiae
851 3436 970 3504 tributis
987 3433 1177 3513 populorum.
1194 3435 1249 3515 qui
1262 3434 1383 3495 illorum
1397 3430 1492 3498 armis

415 3538 623 3611 proteguntur,
639 3536 763 3595 omnino
776 3540 993 3597 sarstentantnr.
1008 3536 1097 3610 Ergo,
1107 3550 1204 3613 quum
1214 3532 1493 3612 civilisauctoritas,

416 3632 565 3695 sociorum
586 3633 698 3695 auxilio
716 3632 751 3697 ed
771 3634 975 3699 mutuationes
987 3631 1205 3719 promovendas
1222 3633 1371 3711 indigens,
1386 3651 1492 3697 earnm

417 3732 555 3811 pretinm.
570 3732 687 3813 publice
709 3738 853 3795 statutum
877 3734 1068 3796 mutuatariis
1093 3732 1232 3813 impertit,
1253 3734 1493 3815 logespeneete

417 3831 563 3909 aequitatis
577 3832 666 3911 plane
680 3833 826 3895 observat.
842 3836 933 3910 Ergo,
946 3839 1000 3895 ste.

457 3929 534 3997 9'40„
558 3936 686 3999 (locutu.
702 3938 744 4002 ,1.
765 3963 801 3979 -·
831 3934 901 3995 Tria
924 3932 1086 4011 diligenter,
1106 3930 1370 3996 animadvertenda
1395 3941 1492 3995 snut.

420 4034 469 4095 1ιιιῃ
483 4032 613 4093 Pretium
627 4032 701 4096 illud
718 4032 942 4095 mutuationum
954 4031 1072 4110 publice
1085 4039 1230 4095 statutum
1245 4047 1438 4109 nequaqnam
1451 4040 1496 4095 est

416 4130 531 4193 nuorm
549 4133 681 4211 pecuaria
701 4140 807 4193 mutuo
825 4130 950 4207 tradite,
962 4130 1013 4191 sed
1029 4139 1074 4194 est
1090 4132 1249 4209 premium
1267 4131 1386 4209 publice
1400 4133 1495 4193 desti-

417 4238 521 4297 natum
545 4231 583 4294 ad
604 4230 807 4293 mutuationes
828 4228 1055 4309 promovendas,
1070 4236 1101 4291 et
1120 4231 1280 4307 praminm
1295 4244 1347 4309 pro
1364 4230 1496 4291 utilitate

415 4342 506 4407 quam
530 4330 659 4407 societati
684 4330 885 4393 mutuationes
909 4323 969 4391 illae
990 4328 1121 4409 pariunt.
1146 4330 1203 4386 2²³²
1217 4330 1316 4389 Fenus
1336 4327 1436 4405 legale
1457 4330 1496 4391 ab

418 4442 510 4488 usura
522 4433 582 4489 toto
596 4428 670 4489 eoelo
685 4424 792 4489 differt.
805 4428 858 4487 3⁰⁰¹
872 4427 991 4494 Nemini
1004 4424 1130 4485 dubium
1143 4442 1207 4485 esse
1218 4431 1325 4506 potest,
1336 4411 1414 4503 quin
1425 4446 1498 4507 prm-

417 4526 514 4613 mium
535 4526 621 4603 illud,
637 4544 690 4587 scu
710 4526 809 4603 ferrus,
832 4526 964 4606 accipere
986 4524 1084 4585 liceat.
1108 4523 1252 4602 Quisquis
1266 4524 1348 4585 enim
1367 4526 1445 4610 bene
1460 4528 1497 4591 de

415 4628 553 4689 meelate
566 4632 710 4703 meretur,
724 4626 815 4689 officii
829 4628 877 4687 sni
896 4626 1168 4705 compensationem
1188 4625 1246 4686 sibi
1266 4624 1398 4687 oblatam
1419 4629 1496 4689 scoi-

417 4742 486 4805 pere
499 4727 604 4803 ntique
623 4733 726 4821 potest.
743 4726 829 4809 Quod
847 4743 917 4789 vero
930 4725 990 4787 tals
1003 4721 1138 4790 nidum
1151 4725 1197 4787 illi
1211 4725 1351 4805 portatile
1365 4728 1416 4806 sit,
1430 4744 1494 4792 noo
