3559 5675
443 726 503 792 08⁰
854 748 933 797 rums
953 746 1114 797 sommus

356 916 359 924 g
444 851 541 916 versis
560 850 597 915 ad
615 868 713 917 moros
726 860 756 915 et
775 853 953 933 religionem
965 854 1125 936 pertineat,
1146 870 1181 915 rc
1193 854 1320 934 prounde
1340 854 1470 917 nodum
1480 858 1516 916 sit

443 952 553 1030 populo
563 954 616 1031 jus
630 954 668 1015 ad
678 970 746 1015 eam
755 972 820 1017 rem
832 954 952 1037 publice
965 952 1195 1017 discutiendam.
1209 956 1288 1032 llrgo
1297 954 1426 1017 libertas
1438 962 1521 1035 typo·

442 1052 581 1133 graphica
595 1070 649 1136 pro
665 1054 804 1117 civilibus
816 1062 846 1117 et
863 1056 995 1137 politicis
1006 1054 1097 1117 rohos
1120 1058 1228 1134 nequit
1240 1056 1425 1131 consistere,
1437 1057 1466 1117 ai
1478 1056 1521 1117 le-

441 1153 517 1231 galis
543 1152 607 1217 hano
625 1170 727 1217 rerum
749 1156 912 1220 morellum
937 1162 968 1218 et
992 1154 1205 1231 religiosarum
1232 1154 1284 1215 hrt
1309 1156 1468 1235 aceptim
1490 1173 1522 1217 ar

440 1254 576 1334 proinde.
591 1262 627 1317 ut
646 1271 716 1319 vers
728 1256 779 1333 sit,
794 1256 881 1319 debat
898 1254 984 1319 nulla
1004 1272 1128 1336 prorsus
1140 1255 1319 1317 limitatione
1332 1257 1368 1315 in
1391 1254 1462 1317 ullo
1475 1274 1523 1316 or·

439 1352 509 1415 dine
522 1354 666 1417 cohiberi.
682 1388 723 1401 -
735 1356 766 1417 4.
780 1357 913 1433 Constat,
927 1362 962 1416 ut
979 1358 1042 1435 jem
1061 1354 1171 1434 saepius
1193 1356 1377 1430 notavimus,
1398 1356 1521 1417 liherh·

440 1458 500 1515 tem
511 1456 766 1536 typographicam,
781 1456 958 1535 ubicunque
971 1456 1029 1517 luit
1041 1455 1179 1533 regimen
1191 1454 1424 1517 hheralisticum
1441 1456 1522 1516 insti·
1608 1503 1609 1536 3

441 1556 551 1629 ortum,
567 1551 730 1633 plenumst
748 1556 931 1619 illimitatom
943 1556 1038 1618 luisse
1060 1556 1095 1617 in
1107 1571 1288 1633 quocunque
1298 1554 1411 1616 ordine
1431 1555 1523 1616 liher-

439 1656 530 1714 lalem
553 1653 719 1731 inductum,
747 1656 836 1717 etism
861 1656 916 1718 uhi
939 1654 1119 1719 Conste'trett'o
1140 1672 1195 1717 seu
1208 1654 1366 1717 Statutum
1391 1654 1522 1716 solemni
1608 1701 1609 1742 3

437 1752 637 1817 declaratione
651 1756 846 1819 conlirmahat
862 1758 1041 1834 religionem
1059 1756 1238 1818 catholicum
1257 1755 1383 1816 unicem
1404 1770 1524 1834 perma-

438 1870 509 1917 nere
523 1855 674 1935 publicem
699 1858 875 1936 religionem
899 1855 1016 1919 Statua.
1038 1856 1124 1918 liudo
1143 1856 1325 1933 intelligitur
1350 1872 1389 1917 cr
1415 1864 1524 1918 natura

438 1953 502 2033 ipsa
515 1956 671 2031 regiminio
684 1957 815 2019 libertini
836 1958 1007 2019 necessario
1017 1956 1097 2032 lieri,
1120 1962 1165 2033 ot,
1182 1954 1332 2035 quidquid
1352 1956 1388 2015 in
1402 1964 1523 2017 contre·

436 2054 518 2115 rium
531 2054 709 2119 Conditotio
729 2058 795 2139 ipen
815 2058 986 2130 sanciverit,
1007 2058 1130 2119 lihertss
1144 2056 1370 2137 typographica,
1383 2058 1482 2117 etiam
1491 2059 1521 2118 in

437 2152 542 2215 ordine
566 2156 724 2221 moretiel
748 2157 905 2235 religioso,
927 2158 1019 2240 piena
1038 2164 1069 2219 et
1095 2156 1250 2219 illimitata
1275 2156 1386 2218 debeat
1409 2155 1520 2237 populo

440 2254 570 2324 renodi.

478 2358 557 2435 srgo
568 2364 683 2421 serlum
695 2358 752 2423 hoc
771 2366 801 2422 et
815 2361 1003 2440 exploratum
1023 2366 1079 2437 est,
1096 2359 1134 2421 ad
1154 2356 1337 2420 liherdistioi
1358 2357 1520 2435 regiminis

439 2460 599 2521 essentiam
610 2460 758 2539 pertinere
773 2460 941 2523 lihertclem
953 2459 1198 2541 typographicam
1212 2457 1243 2518 in
1264 2474 1457 2537 quocunque
1469 2475 1522 2519 or-

439 2556 522 2635 dine,
538 2560 628 2621 etiem
639 2560 746 2623 morali
761 2560 949 2638 etreligioso
965 2560 1131 2641 plenumst
1145 2558 1340 2620 illimltatom.

479 2660 513 2717 2⁰
543 2660 689 2735 Regimen
713 2659 888 2722 libertinum
911 2662 1010 2739 gignit
1031 2678 1068 2721 ex
1091 2660 1227 2722 essentis
1254 2676 1318 2720 sues
1342 2660 1524 2721 necessitate
1608 2705 1609 2738 ,

439 2760 642 2820 monstrosum
664 2759 741 2821 illud
764 2762 947 2840 institutum,
969 2759 1052 2839 quod
1067 2758 1232 2820 falsissimo
1252 2758 1379 2819 nomine
1400 2757 1523 2820 ἱῶσεω
1608 2753 1609 2768 ’

440 2857 622 2921 conscientie
635 2863 733 2923 vocari
755 2861 842 2938 solet,
866 2879 937 2924 vere
950 2867 1052 2924 sutem
1072 2867 1102 2924 ct
1121 2861 1242 2941 proprie
1261 2859 1414 2939 appellari
1435 2859 1524 2922 dehet

440 2955 561 3020 icimur
566 2957 695 3041 publico
710 2961 871 3043 impietatis
883 2963 916 3024 in
929 2962 1003 3042 ipsis
1014 2960 1142 3036 ciuibus,
1151 2957 1366 3042 polytheiemua
1375 2958 1523 3039 politicus

441 3058 473 3119 ih
495 3057 654 3136 gubernio.
670 3093 710 3109 -
733 3063 806 3124 Nam
832 3062 955 3124 libertas
974 3061 1165 3124 conscientie
1189 3060 1286 3121 uocari
1305 3063 1469 3122 consuevit
1488 3078 1522 3122 ea

443 3159 567 3224 saeuius
587 3165 700 3240 qinein
713 3165 860 3241 regimine
881 3163 1022 3224 libertino
1036 3162 1178 3223 omnihus
1191 3165 1222 3222 et
1243 3160 1377 3237 singulis
1403 3161 1522 3223 civilius

443 3262 624 3341 conceditur,
642 3270 678 3324 ut
690 3280 708 3325 a
720 3263 864 3340 religione
883 3281 978 3342 quam
1000 3263 1120 3344 publice
1139 3261 1265 3340 professi
1286 3260 1426 3338 lucrant,
1441 3279 1524 3341 que-
1608 3328 1609 3333 χ

443 3377 563 3441 cunque
583 3363 638 3425 ille
658 3365 707 3438 slt,
733 3381 804 3426 scre
817 3365 864 3426 vel
883 3363 972 3439 lolsa,
986 3361 1150 3425 orthodoxa
1164 3361 1212 3424 vei
1230 3361 1383 3438 heretica,
1405 3366 1526 3443 possint

323 3453 330 3466 ‘
444 3479 498 3542 pro
518 3479 574 3524 suo
593 3463 691 3526 lubitu
713 3464 833 3545 publice
853 3463 1014 3542 discedere,
1042 3461 1080 3524 ad
1101 3463 1194 3523 aliam
1216 3461 1386 3539 quemlihet
1399 3463 1525 3542 publice

445 3563 581 3636 honsire,
609 3565 746 3626 omnium
770 3571 919 3626 sechrrrm
933 3581 967 3626 ec
989 3564 1238 3644 superstitionum
1258 3569 1288 3624 et
1306 3563 1386 3624 utus
1400 3561 1526 3644 puhlice

445 3677 592 3740 exercere,
612 3669 642 3726 et
656 3683 771 3728 errores
790 3665 912 3747 puhlice
930 3665 1048 3742 docere,
1063 3671 1093 3726 et
1106 3664 1201 3726 socios
1218 3662 1339 3744 puhliee
1353 3671 1525 3743 protegere,

320 3845 322 3852 Α
445 3765 521 3844 quin
533 3767 594 3829 ulla
606 3768 646 3829 sit
658 3768 786 3848 publicu
800 3767 931 3848 perlidim
941 3773 972 3829 et
989 3767 1103 3846 puhlici
1123 3765 1261 3846 periurii,
1277 3767 1390 3827 erroris
1401 3769 1526 3846 puhliee

446 3866 598 3946 venalitati,
617 3863 816 3949 corruptionis
836 3867 962 3930 morolio
984 3868 1102 3948 publice
1115 3867 1230 3944 jactate
1243 3866 1363 3946 punitio
1376 3869 1524 3947 cuiquam

445 3967 690 4048 pertimescenda.
706 3969 788 4032 lianc
801 3975 902 4031 sutem
914 3968 1043 4049 publice
1057 3969 1217 4048 impietatis
1230 3966 1418 4030 horrendem
1434 3969 1525 4031 licen

445 4069 517 4130 tiam
532 4071 698 4133 necessario
711 4069 907 4148 consequier
926 4071 1067 4131 libertina
1087 4067 1241 4146 regiminis
1253 4069 1360 4130 formal
1369 4071 1442 4148 jem
1456 4071 1528 4132 hre-

444 4170 520 4232 viter
528 4173 689 4252 probatum
697 4178 742 4236 est
754 4172 831 4234 libro
842 4173 889 4243 lV.
906 4189 938 4232 n.
955 4173 1030 4249 5263
1050 4170 1142 4248 quem
1157 4169 1256 4231 locum
1271 4167 1332 4244 adi,
1351 4171 1380 4230 si
1395 4171 1505 4250 placet

484 4273 553 4334 liae
571 4273 694 4336 libertas
714 4273 842 4353 publium
863 4271 1024 4350 impictatis
1045 4269 1120 4332 solet
1138 4271 1228 4330 etiam
1248 4269 1398 4350 appellari
1420 4270 1526 4334 ciuilis

444 4371 573 4433 omnium
587 4373 764 4457 religionum
778 4371 933 4455 oequolt'tca
947 4368 1066 4454 (dgule'td
1076 4367 1127 4430 des
1139 4369 1256 4449 culter).

485 4469 517 4532 3·
527 4467 730 4538 Liberalistioa
745 4473 902 4552 regiminis
916 4473 1020 4534 dorma
1035 4471 1112 4550 parit
1129 4468 1328 4532 essentialiter
1349 4471 1524 4534 ahsclmm

445 4576 657 4650 separationem
670 4589 771 4636 rerum
787 4573 1057 4636 ecclesiasticarum
1074 4569 1246 4632 acivilihns
1259 4573 1289 4629 et
1301 4569 1449 4648 politicis,
1468 4574 1525 4634 se·

445 4671 542 4734 olesim
565 4691 581 4734 n
599 4675 751 4738 Gubernio
784 4675 928 4748 seculari,
953 4673 1100 4734 nimirum
1133 4666 1308 4732 elisiernum
1340 4669 1524 4751 poleticum

446 4771 525 4849 quod
546 4773 622 4837 libro
637 4775 686 4853 lli,
704 4793 735 4838 n.
753 4777 823 4851 525,
840 4777 905 4855 ison
925 4773 1086 4855 probetum
1107 4778 1161 4850 est,
1176 4779 1266 4850 atqtm
1278 4785 1314 4833 er
1329 4771 1456 4852 publico
1470 4771 1519 4832 illa
