3559 5675
462 704 522 769 dit
866 724 947 771 rums
968 724 1129 775 numnius

462 829 615 908 lonrplete.
630 833 708 907 nego
718 831 831 891 tributa
843 833 956 909 auique
970 834 1050 895 sodo
1071 832 1289 911 proportionata
1302 828 1339 891 ad
1353 828 1417 905 eius
1433 826 1508 889 tortu·

463 945 519 991 nas
532 930 714 1009 imponenda
723 938 806 993 snut.

503 1032 596 1092 Pron.
613 1034 644 1091 2·
657 1046 744 1094 esra.
756 1034 834 1092 —lu
847 1033 946 1110 priore
958 1030 1051 1109 hujus
1063 1029 1219 1108 positionis
1232 1034 1312 1105 parta
1323 1026 1466 1105 probmda
1476 1044 1513 1085 m

462 1128 615 1190 tendimus
633 1132 744 1207 auique
755 1128 837 1191 soa-io
857 1131 970 1191 tributa
993 1129 1173 1208 imponenda
1186 1142 1255 1191 osan
1269 1126 1513 1205 proportionatam

462 1230 530 1305 ejus
542 1230 706 1289 tenuitates.
724 1230 814 1305 etqui
827 1228 865 1289 ad
878 1231 1025 1305 eujusqne
1035 1227 1205 1289 lsaultatnru
1221 1226 1349 1304 partinet
1362 1240 1424 1285 nou
1433 1224 1514 1285 solum

462 1334 610 1405 quantum
629 1330 759 1406 quisque
780 1328 943 1407 possident,
966 1326 1019 1389 aad
1040 1328 1129 1388 etiam
1143 1331 1292 1403 quantum
1315 1324 1476 1385 detrimenti
1487 1340 1514 1381 ιι

462 1434 543 1489 sarta
564 1427 695 1504 quadam
719 1444 844 1489 suarum
868 1427 1043 1489 imullatum
1066 1426 1287 1487 mutributione
1310 1422 1415 1501 oapiat.
1432 1423 1515 1497 laius

462 1525 599 1586 ridelioet
616 1526 831 1590 detrimentum
844 1534 891 1589 est
910 1528 937 1588 ei
951 1530 1004 1604 qui
1020 1534 1143 1589 uentum
1157 1532 1339 1587 mutatorum
1348 1520 1516 1585 solummodo

462 1624 596 1687 redditus
614 1626 775 1703 possideat,
793 1629 884 1687 unius
894 1628 1141 1703 unanimorum,
1157 1642 1251 1701 quam
1268 1626 1308 1685 ait
1319 1625 1421 1685 denam
1434 1628 1517 1683 saula-

463 1728 561 1783 torum
575 1726 696 1786 amissio
705 1728 735 1785 ei
746 1728 800 1802 qui
811 1726 895 1787 mille
911 1732 1093 1787 mutaturum
1108 1742 1225 1785 annuos
1238 1724 1375 1787 redditus
1388 1722 1518 1801 pereipiat.

462 1823 539 1897 Ergo
548 1826 581 1883 in
594 1825 715 1885 tributis
721 1826 833 1901 auique
842 1828 922 1886 socio
936 1824 1127 1903 imponendis
1136 1825 1212 1884 ratio
1223 1840 1347 1901 quoque
1355 1820 1517 1893 detrimenti,

461 1922 542 1997 quod
557 1925 665 2000 auique
678 1924 787 1985 exinde
799 1928 966 2003 proveniat,
982 1924 1121 1987 habende
1136 1930 1191 1985 nst.

502 2021 592 2081 tono.
608 2024 737 2085 Conona.
754 2029 782 2086 t.
800 2056 836 2071 ·-
851 2026 1046 2101 luiquinrima
1059 2042 1126 2086 essa
1141 2022 1327 2100 quamioqua
1338 2028 1462 2101 possunt
1473 2020 1520 2098 pri·

461 2119 567 2195 vilugio
576 2121 713 2197 quasdam
723 2130 756 2184 et
773 2124 989 2194 inmunitates,
1005 2141 1086 2200 qrrae,
1102 2123 1195 2183 relato
1206 2123 1243 2183 ad
1256 2123 1371 2182 tributa
1385 2120 1519 2191 solvenda,

461 2220 589 2295 gratuito
598 2235 721 2297 prorsus
730 2222 887 2283 nonnuliis
900 2222 1110 2296 concedantur,
1125 2237 1252 2299 quasque
1268 2220 1369 2281 nolent
1384 2236 1436 2298 pro
1448 2219 1519 2295 regia

461 2319 646 2381 liberalitatis
655 2322 894 2383 ethauadaeutiar
900 2323 1079 2387 tamimouiis
1090 2322 1204 2384 haberi.
1213 2318 1519 2399 nuutin,atejusmuti

460 2418 666 2480 immunitates
687 2421 1000 2482 arbitrarieeouressaa
1021 2422 1157 2500 publiano
1178 2420 1311 2481 redditus
1327 2420 1427 2480 solum
1444 2418 1521 2479 diuu-

461 2524 600 2589 nuaram,
612 2518 790 2579 damnandae
801 2526 901 2579 umen
915 2520 980 2580 sine
994 2520 1087 2581 dubio
1099 2526 1210 2593 emunt,
1228 2524 1376 2595 tanquam
1398 2518 1455 2578 iile
1468 2532 1520 2593 uua

459 2613 606 2673 damnum
620 2617 750 2676 societati
761 2616 896 2677 aderant.
909 2620 946 2678 nt
959 2618 1139 2697 plenumque
1154 2620 1267 2694 mnjora
1278 2618 1416 2693 quedam
1426 2618 1520 2693 iniqui·

460 2716 520 2770 trte
531 2714 681 2788 ejusmodi
689 2714 895 2777 immunitates
905 2716 1050 2778 laborant.
1063 2718 1165 2790 Quum
1179 2716 1259 2777 anim
1274 2715 1370 2777 iidem
1381 2714 1519 2775 nihilomi-

460 2825 521 2872 nus
540 2812 675 2875 redditus
692 2814 814 2894 publico
826 2818 931 2878 aronio
945 2817 1145 2892 destinantur,
1161 2817 1262 2878 miseri
1283 2816 1408 2894 plebeii,
1428 2817 1521 2876 uinum

460 2911 518 2972 sibi
538 2913 662 2990 summis
675 2915 849 2990 quenulam
858 2916 959 2978 labore
973 2916 1122 2978 luorantes
1132 2917 1275 2994 supplere
1284 2921 1446 2992 eoguntur.
1456 2911 1520 2990 quod

459 3011 581 3072 ditiores
599 3014 645 3073 illi
658 3016 847 3076 oontribuere
863 3015 1019 3092 deberent,
1039 3023 1068 3076 et
1086 3017 1218 3093 gratuito
1230 3016 1284 3076 illo
1296 3010 1521 3093 privilegiolulti

459 3111 586 3172 minime
597 3113 801 3174 nontrtbunnt.

498 3209 630 3271 torona.
643 3214 674 3270 t.
687 3241 723 3258 ·-
733 3215 776 3272 lix
791 3213 884 3274 altera
897 3229 961 3292 pos.
976 3213 1051 3274 mo·
1065 3221 1148 3292 parte
1160 3213 1315 3274 euidenter
1329 3215 1520 3290 consequitur,
1580 3193 1581 3285 ι

459 3307 603 3381 injustam
626 3323 691 3368 ease
715 3309 798 3370 illam
821 3311 1003 3372 imbuturum
1027 3313 1249 3389 impositionem
1274 3329 1347 3390 quai
1370 3311 1521 3374 secundun

458 3403 626 3480 simplicem
649 3406 796 3470 bonomia
810 3425 877 3486 quan
891 3411 1021 3488 quiaque
1041 3411 1202 3490 possideat,
1225 3414 1449 3490 proportionem
1469 3411 1519 3469 irat

459 3504 577 3563 Etenim
590 3505 713 3565 metas
724 3506 811 3567 debet
823 3511 972 3586 aeriusque
983 3513 1055 3572 aonii
1066 3511 1179 3572 bonnm
1192 3527 1356 3590 procurrere
1370 3509 1519 3574 seeundum

457 3601 632 3676 ssffllimflffl
646 3605 736 3681 luris,
753 3606 834 3683 quod
848 3609 978 3686 quisque
992 3609 1102 3671 habnt:
1118 3610 1200 3686 (att)
1213 3613 1267 3688 jue
1278 3619 1383 3672 autem
1398 3607 1521 3690 pauperis
1579 3621 1580 3640 ι

458 3697 497 3756 ad
509 3715 594 3760 suam
607 3718 730 3779 suamne
743 3705 866 3765 familiae
877 3711 1126 3770 sustentationem
1136 3709 1232 3770 mirlto
1245 3712 1370 3786 gravius
1381 3716 1426 3772 eat
1444 3719 1520 3785 quau

457 3797 510 3872 jus
527 3795 628 3858 divitis
641 3799 677 3859 ad
692 3803 849 3863 commoda
866 3804 1043 3882 supernum
1055 3816 1155 3884 atquo
1169 3809 1268 3883 magia
1289 3815 1365 3872 sunt
1377 3806 1521 3887 supernus

458 3893 578 3966 divitia,
593 3899 706 3974 quibus
720 3900 907 3975 instruitur,
922 3905 1071 3966 eominus
1084 3923 1174 3982 grava
1187 3913 1232 3967 ast
1240 3912 1306 3986 jus,
1317 3908 1400 3984 quod
1412 3906 1452 3968 ad
1463 3919 1521 3965 suot

458 3991 592 4054 redditus
613 3997 670 4056 silri
694 3999 864 4060 retinendos
886 4001 986 4064 habet.
1014 4005 1101 4082 Ergo,
1123 4010 1157 4064 ut
1174 4006 1286 4067 tributa
1299 4009 1364 4066 aiut
1380 4011 1469 4086 justa,
1489 4003 1520 4060 iu

458 4092 639 4171 imponenda
661 4103 742 4171 suut,
758 4104 792 4158 ul
806 4101 920 4161 ratione
945 4102 1046 4162 tributi
1070 4119 1121 4181 pro
1136 4111 1216 4166 certo
1235 4121 1410 4184 pauperum
1429 4101 1520 4164 ordino

457 4191 561 4252 eadem
574 4201 745 4256 constanter
756 4205 908 4273 manente,
925 4204 1001 4262 ratio
1018 4203 1122 4264 tributi
1135 4220 1153 4264 a
1167 4204 1328 4267 ditioribus
1352 4202 1480 4266 solvendi
1492 4213 1519 4258 at
1578 4229 1579 4263 t

458 4291 553 4364 magis
574 4300 729 4368 surgentum,
756 4311 817 4372 quo
843 4302 940 4374 major
961 4301 1023 4362 illia
1045 4309 1090 4362 est
1112 4303 1284 4366 divitiarum
1307 4303 1518 4385 superfluum

457 4401 597 4448 summu:
612 4407 680 4466 quar
693 4393 816 4469 quidem
830 4399 933 4458 tributi
945 4401 1116 4479 imponendi
1131 4406 1218 4478 ratio,
1235 4406 1388 4484 impositio
1395 4413 1519 4483 promti·

456 4489 521 4546 siaa
532 4489 606 4550 solat
617 4493 768 4570 appellari.
1316 4531 1320 4544 ·

499 4581 671 4650 somnos
688 4593 771 4654 537¹.
787 4597 849 4656 er
864 4597 908 4657 3¹.
931 4631 972 4646 -
990 4601 1112 4663 Tributa
1133 4604 1247 4666 direpta
1270 4607 1308 4667 iis
1324 4598 1519 4666 unmmmnto

456 4684 637 4763 imponenda
650 4698 731 4762 suut,
745 4695 859 4770 naribus
871 4696 925 4756 illa
938 4697 1047 4762 direete
1057 4703 1144 4763 utilia
1157 4711 1230 4766 sunt
1242 4705 1357 4766 lutura.
