3559 5675
542 760 648 807 sunus.
674 780 711 801 -.
734 761 819 807 ainau
840 762 1011 807 unuscurus.
1256 739 1315 804 tot

265 858 339 921 bendi
353 870 448 939 erunt,
462 882 520 943 quo
531 867 678 944 potentior
691 868 796 945 hostis,
814 870 1026 945 gravioresque
1047 868 1118 930 belli
1133 861 1319 947 suscipiendi

263 976 343 1021 eausa
352 970 432 1035 situl,
442 964 581 1025 delictum
592 967 716 1041 scilicet,
728 968 774 1027 rel
784 968 943 1042 damnum,
955 968 1004 1027 vel
1015 968 1182 1046 periculum
1196 964 1310 1043 (ttdlt.

265 1060 471 1137 igiturgravitu·
482 1066 510 1125 in
524 1068 693 1127 sociotatem
704 1068 762 1127 sibi
775 1068 968 1128 commissam
981 1072 1080 1145 peccat
1091 1067 1143 1126 illc
1159 1068 1309 1144 princeps,

262 1159 305 1233 qui
320 1162 445 1222 medium
462 1165 581 1241 aliquod
604 1166 742 1226 militaris
765 1166 951 1227 defensionis
979 1164 1195 1226 stodensionis
1218 1163 1314 1239 negli-

260 1257 352 1333 gendo,
367 1259 435 1320 belli
456 1264 568 1323 exitum
593 1263 727 1341 adeoque
749 1267 841 1327 totius
862 1266 993 1327 notionis
1008 1266 1145 1326 fortunas
1159 1266 1314 1343 ipsamque

259 1356 437 1433 existentiam,
454 1364 485 1421 in
498 1362 659 1425 discrimen
670 1364 807 1425 adducat.
833 1367 910 1426 Hinc
924 1382 993 1427 vero
1016 1365 1103 1426 lacile
1122 1364 1248 1425 trahitur
1261 1378 1313 1422 so·

259 1452 323 1517 iulio
334 1460 518 1535 problematis
530 1446 704 1540 quaerentis,
726 1482 802 1525 num
825 1465 962 1527 duellum
976 1465 1014 1527 ob
1027 1480 1147 1525 causam
1163 1462 1313 1548 publicem

259 1557 400 1633 etpubliea
416 1564 598 1635 alletoritate,
625 1565 663 1624 ad
680 1566 913 1626 controversiam
928 1565 1057 1625 duarum
1081 1564 1219 1640 gentium
1229 1560 1328 1623 belli·x

259 1658 409 1728 gerentium
422 1661 634 1741 dirimendam,
648 1664 780 1725 indicere
794 1665 894 1726 liceat.
1158 1730 1162 1741 ¹

294 1760 372 1819 1203.
388 1763 457 1823 Pos.
472 1764 554 1823 594³.
565 1765 762 1838 -Quamdiu
772 1782 839 1844 spes
850 1764 975 1841 affulget
985 1762 1055 1827 boni
1064 1764 1144 1841 juris
1154 1762 1235 1824 bello
1246 1762 1319 1823 satis

259 1860 396 1921 commode
418 1864 537 1940 tuendi,
552 1882 710 1943 nurrquam
724 1872 819 1944 potest
830 1865 950 1928 socialis
971 1864 1131 1927 auctoritas
1146 1863 1318 1942 permittere

259 1962 285 2015 ut
296 1958 401 2034 duello,
421 1965 561 2037 quamvis
582 1965 701 2043 publica
717 1966 890 2027 auctoritate
904 1970 1053 2043 suscepto,
1078 1979 1126 2025 res
1147 1962 1316 2025 dirimatur.

291 2062 375 2121 Pron.
401 2096 438 2107 -
461 2064 591 2140 Bellum,
605 2082 785 2145 quecunque
804 2068 941 2128 decausa
955 2066 1146 2145 suscipiatur,
1167 2064 1317 2126 obintimi

257 2159 332 2218 etiem
344 2162 414 2221 ciuis
426 2163 648 2241 defensionem,
663 2174 708 2227 est
720 2167 801 2227 lucta
812 2166 944 2244 socialis.-
957 2169 1112 2229 communi
1123 2168 1203 2229 bono
1217 2182 1318 2229 neces·

255 2262 318 2318 ser-iu
329 2267 354 2335 (l
365 2264 447 2342 183).
465 2266 554 2342 Ergo,
572 2268 631 2327 nisi
647 2269 758 2328 bonum
775 2284 937 2329 commune
950 2268 1136 2348 periclitetur
1148 2268 1238 2344 longe
1251 2284 1317 2329 ma·
1365 2313 1369 2319 -

253 2365 295 2435 jue
312 2366 418 2427 damno
433 2370 517 2444 quod
532 2370 645 2431 bellum
667 2372 780 2445 alieret,
802 2370 962 2447 nunqnam
981 2371 1096 2431 bellum
1118 2371 1174 2430 crit
1187 2370 1313 2429 licitum.

254 2464 292 2531 tt,
306 2484 320 2521 c
334 2470 495 2542 eorrtrario,
506 2471 531 2529 si
544 2471 615 2531 boni
625 2472 795 2531 communis
809 2472 885 2531 ratio
898 2470 1012 2531 bellum
1024 2468 1167 2548 postulat,
1179 2467 1317 2545 illudque

253 2560 281 2619 nd
294 2578 483 2627 communem
498 2570 631 2629 salutem
656 2572 858 2631 necessarium
873 2578 929 2648 est,
944 2584 1137 2647 nequaquam
1157 2569 1257 2630 licebit
1269 2584 1316 2628 so-

251 2660 308 2720 cieli
329 2666 381 2742 ipsi
405 2669 576 2727 summitati
588 2668 666 2729 bello
680 2670 868 2747 suscipiendo
890 2670 1103 2749 supersedere3
1127 2668 1315 2747 quiapubli-

251 2776 285 2821 ca
301 2768 482 2827 summitatis
504 2768 635 2829 osticium
656 2778 711 2844 est,
727 2788 887 2832 commune
908 2773 1022 2830 bonum
1046 2769 1314 2832 ellicacitsrtuteri.

252 2865 318 2942 Ergo
333 2885 385 2930 nec
411 2871 516 2930 licebit
542 2871 663 2931 fortuito
689 2873 784 2932 duelli
808 2875 928 2934 eventui
952 2873 1138 2933 committere
1159 2871 1316 2952 publicum

250 2964 316 3042 illud
329 2969 461 3043 bonum,
474 2975 561 3047 cujus
576 2972 688 3031 tutandi
710 2987 799 3032 cause
824 2971 939 3031 bellum
954 2972 1104 3048 agendum
1119 2978 1197 3032 esset
1222 2989 1230 3029 τ
1246 2971 1317 3048 quia

252 3065 297 3126 tale
310 3067 451 3129 duellum
464 3076 539 3129 esset
563 3071 697 3131 medium
720 3071 871 3144 inefficax,
896 3077 996 3148 utpote
1022 3077 1126 3148 suapte
1142 3075 1256 3130 'tratura
1272 3069 1317 3127 in·

248 3173 362 3242 certetur,
381 3170 418 3229 ad
444 3171 484 3227 rei
499 3169 624 3248 publicar
636 3171 850 3230 ‹leiensionenn
861 3172 984 3244 Quoties
1004 3171 1084 3231 enim
1095 3185 1185 3246 grave
1194 3169 1315 3245 aliquod

248 3269 388 3341 negotium
404 3271 513 3345 inquo
531 3269 739 3338 alienantur,
755 3272 875 3346 integrm
893 3272 1056 3350 prasertim
1077 3271 1208 3329 nationis
1223 3269 1316 3327 alicn-

245 3365 301 3440 jus,
316 3367 399 3427 salus
414 3369 526 3444 agitur,
542 3370 655 3429 ratione
667 3371 728 3445 geri
743 3377 848 3448 perteret,
864 3387 1054 3446 nequaquam
1064 3369 1136 3430 sorti
1149 3376 1178 3428 et
1189 3369 1315 3428 lortuuae

247 3463 312 3523 illud
322 3468 511 3528 committere
525 3467 592 3528 lic-ct
609 3470 635 3528 ei
646 3485 736 3545 quom
750 3468 817 3528 talin
833 3468 958 3543 nogotii,
974 3485 1067 3544 quem
1094 3468 1249 3546 aptissime
1265 3484 1316 3544 po·

245 3571 304 3639 test,
319 3567 445 3642 gerendi
461 3567 594 3628 officium
615 3569 724 3646 premit
744 3569 837 3643 (liet.
853 3570 944 3645 Atqui
959 3569 1053 3630 duelli
1066 3569 1163 3628 exitus
1188 3573 1233 3627 est
1250 3583 1317 3628 om·

245 3665 309 3726 nine
325 3667 469 3727 lortuitus
484 3688 491 3726 :
508 3667 678 3745 seliguntur
689 3669 771 3729 enim
791 3657 935 3745 utrinque
953 3675 1136 3747 pugnatores
1151 3668 1236 3745 tiqui
1248 3669 1315 3727 uic-

244 3765 316 3826 toriae
328 3766 386 3828 sibi
399 3767 553 3843 speranda
565 3768 713 3846 optimum
734 3771 787 3846 jus
799 3767 940 3841 habeant,
952 3769 993 3826 ita
1007 3774 1040 3825 ut
1054 3766 1210 3844 praevideri
1229 3765 1315 3826 nullo

243 3870 318 3938 pacto
341 3867 439 3942 possit
461 3863 529 3942 quis
552 3867 644 3925 victor
668 3867 706 3926 sit
732 3883 887 3928 evasurus.
914 3864 1031 3926 Bellum
1046 3879 1128 3937 vero,
1149 3865 1311 3941 prasertim

243 3964 325 4038 quale
339 3983 355 4025 a
370 3965 553 4026 cultioribus
567 3964 686 4044 populis
703 3965 794 4026 hodia
816 3966 880 4043 geri
904 3963 1072 4031 consueuit,
1095 3962 1231 4034 rationis,
1243 3979 1315 4039 pru·

243 4061 342 4125 dentiae
365 4073 396 4125 et
417 4067 536 4126 virtutis
555 4083 630 4144 opus
645 4073 700 4141 est,
719 4067 759 4126 ita
782 4067 884 4143 utqui
909 4063 1038 4143 populus
1060 4061 1153 4122 armis
1173 4078 1228 4121 sua
1243 4064 1315 4138 jura

244 4162 414 4225 ulciscenda
442 4166 597 4244 suscipiat,
619 4167 767 4244 optimum
794 4165 902 4226 ducem
929 4165 995 4225 suis
1017 4162 1111 4241 copiis
1138 4160 1315 4240 praelioiens,

243 4269 470 4341 constantesque
483 4281 571 4326 curas
585 4271 614 4325 st
627 4270 752 4326 conatus
764 4265 801 4326 ad
817 4265 933 4325 bellum
951 4270 1073 4323 strenue
1085 4259 1250 4339 gerendum
1264 4258 1316 4318 ad·

243 4360 357 4438 bibens,
372 4364 446 4426 belli
459 4383 476 4424 a
489 4382 521 4425 se
540 4365 665 4442 gerendi
683 4366 804 4446 justitia
824 4364 1045 4435 inflammatus,
1067 4361 1234 4441 plurimum
1249 4377 1314 4438 spe-

242 4478 303 4522 rare
318 4471 487 4543 potestesse
498 4467 620 4527 victoria
632 4467 809 4546 potiturum.
823 4465 910 4539 Quod
920 4467 1041 4542 siquam
1051 4464 1185 4543 primum
1197 4462 1313 4523 cladem

242 4565 394 4642 acceperit,
410 4571 505 4643 potest
519 4567 630 4626 iterum
644 4565 723 4626 vires
737 4583 811 4626 snas
823 4567 957 4641 relicere,
967 4570 1058 4642 atque
1073 4565 1183 4624 iterum
1195 4563 1313 4624 collatis

244 4661 335 4737 signis
354 4663 472 4726 bostem
487 4665 657 4744 profligare.
672 4669 769 4727 Potest
781 4664 888 4726 saltem
902 4664 978 4726 fines
987 4680 1059 4724 suos
1069 4663 1108 4723 ab
1120 4661 1253 4723 hostium
1268 4662 1315 4721 in·

246 4764 387 4825 cursionc
403 4763 573 4850 defendere.
591 4767 690 4856 Potest
706 4767 848 4848 denique,
865 4766 891 4826 si
906 4765 1010 4826 minus
1021 4780 1162 4847 prospere
1185 4762 1321 4827 delensio
