3559 5675
451 730 509 794 rto
858 746 938 794 cunis
958 742 1116 791 usrunurs

456 852 510 915 iila
526 857 557 914 et
569 854 722 915 cautiones
741 853 920 929 innumero,
935 850 1047 930 quibus
1067 856 1132 910 tum
1147 848 1185 908 ab
1197 846 1356 909 bominum
1370 848 1511 913 fraudibus

446 956 518 1031 jura
533 950 675 1027 defendit,
687 952 857 1028 cujusmodi
876 958 948 1013 aunt
964 952 1082 1025 notarii,
1097 954 1198 1025 testes,
1217 949 1373 1028 publicum
1391 950 1512 1027 sigillum
1583 994 1584 997 ,

450 1053 559 1115 charta
571 1054 763 1132 impressum,
778 1060 847 1129 etc„
861 1058 927 1111 tum
943 1068 960 1113 a
975 1048 1117 1130 temporis
1129 1050 1252 1127 injuriis
1273 1050 1377 1110 eadem
1391 1051 1512 1129 protegit,

450 1152 622 1229 cuiusmodi
636 1158 708 1212 scint
721 1151 848 1231 publicas
859 1150 982 1227 tabulae,
999 1149 1131 1223 archiva,
1150 1156 1357 1222 monumenta,
1371 1155 1426 1211 etc.

492 1255 543 1314 lll.
565 1252 646 1314 llibil
666 1268 738 1313 saue
754 1253 875 1328 jurium
893 1250 997 1311 notitia
1016 1248 1180 1329 prodesset,
1196 1248 1221 1308 si
1236 1248 1362 1327 impune
1382 1249 1470 1329 decipi
1489 1250 1515 1310 in

452 1370 560 1414 eorum
576 1354 880 1431 materia-possemus.
900 1352 937 1413 lit
954 1366 1036 1425 vero,
1049 1355 1197 1425 quantum
1216 1356 1412 1410 veteratorum
1427 1349 1462 1409 ad
1474 1348 1516 1409 bl-

453 1452 579 1513 leodum
592 1452 722 1513 versutia
736 1452 867 1526 acuitur,
882 1456 1000 1511 tautum
1013 1448 1131 1510 socialis
1146 1448 1301 1525 vigilantia
1310 1448 1347 1509 ad
1358 1449 1516 1528 scciosprc

454 1550 634 1613 muniendos
652 1551 814 1631 perficitur.
837 1551 936 1624 Quare
962 1552 991 1609 1ο
1005 1564 1120 1627 mappa
1135 1546 1385 1627 chorographicam,
1398 1549 1517 1610 custodes
1583 1542 1584 1567 ¹

453 1655 647 1731 campestres,
669 1649 781 1729 publici
805 1650 1042 1726 agrimensores,
1063 1646 1182 1707 termini
1208 1653 1237 1707 et
1257 1648 1318 1708 alia
1344 1646 1515 1726 hujusmodi,

455 1757 568 1811 certam
588 1766 741 1827 agrorum,
761 1750 815 1827 qui
834 1750 924 1829 primi
945 1748 1133 1809 fortunarum
1151 1746 1248 1808 funus
1264 1754 1293 1807 et
1307 1748 1406 1829 prima
1423 1746 1518 1809 lunda-

455 1854 557 1910 mcuta
580 1854 663 1925 sunt,
681 1848 818 1909 notidam
838 1847 1040 1927 suppeditant.

495 1952 528 2007 2⁰
541 1947 656 2009 Publici
670 1952 830 2023 mercatus,
849 1948 927 2023 sigui
948 1945 1061 2027 publici
1074 1946 1105 2005 iu
1119 1960 1232 2006 merces
1251 1946 1423 2024 impressio,
1435 1946 1519 2025 prica-
1583 1998 1584 2025 ,

457 2048 522 2108 lirae
534 2047 691 2107 facultates
709 2052 874 2127 opportune
891 2062 1048 2121 concessa,
1058 2045 1176 2123 judices
1196 2045 1378 2121 mercatorii,
1392 2047 1519 2107 mercium
1583 2054 1584 2099 l

453 2146 630 2224 qualitatem
649 2152 679 2207 et
690 2150 773 2225 justa
787 2163 892 2208 earum
908 2146 1002 2226 pretia
1018 2144 1187 2221 revelando,
1200 2162 1218 2205 a
1231 2136 1411 2207 callidorum
1428 2144 1521 2205 fraudi·

455 2249 515 2311 bus
527 2265 680 2326 quomque
694 2253 827 2311 tuentur.

500 2348 753 2409 crotonenses
776 2348 895 2427 publica
915 2348 1012 2409 forma
1034 2347 1204 2426 impressio,
1226 2346 1341 2408 indicos
1365 2346 1520 2414 nummarii,

460 2441 560 2502 unitas
574 2440 742 2519 pendentm
753 2447 781 2503 et
791 2458 1014 2520 mensurarum,
1027 2441 1153 2523 publicas
1163 2440 1404 2517 argentariorum
1417 2456 1521 2509 mensa,

460 2546 572 2600 certam
586 2540 721 2618 pecunias
737 2541 873 2602 nondam
885 2546 917 2603 et
927 2539 1045 2601 facilem
1058 2546 1212 2618 tutamque
1223 2539 1359 2618 pecuniae
1375 2536 1523 2602 mercanda

461 2641 611 2702 rationem
624 2640 896 2721 cuiquepraebent.
1007 2656 1011 2663 ·

501 2739 534 2799 4ο
547 2739 698 2813 Quoniam
712 2756 783 2802 aero
796 2739 903 2802 mciale
917 2742 1130 2802 commercium
1145 2738 1279 2801 crebram
1292 2742 1373 2802 inter
1387 2736 1523 2801 indiuidua

463 2837 727 2913 consuetudinem,
742 2839 861 2901 crebros
873 2843 1057 2901 commeatus
1076 2837 1225 2918 postulat3
1246 2856 1315 2917 quaa
1331 2839 1395 2900 duo
1412 2851 1524 2899 crescere

464 2935 563 2997 solent
575 2936 681 2998 eadem
701 2937 828 3012 ratione,
845 2953 906 3014 qua
918 2937 1067 2998 societatis
1087 2937 1233 2997 urtirersae
1257 2936 1399 3016 expolitio
1420 2934 1523 3007 croscit;

463 3034 572 3097 idcirco
583 3037 616 3096 iu
635 3036 773 3098 socictate
792 3037 899 3113 quavis
918 3035 1079 3114 perfectius
1100 3037 1261 3097 constituta
1277 3035 1418 3097 ridemus
1433 3033 1525 3096 acirili
1583 3071 1584 3148 1

462 3135 638 3197 auctoritate
651 3141 681 3197 et
694 3136 751 3197 viis
766 3136 891 3197 urbanis
905 3136 1030 3196 nomina
1041 3142 1071 3196 et
1089 3135 1229 3197 domibus
1251 3153 1396 3198 numeros
1411 3131 1526 3222 inscribi,
1583 3153 1584 3228 p

464 3239 494 3295 et
507 3235 624 3296 viamm
643 3241 835 3296 arcanarum
852 3235 1029 3296 directiones
1044 3235 1181 3311 iudicari,
1197 3241 1226 3296 st
1238 3234 1413 3298 distantiam
1429 3234 1462 3295 ad
1479 3245 1526 3292 unc
1583 3237 1584 3246 ’

467 3334 532 3397 lom
544 3334 580 3394 ad
595 3334 692 3394 alium
709 3339 842 3395 accurate
854 3335 962 3408 notari,
978 3335 1084 3396 aldios
1098 3335 1189 3396 variis
1202 3329 1408 3414 concionibus,
1424 3332 1525 3408 religio·

467 3431 525 3502 sis,
549 3432 735 3507 scientificis,
755 3433 955 3508 momamriis,
983 3432 1160 3511 voluptariis
1187 3432 1350 3496 destinatos
1377 3425 1527 3494 denuntiari

463 3530 594 3609 publicis
616 3532 664 3593 vel
684 3530 967 3611 proclamationibus
982 3532 1031 3593 vel
1045 3532 1290 3612 inscriptionibus
1305 3532 1352 3593 vel
1372 3527 1527 3594 calendariis

464 3631 515 3692 rel
534 3631 679 3692 statutis:
705 3649 836 3708 quorum
863 3631 1001 3692 omnium
1029 3631 1206 3711 compendia
1227 3631 1366 3710 quadam
1388 3628 1528 3691 utilissima

466 3727 1031 3810 ephemeridesquotidiaiupublicum
1050 3731 1202 3793 exhibent.
1583 3713 1584 3796 s

510 3831 559 3892 lli.
575 3832 708 3910 Denique
721 3831 890 3910 plurimum
902 3830 1075 3910 reipublice
1085 3832 1219 3907 inter-est,
1233 3836 1268 3890 ut
1280 3829 1411 3908 quisquc
1422 3825 1527 3900 nouerit,
1583 3819 1584 3856 ³

470 3944 538 4007 quai
552 3930 664 4008 regula
676 3933 877 3994 communiter
887 3931 927 3994 ab
941 3931 1083 3992 omnibus
1097 3929 1246 3992 servanda
1258 3931 1330 4007 siut,
1343 3937 1376 3990 ut
1390 3945 1475 3991 suum
1485 3926 1529 3986 bc·

469 4045 546 4090 uum
560 4030 716 4110 proprium
739 4049 791 4111 per
801 4032 952 4093 societatis
972 4031 1208 4110 cooperationem
1222 4029 1385 4090 obtineant.
1401 4027 1433 4088 ld
1447 4029 1529 4086 auom

470 4135 588 4208 praelat
604 4132 701 4192 civilis
721 4132 879 4193 auctoritas
901 4130 1019 4192 facilem
1039 4131 1148 4208 cuique
1169 4129 1387 4208 suppeditando
1405 4131 1529 4188 rationem

472 4229 576 4306 legum
590 4230 747 4292 socialium
760 4231 1034 4309 cognoscendarum
1051 4252 1058 4290 :
1074 4230 1154 4309 quod
1172 4229 1296 4309 quidem
1311 4247 1372 4308 quo
1386 4235 1464 4308 pacto
1480 4219 1531 4284 ficti

473 4331 612 4407 possitae
625 4329 743 4408 debeat,
756 4332 892 4404 iuferius,
908 4331 963 4393 ubi
977 4329 1013 4393 de
1028 4331 1130 4408 legum
1145 4329 1385 4410 promulgatione
1399 4323 1529 4405 agcudm

473 4429 543 4502 erit,
555 4429 763 4510 explicabitur.

376 4507 386 4527 ⁸
513 4528 583 4590 898.
606 4531 741 4594 Conona
752 4565 792 4578 -
806 4535 849 4595 Ex
862 4534 899 4594 iis
909 4548 977 4610 ques
990 4531 1118 4593 breviter
1133 4529 1170 4592 de
1184 4530 1244 4592 fine
1259 4547 1291 4592 ao
1304 4530 1341 4591 de
1355 4527 1441 4589 modo
1450 4521 1529 4585 civica

472 4623 638 4706 discipline
649 4637 680 4692 ot
691 4633 869 4694 cruditionis
881 4631 1047 4712 prebendas
1061 4631 1227 4708 attigimus,
1242 4629 1327 4691 facile
1338 4635 1382 4690 est
1391 4628 1453 4704 ejus
1465 4622 1529 4695 legat

474 4729 604 4822 morales
617 4733 768 4811 colligere.
789 4735 818 4796 1⁰
834 4731 986 4795 Sociatmis
1004 4731 1206 4804 officiumst,
1222 4731 1346 4794 civicam
1366 4729 1438 4792 banc
1450 4720 1528 4785 socio·
