3559 5675
551 716 659 765 satana.
691 738 719 749 -
744 720 826 765 tinen
848 722 1021 769 undenarius.
1266 700 1349 764 loa·

281 814 351 877 illurn
371 832 571 904 propagentur,
595 828 762 891 voluntario
777 846 925 893 consensu
943 830 1150 909 amplectatur,
1170 826 1223 887 ubi
1240 830 1326 884 tran·

279 915 356 991 quillc
367 921 531 1003 sinceroque
543 930 648 989 animo
658 931 718 994 illae
733 940 762 993 et
775 932 931 993 tradantur
946 938 976 993 et
984 931 1116 993 vicissim
1127 927 1324 1005 excipiantur.

279 1016 447 1095 llocquidam
459 1028 558 1089 medin
575 1036 660 1093 sectae
673 1050 778 1093 ornnes
793 1033 951 1109 religiosae,
964 1034 1062 1113 primo
1078 1028 1242 1110 praesertim
1254 1032 1323 1087 ortu

276 1132 332 1187 suo,
349 1122 437 1186 solent
450 1128 506 1189 nti.
523 1112 735 1213 lt}qnoniam
753 1134 900 1196 falsarum
913 1135 1117 1196 doctrinarum
1139 1130 1222 1196 error
1242 1125 1324 1187 brevi

275 1214 415 1305 detegitur,
433 1230 531 1289 omnis
550 1241 654 1295 earnm
671 1234 830 1295 auctoritas
848 1236 961 1302 sensim
981 1233 1141 1307 dilabitur,
1160 1242 1325 1304 earumque

274 1321 423 1384 auctoribus
434 1343 468 1387 ac
484 1334 616 1407 patronis
630 1334 689 1395 alia
703 1334 811 1397 deinde
824 1342 914 1415 atqrm
924 1335 983 1396 alia
997 1333 1097 1395 media
1108 1331 1144 1392 ad
1160 1330 1229 1392 illas
1239 1342 1324 1389 cons-

273 1415 429 1485 tabiliendae
449 1444 483 1489 ac
500 1434 704 1511 propagandas
718 1438 923 1515 conquirenda
938 1441 1021 1499 sunt.
1037 1433 1212 1497 Christianae
1232 1430 1324 1507 igitur

270 1522 357 1589 denes
366 1541 432 1587 unae
444 1528 559 1607 pollent
567 1533 624 1595 hac
636 1537 665 1595 vi
674 1539 927 1615 praestantissima.
939 1556 1006 1615 quae
1017 1522 1197 1615 populorum
1210 1532 1325 1621 mentes

269 1622 342 1692 abne
356 1624 469 1688 animos
489 1632 626 1709 subigere
647 1644 816 1699 constanter
830 1640 926 1717 ualet3
951 1639 1025 1717 quia
1046 1635 1192 1710 moralem
1204 1647 1237 1693 ac
1250 1626 1325 1689 reli-

269 1720 363 1793 tiosanr
378 1731 530 1795 veritatem
544 1754 611 1799 unae
625 1742 787 1819 possident.
803 1744 901 1805 llacvi
910 1742 1004 1803 fretus
1013 1742 1165 1803 Saxonum
1177 1731 1323 1806 ἰῦθΰῐθὶθ·

269 1822 433 1889 occardus
452 1834 578 1909 llagnus
593 1840 737 1901 coercuit:
753 1841 808 1902 hac
821 1842 968 1907 ilenricus
982 1836 1253 1909 llunncsdomnit3
1270 1822 1326 1892 hac

267 1916 329 1981 lltlro
339 1924 536 1995 Scandimvos
547 1942 739 2017 compescuit.

297 2028 414 2095 Tertiam
432 2035 566 2115 denique
588 2042 734 2104 rationem
758 2042 880 2105 adhibet
903 2045 985 2104 natio
1004 2044 1119 2116 victrix,
1146 2056 1200 2102 sen
1213 2054 1324 2117 quum,

263 2136 317 2203 post
326 2133 475 2197 victoriam
487 2142 568 2216 juste
579 2148 706 2219 partam,
720 2144 848 2203 nationis
866 2143 989 2205 devictae
998 2145 1115 2203 animos
1126 2142 1184 2202 sibi
1195 2156 1248 2218 per
1258 2136 1325 2205 cle-

261 2232 399 2309 nentiam,
423 2253 481 2315 per
502 2240 632 2316 reniam,
656 2260 708 2320 per
727 2242 878 2303 benelacta
899 2243 1037 2303 conciliat
1058 2257 1093 2301 ec
1106 2240 1248 2313 devincit,
1268 2255 1322 2298 sen

260 2342 341 2403 qaum
357 2334 518 2399 relationes
532 2340 634 2417 populi
645 2340 751 2402 devicti
766 2358 836 2403 cum
850 2342 957 2402 vicinis
968 2340 1086 2419 populis
1103 2338 1153 2398 tali
1168 2342 1231 2397 arte
1240 2353 1321 2397 corn·

261 2432 1320 2517 ponit,ntnovasinjuriascontraillamsinegrarissimoeoqueeridenti

259 2544 302 2589 sno
311 2528 416 2597 damno
428 2535 532 2597 moliri
545 2544 684 2617 nequeat.
1317 2592 1321 2599 .
1364 2528 1368 2533 ⁸

289 2631 365 2703 Quod
379 2646 454 2697 vero
463 2636 499 2697 ad
512 2638 632 2701 vincula
643 2639 766 2718 physica
775 2640 914 2719 pertinet,
924 2638 1174 2701 accommodanda
1184 2637 1239 2698 illa
1250 2641 1322 2698 sunt

258 2726 288 2787 ad
305 2731 444 2796 cultiores
468 2743 521 2796 aut
542 2736 684 2799 barbaros
703 2740 833 2801 nationis
846 2739 970 2801 daneta
982 2755 1092 2804 mores.
1113 2727 1145 2800 s'i
1158 2739 1240 2800 enim
1255 2736 1320 2796 baec

258 2832 306 2890 bn
319 2832 429 2896 inculta
448 2843 477 2897 et
490 2836 550 2898 lera
566 2839 615 2909 sit,
632 2844 665 2898 ut
682 2840 767 2901 nulla
789 2840 896 2900 morali
907 2841 951 2915 vi,
970 2839 1057 2900 nulla
1067 2836 1213 2900 materiali
1227 2836 1320 2916 puni·

257 2927 334 3004 tione,
353 2935 451 2996 nullis
463 2937 553 2998 minis
568 2939 683 3000 domari
703 2941 827 3001 omnino
840 2947 869 3000 et
879 2941 1025 3002 contineri
1037 2941 1142 3018 possit,
1163 2943 1234 2998 tunc
1247 2952 1321 2997 sene

254 3035 371 3094 extrema
389 3052 523 3114 quaeque
544 3041 669 3118 experiri
691 3040 727 3101 ad
744 3044 812 3118 ejus
833 3041 971 3102 ferociam
993 3037 1191 3115 frangendam
1207 3021 1321 3095 'victrici

252 3129 351 3196 nationi
372 3138 480 3216 utique
494 3137 573 3200 licet.
591 3141 704 3218 ltaque,
726 3142 752 3201 si
771 3141 958 3204 existentiam
976 3142 1109 3216 juraque
1125 3154 1182 3197 sua
1198 3149 1321 3215 prorsus

253 3236 404 3296 necessaria
424 3236 561 3316 populns
582 3238 675 3300 victor
697 3241 774 3300 tueri
789 3239 874 3300 aliter
891 3257 983 3317 quam
998 3238 1115 3299 barbari
1132 3232 1320 3327 hostisrcaede

252 3343 279 3390 ac
293 3335 420 3410 pernicie
441 3352 501 3398 non
517 3337 619 3416 possit,
639 3338 737 3400 licebit
757 3355 827 3400 sane
840 3339 885 3400 illi
900 3339 1016 3400 hostem
1029 3337 1066 3399 nd
1084 3353 1176 3398 noras
1190 3333 1319 3411 injurias

252 3427 449 3511 insurgentem
470 3455 641 3519 oppugnare
663 3439 699 3500 ad
723 3439 955 3501 internecionem
977 3445 1175 3516 usqneatque
1193 3435 1318 3497 omnino

249 3527 348 3593 delere.
363 3536 487 3598 Atvero
502 3538 651 3616 ejusmodi
673 3556 759 3599 casus
778 3545 822 3599 est
844 3537 995 3600 moraliter
1017 3536 1226 3616 impossibilis:
1244 3533 1319 3611 qnia
1429 3620 1432 3624 A

248 3628 357 3692 cultiori
367 3636 586 3715 cuivispopulo
596 3637 737 3700 adversus
749 3637 890 3698 barbaros
902 3637 1089 3714 belligeranti
1101 3635 1318 3714 plurimasem·

247 3743 292 3804 per
304 3732 403 3796 media
415 3735 619 3815 suppeditant,
630 3737 936 3814 quibnsseeuritatem
950 3753 1037 3798 suam
1047 3737 1112 3795 sine
1123 3733 1319 3795 barbarorum

248 3833 376 3894 omnium
396 3835 483 3898 carde
501 3837 576 3897 tueri
599 3841 703 3915 potest.
721 3837 903 3915 Hnjnsmodi
919 3842 990 3896 sunt
1003 3833 1126 3897 castella
1138 3839 1168 3894 et
1183 3847 1266 3892 arcer
1278 3829 1316 3891 ad

246 3925 352 3990 subitas
367 3932 560 3996 incursiones
574 3933 779 4012 impediendas
793 3940 858 4013 apte
868 3933 1025 4013 disposita,
1037 3931 1169 3992 militnm
1180 3926 1318 4008 praesidia

247 4025 278 4085 ed
294 4027 367 4092 lines
385 4033 542 4096 collocata.
557 4033 675 4097 Adsunt
696 4041 835 4114 praeterea
845 4051 951 4096 omnes
965 4032 1025 4094 illae
1037 4038 1128 4107 artes,
1139 4031 1252 4110 qulbus
1264 4029 1317 4089 bo·

246 4129 358 4191 minum
380 4139 501 4212 pectora
523 4133 567 4195 vel
590 4136 754 4213 asperrima
775 4135 877 4210 leniri,
900 4135 1065 4214 presertim
1087 4131 1242 4210 religionis
1259 4146 1316 4208 ope

245 4232 425 4314 adspirante,
438 4235 534 4314 adque
545 4235 581 4298 ad
595 4235 790 4296 humanitatis
809 4251 917 4296 sensus
930 4234 1074 4315 paulatim
1086 4234 1194 4299 adduci
1207 4235 1314 4298 solent.

244 4333 336 4406 Quare
352 4339 429 4399 culti
441 4337 579 4400 homines
594 4339 644 4398 isti
658 4337 689 4396 in
704 4335 810 4397 iisdem
820 4343 977 4398 versantur
984 4337 1217 4397 circumstantiis
1228 4341 1317 4413 atque

242 4434 289 4496 ille
302 4441 356 4516 qni
375 4441 408 4498 in
425 4439 487 4504 loco
506 4439 623 4500 munito
649 4455 684 4500 ac
697 4442 760 4498 tuto
774 4437 939 4497 consistens
959 4437 1115 4501 inimicum
1127 4439 1243 4516 injuste
1265 4453 1316 4515 ag·

241 4539 426 4612 gredientem
439 4542 544 4618 utique
553 4539 712 4600 vulnerare
726 4539 881 4598 autetiam
895 4537 1035 4598 mutilare
1048 4544 1153 4618 potest,
1173 4544 1203 4598 at
1211 4537 1318 4616 nequit

240 4641 317 4715 juste
329 4639 422 4700 illurn
434 4639 566 4701 occidere
579 4639 675 4716 (756).

278 4739 333 4798 Ubi
347 4755 423 4800 uero
437 4741 571 4800 nationes
582 4721 733 4818 politiores
745 4738 888 4813 utrinqne
902 4741 1048 4814 pugnant,
1069 4737 1163 4798 caedes
1174 4737 1234 4798 illae
1248 4741 1315 4815 post
