3559 5675
401 640 442 703 to
807 656 889 704 mars
909 654 1069 705 urmasms

401 778 489 824 mum
506 763 539 823 in
553 780 586 823 re
600 780 650 825 ars
660 762 738 827 bona
750 765 938 844 gubernandi
950 764 1102 839 consistat,
1118 768 1148 824 et
1158 778 1226 841 quaa
1238 759 1330 823 simul
1348 756 1478 839 pericula

402 867 433 924 et
443 878 538 942 mnae
551 864 664 926 malam
676 866 718 927 rei
734 866 862 946 publica
875 864 1123 944 gubernationem
1138 866 1313 941 sequantur.
1330 858 1479 922 Nimirum

403 960 542 1023 homines
559 962 727 1041 gubernare
749 971 794 1027 est
810 964 932 1026 eosdem
946 962 1126 1025 consociatos
1137 976 1256 1021 morere
1268 958 1306 1021 ad
1319 974 1479 1019 commune

320 1099 323 1103 ι
402 1062 584 1125 bonumne
601 1062 740 1125 homines
759 1064 890 1145 proiecto
904 1062 1112 1125 conventibus
1132 1076 1165 1123 ac
1186 1060 1320 1136 iunibns,
1335 1057 1481 1137 wemed-

403 1162 529 1225 modum
540 1162 640 1226 trabee
653 1170 683 1225 et
693 1180 776 1236 saxa,
787 1164 838 1225 sed
854 1179 946 1225 sensu
961 1164 1119 1225 erratione
1130 1166 1298 1223 moventur.
1309 1160 1386 1221 Sunt
1398 1159 1479 1219 enim

403 1262 543 1325 homiues
559 1265 641 1325 entia
659 1265 801 1326 sensitiva
816 1269 846 1324 et
859 1263 1028 1337 rationalia,
1051 1262 1082 1321 in
1096 1260 1209 1340 quibus
1222 1260 1297 1321 ratio
1315 1265 1360 1319 est
1373 1258 1482 1339 prinoi-

403 1363 489 1443 pium
508 1363 690 1442 operationis
706 1364 847 1443 specifice
868 1364 944 1440 (33),
970 1362 1104 1439 adeoque
1129 1360 1225 1437 magis
1248 1359 1368 1440 proprie
1391 1366 1482 1419 natu·

404 1461 490 1523 ralis.
511 1463 625 1525 Sensus
643 1480 713 1527 vero
725 1464 763 1525 ad
776 1464 890 1525 animal
909 1462 1087 1539 generalitor
1108 1461 1250 1539 pertinet,
1263 1466 1353 1539 atque
1372 1458 1482 1520 idcirco

403 1560 587 1623 elementum
602 1563 732 1624 informe
751 1561 882 1623 naturali
903 1560 1036 1621 hominis
1057 1560 1221 1639 operationi
1236 1560 1358 1639 praebet.

444 1662 542 1723 Homo
554 1663 659 1741 igitur,
669 1662 806 1724 absolute
817 1661 978 1739 loquendo,
992 1666 1128 1721 movetur
1140 1660 1178 1719 ab
1188 1676 1224 1720 eo
1237 1660 1290 1737 qni
1305 1660 1482 1720 nativitatem

405 1762 474 1838 olus
485 1761 676 1837 rationalem,
687 1760 719 1823 id
731 1760 980 1837 estuoluntatem,
992 1776 1111 1822 movere
1123 1764 1228 1839 potest.
1240 1759 1356 1833 At,nisi
1366 1764 1483 1819 motum

407 1858 490 1921 hunc
503 1860 651 1923 voluntati
664 1863 846 1941 impressum
860 1861 1022 1923 conformis
1037 1860 1192 1938 dispositio
1205 1858 1337 1919 hominis
1349 1858 1483 1919 sensitivi

407 1960 552 2037 pracedat
563 1967 617 2022 aut
627 1961 733 2023 saltem
746 1962 906 2023 comitetur
919 1966 1009 2039 atque
1028 1960 1161 2036 edJuvet,
1174 1957 1307 2019 hominis
1320 1957 1373 2018 ille
1386 1965 1486 2018 motus

408 2058 466 2119 erit
483 2062 552 2139 eius
564 2068 679 2123 nature
701 2062 806 2123 minus
822 2066 1041 2123 consentaneus
1062 2060 1195 2137 adeoque
1216 2058 1315 2119 lentus
1333 2064 1362 2117 et
1376 2058 1486 2137 imper-

408 2157 515 2231 ieotus‚
528 2163 659 2240 exeeptis
678 2161 803 2222 sortasse
824 2161 901 2221 raris
923 2159 1105 2238 quibusdam
1128 2157 1314 2236 hominibus,
1328 2158 1359 2217 in
1374 2158 1487 2235 quibus

409 2259 487 2321 ratio
497 2260 681 2322 validissime
695 2262 822 2341 perlecto
835 2260 949 2322 outone
962 2259 1154 2320 facultatibus
1167 2258 1350 2319 dominatur.

450 2361 528 2437 Ergo
544 2368 618 2422 tuno
626 2360 751 2422 demum
767 2360 915 2441 periratus
928 2360 985 2421 erit
996 2375 1071 2421 usus
1091 2359 1286 2433 auctoritatis,
1299 2356 1420 2437 quando
1434 2358 1488 2420 ille

411 2475 475 2520 non
489 2459 589 2521 solum
606 2478 662 2541 pro
675 2461 792 2539 objecto
802 2476 964 2523 commune
977 2460 1091 2521 bonum
1106 2458 1238 2530 habebit,
1254 2458 1304 2520 sed
1324 2458 1414 2519 etiam
1433 2476 1488 2539 pro

411 2557 520 2620 modiis
532 2560 697 2635 adhibebit,
712 2560 1000 2641 praeterjurst'onom,
1015 2576 1082 2638 qum
1102 2559 1284 2621 voluntatem
1298 2559 1326 2619 ri
1344 2560 1423 2638 juris
1436 2559 1490 2619 in·

411 2656 516 2733 flectit,
534 2661 623 2721 edam
644 2660 868 2739 permmrbaem,
886 2676 955 2739 qum
982 2660 1168 2722 intellectum
1189 2660 1311 2737 subigit,
1336 2663 1366 2721 et
1382 2656 1488 2719 donum

348 2754 361 2780 ⁹
411 2750 557 2833 sanabile,
570 2763 659 2839 cujus
671 2761 869 2843 apprehensio
882 2766 981 2822 totum
995 2761 1150 2822 bominem
1169 2759 1341 2821 interiorem
1355 2757 1390 2819 ad
1408 2775 1491 2820 com·

412 2873 507 2920 muna
520 2860 635 2922 bonum
647 2861 748 2923 allicit.

452 2959 538 3022 Unde
548 2962 727 3039 intelligitur
739 2961 794 3024 bae
806 2969 886 3025 recta
900 2961 1064 3025 doctrinae
1079 2961 1165 3023 nobis
1182 2958 1285 3021 tradita
1297 2975 1487 3038 nequaquam

412 3061 595 3141 principium
614 3061 798 3123 utilttorr'ren
810 3063 947 3124 absolute
966 3061 1095 3140 excludi,
1113 3060 1165 3122 sed
1188 3058 1265 3120 illud
1284 3059 1489 3140 superioribus

412 3161 537 3222 rationis
548 3163 709 3238 etiustitiaa
722 3163 878 3241 principiis
894 3162 994 3222 solum
1007 3161 1208 3222 subordinari.

453 3263 492 3322 st
503 3277 574 3322 vero
589 3261 647 3322 lroo
667 3260 826 3338 diligenter
845 3260 1146 3322 animadvertendum
1163 3265 1218 3338 est,
1238 3261 1356 3339 quoties
1375 3260 1493 3340 princi·

414 3359 500 3437 pium
511 3359 691 3421 utilitatium
705 3361 738 3420 in
750 3359 873 3421 homine
886 3361 1035 3422 movendo
1049 3357 1188 3440 prevalet
1199 3361 1352 3442 principiis
1369 3359 1493 3420 rationis

414 3463 443 3517 et
461 3460 599 3536 justitiae,
615 3459 818 3521 inordinatum
831 3461 915 3522 hunc
928 3467 1044 3522 motum
1067 3462 1165 3522 statim
1180 3460 1312 3522 evadere.
1329 3460 1419 3537 Atqui
1433 3459 1493 3520 ho·

414 3558 507 3620 minis
517 3560 688 3641 cuiuspiam
700 3559 849 3623 individui
862 3559 1058 3638 deerdrirmm,
1069 3567 1266 3640 praeterquam
1280 3557 1361 3638 quod
1375 3565 1419 3620 est
1430 3576 1490 3620 ma-

416 3659 482 3718 lurn
497 3660 591 3739 ipsius
604 3659 763 3736 individui,
777 3661 911 3738 adeoque
930 3661 1075 3722 societatis
1097 3662 1134 3722 ad
1153 3678 1247 3739 quam
1261 3659 1337 3721 illud
1353 3659 1493 3737 pertinet,

415 3759 511 3820 tendit
531 3759 570 3820 ad
594 3777 659 3822 sese
679 3762 712 3822 in
734 3761 794 3822 alia
817 3763 966 3822 societatis
990 3761 1127 3822 membra
1149 3759 1375 3839 propagandum
1399 3759 1438 3820 ita
1458 3769 1494 3822 ut
1618 3769 1619 3794 ¹

415 3857 523 3920 evadat
533 3859 650 3921 malum
669 3860 789 3934 sociale,
802 3861 967 3938 prasertim
982 3859 1103 3938 quando
1116 3859 1189 3921 illud
1206 3860 1323 3940 legibus
1334 3859 1495 3923 socialibus

415 3957 546 4037 publice,
561 3961 700 4037 quamvis
713 3961 869 4038 indirecte,
883 3962 1075 4042 approbatur.
1474 4037 1480 4050 ·

456 4059 518 4136 Sic,
531 4077 560 4121 u,
575 4079 621 4140 9.,
636 4061 757 4140 publica
767 4063 926 4124 auctoritas
939 4079 1007 4141 qua
1021 4062 1168 4142 populum
1182 4061 1315 4140 aliquem
1329 4073 1496 4142 compescat

418 4174 579 4237 pravarum
595 4160 759 4222 libidinum
777 4162 928 4225 illecebris
940 4163 1028 4222 illum
1049 4160 1256 4241 mancipando,
1271 4169 1494 4240 temporaneam

416 4257 541 4337 quidem
554 4262 596 4320 rei
609 4261 737 4339 publicae
752 4263 1002 4341 tranquillitatem
1018 4263 1061 4324 sic
1075 4262 1219 4323 obtinebit
1232 4277 1240 4321 t
1251 4269 1284 4348 at
1297 4279 1416 4323 morum
1429 4280 1496 4324 cor-

417 4359 529 4436 ruptio,
543 4376 579 4420 ex
592 4375 654 4436 qua
665 4361 825 4423 utilitatem
838 4361 916 4422 hene
930 4362 1044 4442 petivit,
1055 4379 1172 4422 amaros
1185 4363 1212 4422 ei
1227 4362 1342 4423 lructns
1353 4362 1411 4423 cito
1427 4343 1495 4441 pro-

418 4457 503 4528 teret,
519 4458 558 4518 iis
571 4459 644 4538 ipsis
663 4459 841 4522 libidinibus
853 4460 889 4522 ad
906 4476 970 4522 rem
985 4461 1139 4540 publicam
1153 4461 1390 4540 permiscendam
1404 4477 1495 4523 ever-

420 4555 609 4636 tendamque
627 4560 728 4640 prima
742 4562 848 4640 quavis
861 4559 962 4622 oblata
977 4562 1140 4638 occasions,
1156 4561 1395 4638 erumpentibus.

461 4658 696 4738 item,suprema
706 4663 748 4722 rei
759 4660 887 4753 publicae
899 4661 1065 4740 arroteritae,
1076 4677 1144 4739 qua
1153 4661 1358 4722 ministrorum
1369 4679 1495 4768 silotrum¹
