3559 5675
542 788 653 836 surus.
675 805 716 820 -
736 788 822 834 crem
842 788 1033 840 nuonscurus.
1259 773 1318 846 tib

262 889 450 952 macarium
460 890 655 954 constituerit.
667 892 759 971 Atqui
774 892 884 954 nullibi
896 886 1037 972 legimus,
1051 898 1137 963 nulio
1149 902 1318 965 testimonio

260 992 422 1071 accepimus,
440 992 667 1053 christianorum
692 992 882 1054 multitudini
901 994 1164 1059 indiscriminatim
1185 1000 1278 1062 fuisse
1300 1019 1318 1062 a

258 1092 371 1152 bomine
390 1109 560 1171 supremam
586 1092 724 1155 Ecclesiae
746 1095 953 1153 auctoritatem
973 1095 1128 1179 creditam,
1149 1094 1200 1160 sed
1220 1101 1318 1179 potius

257 1190 355 1249 musut
374 1191 427 1250 uni
449 1196 568 1251 tantum
578 1184 698 1252 homini
714 1190 807 1252 luisse
822 1191 961 1253 traditam
976 1195 1008 1257 in
1022 1182 1199 1258 christianos
1213 1215 1318 1260 omnes

257 1284 362 1365 plenam
374 1294 545 1368 potestatem
560 1288 675 1369 (1·260).
689 1281 779 1369 Ergo,
795 1298 850 1353 etc.
930 1347 932 1351 .

290 1380 321 1444 Ψ
334 1391 367 1450 ln
387 1384 473 1452 nulla
492 1407 615 1472 prorsus
635 1391 773 1453 societate
794 1385 928 1471 publica,
953 1390 1093 1473 quamvis
1113 1388 1320 1461 democraticis

256 1486 349 1550 tornis
363 1489 479 1567 induta,
494 1479 591 1571 potest
610 1490 795 1571 principatus
816 1494 847 1552 in
868 1491 1064 1556 multitudine
1082 1496 1230 1557 sociomm
1248 1499 1319 1558 uni·

254 1604 327 1650 rersa
345 1592 497 1653 actualiter
519 1592 650 1653 residere
669 1588 763 1670 (496).
786 1594 865 1671 Ergo
889 1594 1107 1657 multominus
1129 1598 1161 1656 in
1182 1598 1319 1659 societate

253 1688 410 1769 christiana,
439 1708 507 1771 quar
528 1693 717 1771 amplissima
737 1700 793 1766 est,
816 1710 869 1774 per
891 1698 1044 1773 terrasque
1069 1712 1173 1758 omnes
1194 1686 1314 1774 diffuse,

253 1792 337 1865 poten
354 1784 526 1852 Protarcbia
545 1790 674 1852 residere
690 1807 781 1871 penes
795 1808 903 1852 omues
928 1792 1190 1879 indiscriminatim
1209 1797 1316 1857 socios.

285 1888 496 1953 &Protarchia
512 1890 675 1953 christiana
690 1891 779 1953 debet
798 1908 864 1953 esse
886 1892 1014 1955 risibilis
1028 1892 1146 1974 (129²),
1163 1888 1272 1974 nempe
1286 1897 1321 1955 in¹
1366 1896 1368 1901 ’

252 1992 318 2048 cena
337 1988 473 2052 bumana
495 2004 635 2071 persona*
655 1989 782 2072 physica
803 1992 850 2052 rel
870 1993 991 2069 morali,
1013 1993 1101 2073 plane
1124 1994 1319 2055 determinata

249 2086 370 2150 residens
386 2090 443 2165 ita,
455 2097 490 2151 ut
504 2090 592 2152 facile
611 2090 649 2152 ab
668 2092 811 2152 omnibus
821 2090 1107 2171 volentdruspossi't
1120 2094 1253 2171 agnosci,
1270 2095 1319 2154 in-

250 2190 391 2268 terrogari,
402 2190 581 2252 obedienter
599 2188 708 2252 audiri.
722 2192 814 2269 Atqui
828 2182 992 2252 multitudo
1003 2190 1234 2255 christianorum
1247 2198 1319 2256 uni-

249 2300 324 2347 verse
335 2288 467 2367 prolecto
482 2288 721 2367 haudquaquam
734 2293 779 2349 est
790 2287 848 2350 boc
860 2288 952 2350 modo
965 2288 1104 2352 risibilis.
1119 2290 1221 2369 Neque
1236 2292 1318 2352 enim

249 2382 432 2450 determinari
445 2392 541 2469 potest
558 2394 633 2466 quot
653 2406 688 2449 er
702 2383 765 2449 illis
778 2386 908 2449 debeant
923 2390 1139 2463 convenirent
1159 2382 1320 2450 auctorita-

247 2490 299 2545 tsm
309 2487 459 2567 babeant3
471 2495 561 2567 atquc
574 2494 620 2550 est
629 2490 754 2550 omnino
769 2488 955 2567 impossibile
966 2494 1001 2548 ut
1012 2502 1116 2549 omnes
1127 2490 1315 2550 convenient.

248 2585 311 2656 cus
322 2604 394 2651 sane
406 2590 515 2652 omnia
525 2594 598 2650 sunt
611 2603 664 2670 per
675 2598 707 2651 se
721 2588 962 2659 evidentissima.
1107 2582 1113 2587 ’

233 2711 237 2720 ’
280 2686 311 2747 4·
322 2690 463 2753 dioclesiae
479 2683 640 2752 l>rotarcba
657 2697 705 2752 est
722 2691 894 2751 necessario
914 2688 1084 2752 infallibilis
1100 2684 1211 2772 tanet).
1228 2688 1317 2767 Atqui

247 2786 322 2850 nula
342 2790 582 2853 christiammm
601 2788 767 2852 multitudo
789 2791 886 2870 potest
908 2789 966 2851 sibi
986 2790 1043 2852 boe
1063 2782 1171 2852 divine
1197 2792 1317 2852 virtutis

247 2885 350 2951 donum
370 2891 563 2953 attribuere:
580 2907 653 2952 nam
671 2904 860 2968 quecunque
877 2906 985 2951 corum
1006 2891 1169 2972 multitudo
1190 2889 1279 2954 debet
1301 2909 1320 2952 a

244 2985 322 3051 Petro
339 2991 443 3055 doceri
458 2991 577 3070 (imin
594 3007 656 3051 non
674 2995 720 3052 est
738 2994 839 3051 autem
854 3007 909 3051 cur
926 2989 1025 3051 doceri
1037 2990 1154 3063 debeat,
1175 2993 1200 3051 si
1214 2997 1258 3052 est
1270 2993 1316 3051 in-

243 3083 381 3154 fallibilis.
392 3095 489 3170 Ergo,
502 3098 558 3153 eto.
1029 3115 1031 3118 ·

278 3189 370 3254 Pron.
393 3197 433 3253 2·
445 3205 521 3253 ms
543 3190 650 3252 iisdem
664 3207 739 3270 pene
756 3204 875 3266 argum
889 3187 1001 3267 quibus
1015 3189 1113 3268 prima
1125 3189 1248 3269 probata
1260 3199 1315 3254 est.

244 3292 321 3349 -t⁰
335 3294 371 3354 ln
388 3304 454 3372 qua
465 3299 591 3372 persone
607 3291 734 3352 resideat
748 3305 891 3369 suprema
911 3287 1048 3350 Ecclesim
1061 3291 1237 3367 auctoritas,
1257 3307 1317 3352 non

243 3401 400 3463 possumus
412 3391 539 3474 aliunde
552 3407 646 3468 quam
665 3407 701 3450 ex
720 3389 822 3451 divino
840 3388 1012 3450 ‘testimonio
1032 3405 1218 3466 cognoscere.
1233 3390 1317 3452 unus

243 3489 481 3554 succurretur
500 3491 647 3552 Dominus
670 3494 716 3550 est
735 3488 873 3550 absolute
898 3487 1059 3549 Protcrcba
1080 3489 1219 3550 Ecclesia
1241 3506 1259 3550 a
1283 3503 1316 3551 se

240 3589 360 3654 mnatre
367 3607 378 3670 ;
391 3607 440 3663 ac,
457 3590 575 3670 siquem
590 3591 622 3650 in
640 3607 731 3651 suum
744 3590 844 3650 locum
859 3587 894 3649 ad
908 3589 1072 3650 Ecclesiam
1085 3588 1241 3651 odibiliter
1254 3607 1315 3668 gu-

240 3685 427 3753 bemandam
441 3689 602 3766 suffecerit,
618 3690 733 3769 abipso
748 3701 922 3766 uno,quam
936 3687 1061 3756 demum
1080 3705 1239 3768 personam
1257 3690 1317 3752 ele·

238 3790 320 3864 serit,
341 3790 546 3870 querendum
566 3797 621 3863 est,
635 3796 671 3850 nt
681 3805 779 3869 nuper
792 3788 981 3848 monuimus.
1001 3789 1092 3864 Atqui
1113 3787 1224 3849 nullibi
1240 3787 1320 3867 legi-

239 3903 315 3969 mus,
338 3911 358 3953 e
378 3890 468 3955 nullo
489 3891 590 3954 divino
612 3891 782 3953 testimonio
799 3887 972 3970 accepimus
990 3886 1140 3965 apostolis
1161 3890 1317 3964 omnibus,

237 4007 367 4069 quorum
385 4001 460 4057 sunt
472 3995 608 4075 Episcopi
624 4009 821 4067 successores,
842 3991 936 4082 luisse
955 4007 973 4050 a
994 3990 1121 4050 Domino
1143 3991 1264 4068 plenam
1283 3993 1314 4082 in

237 4092 268 4152 in
279 4093 414 4157 Ecclesia
428 4099 605 4176 potestatem
622 4093 747 4161 seorsim
765 4093 883 4183 aPetro
904 4087 1023 4168 datam3
1045 4089 1099 4149 uni
1116 4097 1218 4172 autem
1232 4089 1317 4150 Petro

235 4197 362 4256 seorsim
383 4187 479 4256 luisse
498 4193 636 4255 traditam
654 4192 750 4255 semel
772 4189 896 4269 (liciti.
912 4188 986 4269 xri),
1003 4191 1113 4250 iterum
1126 4186 1211 4268 (Luc.
1226 4193 1318 4266 xxu),

238 4307 272 4352 ec
283 4297 373 4357 tertio
388 4293 507 4375 (locon.
521 4295 588 4373 xxi)
608 4295 641 4353 in
660 4293 752 4354 sacris
766 4290 938 4368 Evangeliis
957 4289 1143 4369 apertissime
1164 4295 1321 4350 narratum

237 4392 370 4472 legimus
383 4393 501 4475 (taor).
518 4395 609 4472 Ergo,
625 4381 681 4455 ete.

276 4499 312 4558 2·
325 4495 360 4558 Si
371 4496 575 4559 ecelesiastica
588 4494 757 4556 Protarcbie
767 4494 803 4554 in
818 4492 1014 4554 multitudiue
1030 4491 1247 4571 Episcoporum
1260 4490 1324 4550 dis·

240 4709 275 4756 ac
287 4695 421 4775 proinde
434 4696 577 4771 Ecclesia,
591 4710 659 4775 quas
672 4712 734 4757 nou
748 4702 795 4756 est
816 4693 944 4753 risibilis
963 4692 1049 4754 aliter
1062 4709 1155 4768 quam
1172 4708 1224 4770 per
1237 4693 1324 4770 prin-

238 4795 380 4877 cipatum
404 4796 554 4859 risibilem
576 4797 605 4857 ei
626 4794 833 4874 presidentem
853 4791 969 4873 (1267),
988 4796 1017 4851 et
1036 4791 1101 4872 ipsa
1116 4789 1252 4851 evaderet
1273 4792 1326 4884 ip-¹
