3559 5675
421 723 481 790 iio
825 738 907 787 rnen
926 738 1085 788 urrunnun

419 849 470 911 hic
488 846 596 910 ultimo
615 845 680 917 loeo
699 843 864 908 statuendo
878 849 960 908 suot.
975 845 1111 906 ismvero
1126 841 1164 904 sd
1178 847 1256 904 recte
1271 841 1497 922 exsequendum

415 945 497 1026 quod
510 943 655 1008 societatis
668 958 829 1004 commune
842 943 958 1004 bonum
972 941 1113 1024 postulet,
1126 940 1265 1004 morendi
1280 948 1365 1017 sunt,
1381 947 1418 1004 ut
1435 945 1498 1022 jem

415 1045 548 1108 uidimus
566 1059 599 1104 n.
618 1042 708 1120 1036,
719 1047 750 1102 et
761 1040 889 1104 nomines
903 1047 933 1104 et
953 1060 1011 1120 res,
1026 1057 1080 1103 seu
1092 1047 1208 1120 perine
1226 1057 1280 1102 seu
1292 1058 1348 1120 per
1360 1039 1436 1102 uim.
1450 1043 1498 1104 in·

414 1142 597 1224 quirendum
610 1141 703 1220 igitur
715 1141 802 1204 nobis
811 1143 868 1206 erit
881 1139 912 1202 1ο
926 1158 988 1222 quo
998 1147 1084 1224 pscio
1094 1145 1224 1220 potestus
1234 1141 1406 1207 exsecutior
1417 1158 1499 1206 sum·

413 1263 497 1309 mem
503 1242 1016 1323 consecuturusitefficsciemetper
1025 1243 1164 1304 homines
1174 1247 1203 1302 et
1212 1257 1266 1320 per
1276 1244 1497 1322 res,perjuset

413 1347 540 1427 pervim
554 1341 757 1423 adigendum
771 1342 931 1423 impulsos.
949 1347 982 1404 2⁰
997 1341 1069 1404 inde
1087 1337 1229 1418 colligere
1242 1339 1356 1416 licebit,
1372 1357 1439 1418 qus
1455 1359 1498 1402 re·

412 1449 522 1530 tiones
535 1449 674 1526 potestate
686 1443 882 1504 constituente
896 1448 1026 1523 potestus
1041 1441 1209 1504 exsecutim
1221 1440 1433 1520 componendo
1448 1443 1497 1520 sit,

411 1553 446 1611 ut
463 1547 553 1610 iilum
573 1543 710 1608 efficeris
728 1541 856 1621 medum
870 1543 994 1620 attingat
1010 1560 1018 1602 ε
1034 1557 1103 1620 qum
1118 1541 1220 1634 omniu
1233 1542 1372 1620 quinque
1387 1543 1497 1622 captiti·

410 1651 468 1712 bus
481 1644 728 1728 complectemur.

448 1747 527 1825 ism,
545 1743 626 1824 quod
639 1743 767 1824 pertinet
779 1743 815 1806 sd
834 1743 975 1806 homines
989 1744 1072 1824 ipsos
1082 1741 1265 1808 consociatos
1277 1741 1315 1804 sd
1330 1758 1496 1808 commune

406 1847 522 1915 bonum
541 1842 714 1922 movendos,
733 1849 814 1906 tento
831 1842 877 1904 iili
896 1843 1056 1910 validiores
1076 1843 1114 1906 sd
1134 1843 1247 1908 bonum
1264 1844 1495 1922 exsequendum
1588 1848 1589 1877 ¹

394 1951 495 2028 ¹iiunt,
518 1952 632 2028 quanio
651 1946 750 2024 major
770 1942 850 2024 spud
871 1943 940 2008 ilios
960 1951 1005 2008 est
1023 1945 1172 2008 sociorum
1195 1961 1349 2022 numerus,
1373 1943 1496 2008 societis

404 2044 559 2119 concordio
570 2053 600 2108 et
613 2041 808 2106 individualis
820 2042 956 2106 solertia.
972 2045 1033 2108 iios
1046 2045 1151 2108 eodem
1166 2044 1256 2106 modo
1268 2047 1386 2118 crescit,
1404 2063 1436 2107 u.
1447 2065 1493 2128 p,

405 2150 553 2216 exereitus
562 2147 733 2228 cujuspiam
745 2146 790 2208 ris
800 2154 832 2208 et
844 2144 976 2210 efficecie
989 2161 998 2208 z
1010 2163 1067 2211 nec
1080 2163 1228 2210 numerus
1239 2147 1305 2208 sine
1318 2146 1492 2227 discipline,

405 2269 460 2314 nm
470 2250 628 2332 discipline
644 2248 711 2310 sine
723 2263 862 2337 onmem,
878 2263 933 2310 nec
949 2264 1095 2310 numerus
1110 2254 1140 2308 et
1156 2246 1317 2326 disciplina
1330 2247 1397 2308 sine
1414 2247 1492 2310 indi·

405 2350 518 2417 riduuii
532 2350 641 2412 virtute
654 2364 688 2410 ec
701 2347 822 2410 solertia
843 2347 1002 2427 seperatim
1021 2347 1187 2409 sufficiunt.
1205 2348 1274 2410 Tria
1292 2347 1387 2425 igitur
1406 2366 1427 2409 a
1440 2365 1491 2430 po·

406 2457 510 2516 testate
521 2450 690 2513 erweutirs
701 2449 781 2528 apud
795 2448 965 2520 consistent
976 2448 1033 2510 sibi
1042 2448 1232 2510 commissam
1241 2448 1381 2526 sugendo
1394 2457 1489 2534 sunt:

405 2569 543 2616 ensium
560 2550 713 2612 sociorm
728 2565 783 2610 seu
800 2547 976 2626 multitudo,
996 2545 1156 2628 dicendine
1177 2549 1239 2610 sire
1262 2548 1435 2612 obedientis
1453 2549 1490 2612 sd

403 2651 593 2716 concordiem
605 2648 781 2725 neeessmie,
797 2653 923 2710 eternus·
937 2665 1041 2712 eorum
1055 2663 1122 2727 quse
1136 2648 1288 2728 legislator
1302 2651 1488 2730 preceperit

404 2749 881 2825 communiscomnunis
891 2747 1113 2812 innomintbus
1123 2749 1163 2812 its
1172 2749 1327 2813 movendis
1339 2759 1487 2828 versetur,

400 2861 470 2935 epte
482 2850 653 2936 pomis
664 2850 791 2929 dicitur3
805 2850 844 2913 ds
855 2867 918 2929 quc
932 2856 993 2913 toto
1005 2851 1063 2913 hoo
1075 2851 1171 2931 cupite
1184 2852 1217 2913 6ο
1230 2851 1426 2917 disseremus.

443 2957 615 3034 Norensem
626 2956 658 3015 2.
672 2984 709 2999 -
719 2950 898 3015 mmedihiie
909 2957 955 3015 est
967 2969 1061 3032 quem
1075 2952 1174 3015 mults
1185 2970 1341 3034 memque
1353 2954 1484 3017 absurde

403 3060 560 3142 scriptores
573 3052 683 3135 ntiqui,
697 3054 736 3117 de
748 3054 864 3117 rstiooe
879 3056 1000 3117 numeri
1020 3055 1171 3119 sociorum
1186 3056 1219 3117 in
1236 3057 1345 3135 queris
1368 3056 1486 3135 politice

402 3163 540 3225 societate
552 3156 683 3235 sugendi
695 3154 864 3235 mouentes,
874 3155 1029 3235 superiore
1039 3156 1202 3235 presertim
1217 3156 1339 3231 seculo,
1349 3154 1486 3219 effutire

403 3265 473 3327 rint.
486 3256 659 3340 incipiendo
675 3270 808 3335 nemque
826 3255 865 3317 eb
885 3256 924 3317 iis
942 3256 995 3334 qui
1012 3256 1160 3319 societatis
1182 3256 1274 3318 tinem
1289 3256 1435 3320 ultimum
1454 3261 1484 3323 in

401 3358 597 3427 multitudine
614 3354 765 3417 sociorum
786 3352 927 3431 eugendo
949 3354 1192 3431 petrocoriensi
1214 3355 1365 3435 pergendo
1386 3374 1484 3439 usqne

371 3528 376 3535 ,
401 3464 439 3527 ed
454 3462 523 3525 ilios
540 3457 594 3538 qui
611 3456 701 3518 certis
714 3454 898 3533 quibusdem
912 3452 1073 3517 hominum
1086 3454 1233 3517 classibus
1243 3455 1425 3530 ¹coelibatum
1439 3476 1484 3523 co

401 3570 502 3629 conum
514 3555 732 3637 imponendum
744 3570 810 3617 esse
825 3553 1004 3631 docuerunt,
1016 3554 1161 3633 plurimes
1177 3554 1350 3617 inserimus
1364 3556 1399 3617 in
1413 3574 1481 3619 eum
1590 3594 1591 3597 =

402 3667 494 3727 tinem
508 3660 639 3722 renones
656 3653 695 3716 eb
711 3652 818 3715 iisdem
832 3653 954 3731 suggeri
971 3652 1129 3731 socordes,
1142 3653 1330 3733 inhonestos,
1342 3658 1484 3734 tyrsum·

400 3782 464 3839 ees,
476 3754 688 3840 impossibiles.
701 3752 774 3831 itlii,
788 3768 817 3812 u.
831 3769 877 3831 p,
889 3752 996 3813 uolunt
1006 3751 1071 3829 legs
1085 3753 1189 3831 reteri,
1205 3760 1294 3832 utque
1305 3757 1483 3835 opportunis

401 3862 510 3929 inediis
521 3854 670 3939 impediri.
680 3870 719 3915 ne
731 3850 863 3933 populus
873 3868 928 3931 per
938 3856 1068 3915 estemm
1083 3868 1172 3932 pomo
1185 3853 1322 3916 nondum
1334 3852 1410 3917 sutis
1424 3874 1484 3919 ms·

402 3976 470 4031 ture
482 3958 618 4027 comedet
637 3977 645 4017 r
662 3955 715 4019 sed
727 3952 880 4034 quomodo
894 3953 922 4016 id
938 3954 1065 4015 obtineri
1081 3954 1187 4034 possit,
1206 3960 1280 4033 quot
1301 3956 1484 4037 inspectores

401 4070 438 4133 sit
450 4046 827 4151 pomomnmsturitstem
848 4052 1105 4133 mssnoseendcm,
1122 4062 1196 4133 quot
1212 4055 1351 4119 custodes
1373 4058 1413 4121 sd
1433 4078 1483 4121 er-

402 4173 489 4233 bores
502 4159 711 4229 nistodieudes
726 4150 907 4238 preficiendi
922 4156 993 4231 rint,
1006 4171 1068 4216 non
1082 4154 1282 4217 considerant.
1296 4156 1355 4218 iiiii
1375 4148 1484 4221 solunt

403 4268 543 4349 nnuptiis
550 4258 702 4345 prohiberi
711 4272 818 4319 ornnes
827 4255 895 4317 ilios
903 4256 957 4334 qui
965 4254 1042 4317 imis
1050 4255 1136 4332 iscis>
1146 4255 1271 4318 distorto
1278 4272 1401 4337 corpore
1408 4260 1479 4321 sint.

403 4370 462 4432 iiiii
485 4379 594 4428 senum
613 4360 833 4422 virorumcum
850 4356 971 4417 ieminis
984 4356 1160 4433 juvenibus,
1176 4362 1205 4417 et
1223 4358 1375 4433 juvenum
1394 4358 1493 4440 iemi·v

403 4483 511 4533 tranum
531 4480 603 4526 oum
614 4460 688 4523 siris
700 4458 826 4520 senibus
844 4456 986 4535 conjugis
1005 4456 1114 4529 veteri;
1136 4455 1188 4516 alii
1202 4456 1382 4519 econtrario
1394 4458 1478 4520 irene

403 4567 506 4633 omnio
520 4578 641 4626 morum
654 4559 781 4621 licentio
794 4556 900 4634 imeri,
914 4562 943 4617 et
958 4556 1140 4617 teminorum
1152 4554 1394 4637 prostitutionem
1406 4575 1477 4639 pro·

402 4666 514 4734 moueri
524 4682 543 4727 s
555 4662 674 4745 publicu
687 4656 955 4739 potententem,
969 4661 1003 4718 ut
1015 4656 1164 4719 sociorum
1175 4672 1322 4719 numerus
1335 4659 1433 4737 magis
1442 4674 1474 4719 sc

403 4770 500 4849 magis
513 4767 544 4829 in
563 4764 626 4827 dies
644 4766 798 4838 augeatur.
821 4758 897 4819 iiiuc
910 4757 1040 4837 pirisque
1054 4758 1154 4818 stetim
1171 4755 1318 4835 inteliiget
1331 4774 1424 4837 quem
1437 4760 1473 4819 sit
