3559 5675
571 748 676 793 sunau.
703 768 739 777 —
761 752 844 798 aaran
867 754 1036 798 uunrcraus.
1283 736 1343 801 393

308 858 403 917 l‘con.
419 886 455 897 -
468 854 586 917 Bellum
601 862 645 915 est
661 856 778 935 puilica
790 860 869 936 juris
883 859 1037 935 delerrsio;
1053 867 1097 919 est
1118 859 1251 926 defensio
1261 857 1343 937 juris

264 956 396 1017 socialis.
412 956 502 1033 Atqui
517 956 621 1017 nullus
635 964 717 1019 actus
731 965 776 1019 est
789 960 928 1039 publicus
947 965 975 1020 et
991 961 1121 1035 socialis,
1135 966 1240 1041 praeter
1253 960 1343 1019 illum

264 1055 318 1129 qiu
341 1070 358 1113 a
373 1052 474 1113 sociali
490 1056 661 1115 auctoritate
680 1056 877 1134 proficiscitur
890 1058 995 1135 (740);
1022 1065 1051 1119 et
1071 1058 1107 1119 ed
1130 1058 1226 1120 solam
1240 1073 1344 1135 supre-

264 1170 352 1213 mam
372 1156 520 1231 cujrraqua
543 1156 688 1217 societatis
711 1159 918 1218 auctoritatem
942 1159 1070 1235 pertinet
1092 1157 1289 1219 determinare
1310 1157 1343 1216 in

265 1270 329 1330 quo
345 1253 459 1313 bonum
483 1260 512 1315 et
530 1257 582 1333 jus
598 1257 687 1317 totius
708 1258 855 1319 societatis
874 1259 1006 1337 positum
1028 1244 1081 1333 sit,
1104 1257 1199 1335 hujus
1222 1257 1292 1317 noni
1315 1259 1345 1318 et

260 1354 345 1429 jnris
361 1354 551 1415 violationem
567 1357 599 1415 iu
622 1372 806 1434 utroquoque
826 1358 1092 1435 casuparticulari
1114 1373 1289 1433 cognoscere
1310 1372 1344 1417 ac

260 1454 403 1531 judicare
412 1498 423 1530 ,
445 1456 560 1516 bonum
580 1462 609 1515 et
620 1460 671 1535 jus
687 1458 776 1519 totius
790 1459 935 1519 societatis
957 1459 1033 1519 tueri
1048 1458 1141 1535 (990).
1159 1456 1191 1518 ld
1211 1472 1343 1535 namque

264 1553 303 1613 ad
328 1555 477 1615 societatis
498 1556 645 1617 unitatem
669 1563 714 1617 est
734 1558 871 1623 omnium
886 1558 1016 1618 maxime
1031 1558 1245 1619 necessarium.
1267 1560 1346 1634 Ergo

264 1654 369 1713 omnis
392 1661 474 1715 aetus
498 1654 568 1716 belli
593 1642 681 1717 debet
694 1658 742 1717 vel
761 1658 932 1721 immediate
953 1658 1001 1717 vel
1022 1657 1187 1718 mediatae
1207 1673 1345 1737 suprema

264 1752 370 1815 sociali
385 1756 557 1817 auctoritato
574 1756 728 1833 proficisci.
747 1758 833 1834 Ergo,
850 1763 906 1820 etc.
1005 1785 1010 1790 ·

309 1856 399 1913 1186.
418 1854 550 1941 Conoaa.¹
566 1860 590 1913 l.
606 1883 645 1899 -—
658 1856 880 1943 Supremahaec
890 1858 1046 1919 auctoritas
1060 1856 1189 1934 socialis,
1201 1856 1238 1917 ali
1250 1872 1342 1933 quam

265 1956 297 2013 in
311 1970 386 2014 casu
401 1955 575 2033 particulari
588 1958 640 2033 jus
652 1955 726 2017 belli
740 1956 905 2034 indicendi,
914 1959 1050 2036 gerendi,
1065 1957 1263 2039 abrumpcudi
1278 1974 1345 2037 per·

264 2055 354 2127 tinet,
369 2071 432 2113 non
445 2060 488 2114 est
500 2072 618 2133 semper
636 2058 794 2118 auctoritas
815 2056 944 2119 absolute
967 2075 1125 2137 suprema,
1142 2058 1285 2137 sedsaepe
1299 2063 1344 2119 est

260 2154 389 2214 relative
403 2171 562 2233 suprema3
588 2156 736 2217 nimirum
757 2174 900 2237 suprema
914 2160 993 2218 inter
1012 2159 1082 2219 illas
1102 2159 1226 2219 sociales
1239 2165 1343 2219 aucto·

258 2254 376 2325 citatas,
392 2270 459 2331 qua
479 2244 513 2315 in
534 2271 604 2315 casu
620 2257 788 2335 particulari
801 2258 855 2333 jus
875 2258 1023 2317 societatis
1037 2256 1187 2336 evidenter
1200 2256 1343 2317 violatum

259 2360 290 2414 et
305 2358 434 2432 possunt
456 2360 485 2413 et
504 2353 609 2415 volunt
622 2357 715 2415 armis
730 2355 887 2417 efficaciter
901 2356 977 2415 tueri
992 2361 1021 2415 et
1043 2356 1194 2415 resarcire.
1213 2355 1343 2433 Etenim,

262 2452 290 2513 si
313 2454 574 2531 auctoritasque
599 2455 734 2533 plurium
759 2455 932 2515 societatum
953 2453 1117 2531 equalium
1141 2454 1345 2531 aggregatioui

266 2560 388 2632 praeest,
405 2552 452 2613 vel
468 2560 588 2633 propter
600 2556 807 2635 impotentiam
821 2556 867 2615 vel
880 2560 1000 2635 propter
1013 2553 1175 2631 incuriam,
1183 2556 1236 2631 jus
1247 2553 1344 2613 socie-

268 2654 338 2713 tatis
353 2652 496 2713 violalum
513 2670 573 2714 nou
588 2654 739 2723 defendat.
757 2660 827 2717 tuuc
843 2672 916 2717 sane
930 2655 966 2716 ad
979 2670 1152 2733 supremam
1166 2671 1202 2714 ex
1216 2654 1344 2733 particu-

266 2755 385 2815 laribus
407 2754 631 2816 auctoritatibus
653 2772 720 2833 quae
745 2756 788 2815 rei
811 2756 939 2834 publicae
963 2754 1021 2815 sibi
1043 2754 1208 2816 commissa
1232 2755 1344 2815 bonum

267 2856 347 2916 tueri
367 2860 395 2913 ct
413 2861 538 2932 possunt
553 2861 582 2916 et
595 2855 711 2933 volunt,
730 2856 833 2933 utique
851 2839 962 2934 spectat
983 2855 1098 2915 bellum
1118 2871 1172 2934 pro
1190 2854 1345 2915 communi

269 2954 369 3014 salute
392 2955 552 3032 suscipere.
578 2955 669 3014 Omni
688 2970 821 3030 namque
841 2954 974 3016 societati
991 2956 1043 3028 jus
1064 2955 1112 3012 sui
1134 2953 1230 3030 ipsius
1245 2951 1347 3012 deicu-

269 3053 378 3114 rleurim
391 3061 417 3113 el
430 3053 638 3114 conservanda
652 3059 697 3114 est
707 3053 863 3114 essentiale
876 3058 907 3112 et
919 3051 1136 3121 inamissibile3
1157 3066 1256 3126 neque
1267 3050 1347 3127 juris

272 3151 368 3228 hujus
393 3151 568 3212 exercitium
593 3157 689 3230 potest
713 3152 777 3212 ulla
798 3167 932 3230 persona
950 3149 1122 3227 numlibet,
1149 3165 1248 3226 aqua
1268 3147 1346 3206 illuri

273 3249 412 3328 pendeat,
426 3249 469 3308 vel
484 3250 573 3328 culpa
588 3251 636 3312 vel
651 3252 825 3330 impotentia
840 3250 991 3330 impediri.
1007 3250 1101 3326 igitur
1114 3247 1235 3326 publiea
1246 3251 1347 3307 aucto

270 3349 355 3424 ritas,
371 3365 439 3425 qua
453 3350 507 3424 jns
520 3349 591 3412 belli
607 3349 758 3410 indicendi
777 3367 811 3410 ac
829 3349 951 3427 gerendi
966 3349 1067 3424 habet,
1082 3363 1144 3409 non
1157 3363 1277 3424 semper
1292 3363 1349 3405 ue·

271 3463 352 3508 cesse
381 3453 425 3507 est
450 3453 483 3508 ut
508 3449 645 3514 absolute
664 3449 702 3508 sit
728 3448 956 3527 iullepeudeus3
984 3448 1036 3508 sel
1064 3447 1121 3507 hoc
1151 3445 1280 3518 suffieit,
1300 3445 1348 3519 si,

272 3563 422 3608 corrcursu
441 3549 603 3626 superioris
616 3549 810 3622 auctoritatis,
825 3565 842 3608 a
856 3566 918 3626 qua
931 3549 984 3608 illa
1001 3548 1077 3608 iorte
1093 3545 1232 3627 pendeat,
1243 3561 1351 3625 uuam·

273 3647 396 3724 elinque
416 3647 454 3708 cir
476 3664 612 3724 cansam,
627 3648 792 3722 deficiente,
812 3650 866 3725 jus
884 3648 1030 3709 surientis
1050 3647 1108 3707 sibi
1130 3648 1271 3722 subjectis
1288 3646 1351 3706 vio-

274 3749 373 3808 latum
388 3752 517 3824 nequeat
532 3747 617 3808 aliter
630 3765 720 3824 quam
741 3750 835 3809 armis
848 3747 1005 3808 defendere
1021 3763 1056 3807 ac
1067 3747 1226 3807 resarcire.-

315 3848 450 3908 corum.
476 3851 505 3907 2.
520 3881 558 3890 -
575 3847 713 3909 Evidens
728 3857 774 3910 est
794 3847 1001 3926 impotentiam
1024 3844 1108 3905 illam
1129 3845 1178 3905 vel
1203 3846 1352 3906 incuriam

275 3947 413 4026 supremi
427 3947 652 4024 gubernatoris,
666 3951 714 4010 cui
728 3966 780 4009 seu
796 3949 935 4008 volrrutas
948 3963 1002 4007 seu
1014 3947 1059 4006 vis
1072 3945 1150 4007 desit
1163 3945 1202 4006 ad
1215 3945 1353 4007 ordinem

276 4045 439 4124 tuendum,
453 4063 513 4108 non
533 4048 607 4110 levis
620 4049 852 4126 imperfectionis
871 4049 904 4108 in
922 4046 1045 4125 politica
1060 4046 1128 4106 talis
1140 4043 1245 4122 populi
1269 4059 1355 4104 cons-
1402 4121 1407 4128 Ι

276 4149 418 4209 titutione
431 4147 576 4209 indicium
599 4165 675 4209 esse.
699 4151 803 4226 ltaque
826 4147 919 4222 heila,
937 4164 1006 4224 qua
1027 4147 1104 4206 inter
1125 4145 1355 4206 societateanon

274 4247 405 4310 omnino
419 4247 668 4328 independenter,
691 4248 741 4310 seri
765 4249 819 4308 uni
841 4249 1000 4325 eidemque
1020 4261 1168 4326 supremae
1189 4244 1357 4309 auctoritati

276 4347 435 4424 subditas,
458 4355 621 4426 gerantur,
634 4349 755 4410 nonnisi
768 4346 858 4426 apud
882 4365 932 4408 aas
954 4347 1093 4408 neruum
1111 4361 1240 4423 quarum
1261 4344 1358 4406 civilis

277 4450 422 4530 expolitio
441 4449 548 4510 adhuc·
560 4449 645 4514 valde
669 4449 916 4526 imperfectam,
940 4446 1075 4512 tendere
1094 4451 1238 4526 possunt;
1262 4461 1358 4523 eoque

275 4551 435 4612 difficilius
460 4549 570 4610 debent
596 4548 744 4625 ejusmodi
771 4547 850 4610 bella
871 4546 979 4608 exoriri
1000 4563 1112 4625 posse,
1146 4562 1207 4622 quo
1238 4544 1358 4624 longius

275 4650 405 4713 sociales
425 4650 554 4713 calionis
576 4650 675 4711 cultus
696 4655 725 4710 et
745 4650 885 4729 perfectio
906 4665 1062 4728 progressa
1084 4650 1153 4710 siat.
1179 4651 1360 4712 Gravissima

277 4767 413 4828 namque
429 4751 607 4830 imperiectio
629 4750 705 4810 eutis
729 4750 886 4828 compositi
907 4754 963 4826 est,
983 4749 1065 4826 quand
1083 4751 1151 4826 ajars
1170 4755 1270 4826 partes
1283 4749 1360 4810 iuter
