3559 5675
467 742 526 806 ³38
878 756 956 802 rosas
979 754 1138 803 saronites

466 882 538 927 suos
557 864 689 941 obligare
710 864 802 943 possit
816 833 863 923 ad¹
876 862 967 923 talem
993 860 1203 922 revelationem
1219 860 1367 939 positivam
1386 856 1503 939 earipieu-
1569 895 1570 967 p

465 963 549 1043 dam,
572 970 662 1041 atque
676 961 751 1023 adeo
765 978 834 1041 que
852 964 905 1040 jus
931 962 1041 1021 babeat
1062 962 1106 1021 vis
1132 959 1294 1021 rosterielis
1314 958 1466 1023 adhibendo
1484 968 1505 1018 ui
1569 976 1570 987 ¹

465 1071 618 1125 externam
632 1064 700 1141 Qus
711 1060 867 1139 religionis
878 1045 1101 1140 professionem
1110 1059 1253 1120 obtineat.
1268 1092 1303 1105 -
1317 1063 1345 1119 2⁰
1362 1056 1440 1121 Nulla
1454 1060 1506 1118 iten

467 1164 626 1225 auotoritas
641 1178 716 1241 pure
740 1160 878 1223 humana
901 1160 991 1223 habet
1012 1162 1064 1237 jos
1084 1154 1231 1239 puniendi
1251 1162 1447 1240 cujusquame
1463 1158 1509 1217 suis

467 1262 596 1325 subditis
617 1262 656 1324 ob
678 1260 758 1323 bane
778 1261 901 1341 praeside
915 1276 1054 1335 oeumm,
1076 1258 1157 1336 quod
1180 1258 1355 1337 religionem
1373 1256 1510 1331 revelatam,

467 1364 517 1425 eui
544 1378 702 1441 nunquam
722 1360 772 1425 hio
796 1377 828 1422 se
849 1360 1003 1422 socialiter
1026 1358 1203 1437 subdiderit,
1225 1376 1363 1445 respuere
1376 1362 1471 1438 pergat.
1484 1386 1511 1399 ·-
1570 1408 1571 1419 ,

468 1462 501 1525 3·
514 1462 546 1525 Si
559 1470 663 1525 tamen
676 1460 870 1523 individuum
885 1478 950 1523 sese
960 1462 1025 1539 jam
1040 1459 1120 1539 apud
1137 1461 1307 1521 societatem
1324 1452 1512 1537 obligaverint

467 1560 605 1623 eamdem
627 1560 807 1638 religionem
828 1576 899 1622 cum
922 1559 976 1621 ille
999 1560 1210 1640 profitendam,
1225 1566 1316 1639 atque
1329 1558 1388 1620 hee
1409 1554 1514 1631 obligatio

469 1662 508 1723 sii
521 1657 611 1741 plane
622 1659 732 1720 rationi
755 1664 966 1734 consentanee,
983 1659 1107 1721 societas
1127 1658 1219 1719 hebet
1235 1661 1288 1737 J'us
1302 1657 1338 1720 ed
1360 1656 1436 1718 buno
1447 1656 1516 1716 eirea

471 1775 536 1821 ase
553 1757 658 1839 proeul
671 1756 896 1837 expellendum,
909 1756 963 1818 nbi
977 1754 1059 1817 illius
1073 1756 1221 1817 dissensio
1238 1756 1353 1817 oaeteris
1371 1756 1449 1817 sociis
1461 1752 1517 1832 peri·

470 1858 573 1920 eulore
597 1872 662 1919 esse
675 1856 828 1936 videatnr3
854 1854 946 1917 habet
966 1858 1019 1934 jus
1047 1856 1130 1917 illius
1158 1856 1284 1936 positive
1311 1855 1463 1938 puniendi,
1483 1852 1519 1913 ubi

469 1957 597 2036 bandis,
613 1956 783 2032 seditionis,
795 1956 843 2017 rel
857 1956 937 2016 elius
952 1956 1089 2017 oriminis
1104 1956 1131 2017 ei
1146 1955 1286 2033 religioni
1299 1956 1428 2036 positive
1441 1952 1519 2015 adres

470 2058 577 2132 nobs,
591 2056 646 2117 ille
657 2056 731 2117 siris
745 2054 837 2117 luerit
855 2056 1022 2117 convietus.

511 2155 598 2233 Quod
611 2172 682 2217 roro
695 2154 732 2216 ad
746 2160 898 2217 umatum
913 2155 1007 2216 unius
1017 2154 1147 2217 nationis
1160 2154 1240 2235 apud
1252 2154 1344 2217 eliam
1356 2156 1521 2216 interientun

472 2261 594 2339 spectet,
603 2256 670 2334 jam
679 2255 813 2318 vidimus
821 2254 972 2334 duplioem
984 2256 1022 2315 ob
1031 2270 1152 2318 causam
1163 2256 1373 2317 tantummodo
1381 2252 1523 2316 eamlicere:

473 2358 505 2419 1·
517 2358 554 2421 ad
568 2376 601 2420 se
616 2359 726 2439 ipsam,
739 2372 832 2437 quem
853 2354 1016 2417 alienatio
1036 2356 1149 2434 injuste
1172 2356 1376 2435 aggrediatur,
1397 2352 1524 2417 defenden-

473 2458 561 2539 drm3
575 2462 609 2519 20
618 2458 655 2519 sd
667 2457 880 2539 opitulandum
893 2456 920 2517 ei
934 2456 987 2533 qui
1002 2463 1031 2517 et
1041 2456 1190 2517 auxilium
1203 2456 1241 2518 ab
1252 2454 1304 2519 illa
1317 2453 1452 2539 postulet,
1463 2454 1526 2529 etius

474 2556 692 2637 adpetendum
706 2556 858 2618 auxilium
872 2556 993 2618 habeat.

515 2654 606 2717 lits.
622 2656 691 2717 Poe.
709 2656 794 2717 581¹.
810 2687 851 2701 -
865 2653 947 2716 Nulli
968 2656 1082 2717 nationi
1102 2660 1145 2717 est
1168 2654 1307 2717 naturale
1319 2658 1373 2735 jus
1386 2658 1414 2719 ri
1427 2662 1451 2721 et
1463 2652 1529 2714 emis

474 2756 556 2819 ultro
579 2754 795 2819 interveniendi
818 2754 857 2817 ed
880 2754 987 2817 salsam
1014 2756 1095 2836 opud
1123 2754 1217 2817 alium
1242 2756 1392 2834 aequelem
1417 2752 1528 2837 populun

475 2857 670 2921 evertendam
693 2855 883 2935 religionem,
911 2873 979 2936 que
1003 2855 1126 2919 nullum
1151 2859 1258 2921 ricinis
1286 2875 1378 2936 grave
1399 2855 1530 2940 perieulum

475 2962 563 3022 creet

516 3061 611 3120 Pron.
627 3056 725 3118 Facile
743 3073 779 3118 er
798 3057 956 3137 principiis
979 3057 1011 3117 in
1026 3056 1135 3123 ultimo
1150 3074 1246 3138 nuper
1260 3057 1417 3120 corollario
1430 3069 1531 3119 conme-

479 3160 665 3220 moretis-
679 3159 756 3218 Nam
779 3156 854 3218 lulsu
867 3157 990 3234 religio,
1006 3171 1099 3234 quam
1127 3157 1175 3218 vel
1191 3161 1271 3220 totus
1292 3158 1406 3237 aliquis
1424 3153 1532 3236 populus.

479 3259 527 3321 rel
545 3254 646 3334 eliqua
662 3255 745 3318 illius
759 3273 827 3335 pars
846 3257 1018 3337 profiteatur
1033 3259 1086 3332 its,
1102 3263 1136 3318 ut
1151 3257 1237 3318 nulla
1252 3259 1368 3319 ratione
1387 3259 1487 3320 vicinos
1501 3255 1533 3311 in-

480 3357 587 3418 uadere
603 3356 656 3416 illa
679 3361 814 3436 donetur,
834 3357 921 3419 nullo
939 3361 1023 3438 pacto
1043 3357 1168 3440 spectari
1187 3364 1284 3438 polest
1301 3365 1443 3438 tanquam
1458 3355 1534 3416 sirim
1574 3425 1575 3428 Ἴ

481 3458 612 3519 nationis
621 3457 781 3534 aggressio.
800 3459 905 3535 Atqui,
917 3459 1026 3536 utiam
1043 3475 1075 3520 n.
1096 3457 1167 3519 1151
1186 3466 1343 3520 ostensum
1360 3466 1416 3537 est,
1428 3455 1535 3532 nulbpo
1573 3437 1575 3590 p

482 3560 556 3639 pulo
572 3557 664 3618 armis
684 3555 763 3636 apud
782 3557 874 3618 oliam
900 3565 1019 3635 gentem
1045 3559 1101 3620 sibi
1115 3557 1263 3638 equalem
1284 3560 1368 3622 ultro
1388 3554 1536 3621 intervenire
1574 3599 1575 3604 1

484 3659 572 3734 lioet,
591 3661 647 3721 uisi
662 3659 700 3723 ed
722 3661 868 3739 injustam
891 3665 1115 3739 aggressionem
1136 3663 1276 3742 proculo
1297 3681 1328 3725 se
1351 3659 1534 3744 repellendam

488 3761 579 3837 Ergo,
595 3766 651 3820 eie.

527 3857 615 3918 tito.
639 3859 708 3919 Pus.
724 3855 784 3919 582
799 3899 807 3914 .
824 3856 932 3918 -Ubi
946 3856 1023 3918 false
1039 3858 1155 3936 religio,
1176 3874 1268 3937 quam
1295 3861 1415 3922 ricinus
1439 3855 1536 3938 populu

486 3956 654 4037 profitetur,
670 3956 785 4019 vicinos
801 3957 943 4019 invadere
967 3963 1102 4030 conatur,
1120 3959 1146 4020 si
1170 3959 1290 4020 nullum
1312 3978 1347 4022 ea
1362 3959 1465 4022 sociale
1477 3957 1538 4036 prin·

381 4072 385 4080 ’
488 4057 600 4137 cipiunr
616 4063 717 4135 neget,
733 4057 811 4118 nulli
826 4059 909 4136 genti
924 4057 992 4119 licet
1013 4061 1107 4120 ermis
1125 4064 1226 4119 eontra
1240 4059 1324 4121 illam
1339 4059 1420 4140 apud
1435 4057 1537 4124 ricinum

488 4157 637 4238 populum
657 4157 857 4239 intervenire;
878 4165 928 4234 at,
948 4158 1055 4236 siquod
1077 4177 1113 4220 ea
1137 4158 1244 4220 sociale
1264 4159 1446 4240 principium
1467 4159 1540 4235 aperti

488 4257 632 4332 infirmet,
644 4257 789 4335 quelibet
810 4255 870 4319 alia
888 4259 971 4320 natio
988 4261 1059 4335 jure
1080 4265 1174 4338 potest
1188 4257 1323 4320 eamdem
1340 4259 1421 4338 apud
1435 4257 1538 4320 rieinun

488 4358 636 4438 populum
657 4357 737 4417 ultro
750 4358 842 4419 etiam
855 4359 948 4420 ermis
962 4375 1144 4439 oppugnare.

529 4459 622 4520 Pron.
646 4459 675 4516 1·
695 4471 778 4518 runs.
802 4493 832 4502 -
857 4458 913 4520 ilbi
939 4457 1098 4535 religiosus
1118 4457 1208 4522 vieini
1232 4459 1336 4540 populi
1352 4458 1540 4538 dogmatismus

489 4557 612 4636 incipiat
624 4557 692 4634 ejus
705 4555 781 4617 lines
795 4559 985 4637 pretergredi
999 4565 1088 4637 atque
1099 4561 1173 4622 alios
1188 4559 1316 4641 populos
1331 4560 1467 4622 inuadere
1477 4567 1541 4617 roob

490 4665 550 4732 tur,
564 4654 612 4716 rel
626 4670 787 4720 erroneum
806 4657 890 4720 illius
906 4659 1015 4737 dogma
1031 4667 1076 4722 esi
1090 4661 1308 4742 negativarum
1320 4661 1493 4742 principium
1503 4651 1541 4716 eli·

488 4755 569 4833 quod
593 4773 628 4816 er
650 4757 688 4818 iis
701 4758 813 4838 quibus
837 4759 945 4822 nititur
967 4761 1031 4841 ipse
1054 4763 1202 4824 societatis
1222 4763 1382 4841 cujuslibet
1402 4758 1541 4826 existentis,
