3559 5675
420 691 461 754 30
833 704 913 755 bottis
932 704 1093 750 nuntiantes

421 814 563 884 tentetur,
575 812 609 867 ut
619 806 703 885 juste
716 807 764 880 sit,
783 805 872 865 debet
887 808 909 865 Ι.
923 804 1085 867 necessario
1110 821 1233 884 prorsus
1249 819 1333 881 esse3
1350 807 1386 867 ii.
1408 804 1497 867 debat

424 906 575 969 moderata
587 905 630 963 sic-
641 919 706 978 esse
729 908 763 963 ut
774 903 946 965 adversario
958 920 1018 965 non
1042 904 1112 983 pius
1126 902 1197 965 mali
1212 900 1337 981 indiget,
1352 920 1446 986 quam
1457 901 1498 965 ed

422 1023 455 1068 se
477 1002 700 1065 defendendum
715 1017 833 1063 neeesse
852 1008 898 1063 ast
912 1017 923 1078 ;
939 1004 989 1063 ΙΙΙ.
1004 1002 1114 1063 debent
1133 1000 1332 1064 nuliaadesse
1345 1000 1445 1066 medie
1456 1000 1499 1063 ed

422 1099 730 1168 animumadversarii
745 1099 921 1161 leniendum
934 1116 945 1178 3
957 1102 1004 1161 it'.
1016 1100 1103 1163 debet
1116 1117 1218 1181 pugna
1230 1101 1341 1180 suscipi
1355 1100 1392 1163 ed
1404 1099 1500 1162 vitam

421 1211 475 1268 aut
485 1202 654 1267 necessaria
667 1200 803 1261 advitam
817 1200 939 1263 tuenda.
955 1201 1046 1280 Atqui
1066 1200 1153 1261 nulia
1165 1217 1202 1261 ex
1215 1200 1263 1271 his
1276 1200 1501 1264 conditionibus

421 1308 455 1368 in
466 1303 722 1367 duelloservatur.
739 1302 816 1376 Ergo
830 1297 969 1362 duellum
981 1318 1035 1362 nee
1054 1298 1182 1380 defensio
1194 1304 1250 1379 est,
1271 1316 1326 1363 neo
1339 1296 1428 1381 justo
1444 1300 1502 1363 de-

423 1405 592 1467 fensioasse
603 1406 708 1480 potest.

463 1510 497 1567 2⁰
507 1502 650 1567 boetium
672 1499 783 1580 suscipi
796 1500 871 1562 solat
881 1500 919 1562 ad
932 1502 1087 1581 proprium
1107 1500 1256 1564 honorem
1270 1500 1499 1563 vindicandum.

425 1593 528 1686 Atqui,
541 1601 659 1665 etiamsi
672 1599 709 1663 ad
724 1596 846 1665 bonoria
859 1599 1065 1664 defensionem
1082 1584 1158 1661 illud
1167 1606 1246 1663 esset
1257 1608 1372 1683 aptum.
1387 1596 1504 1681 naqua-

317 1758 323 1767 .
423 1723 517 1786 quam
530 1705 588 1765 boe
597 1701 710 1777 madio,
720 1706 821 1780 utpote
834 1702 996 1765 intrinsece
1009 1703 1129 1781 iniquo,
1142 1704 1186 1763 uti
1195 1704 1307 1767 liceret.
1321 1700 1396 1765 Nam
1405 1702 1505 1765 honor

338 1828 342 1834 ·
423 1806 501 1868 nibil
514 1801 598 1866 aliud
610 1807 656 1863 est
675 1816 769 1878 quem
782 1806 907 1863 externa
929 1803 1160 1863 existimationis
1183 1802 1409 1869 demonstratio.
1421 1803 1505 1881 Ergo

422 1901 603 1967 mediumad
614 1900 736 1961 honoris
746 1900 953 1963 defensionem
963 1902 1094 1963 satillud
1106 1918 1166 1980 quo
1176 1902 1209 1968 ut
1220 1902 1506 1965 utaliihomineset

424 2008 573 2077 inteream
585 2003 646 2065 mei
657 2002 911 2064 existimationem
923 2002 1003 2083 apud
1013 2020 1045 2065 sa
1058 2010 1414 2080 oonservent,atexterna
1424 2004 1505 2065 mibi

423 2106 533 2167 indicia
543 2103 739 2167 observantie
749 2101 892 2164 exhibere
905 2118 966 2163 non
978 2102 1128 2165 desinant.
1139 2104 1230 2183 Atqui
1241 2104 1359 2165 etiamsi
1368 2103 1505 2167 hominis

422 2206 530 2269 oooisio
540 2210 620 2267 esset
630 2203 765 2265 medium
788 2202 933 2265 idoneum
945 2202 982 2263 ad
998 2204 1148 2265 internam
1160 2203 1289 2266 aliorum
1306 2204 1506 2267 existimatio-

424 2323 495 2368 nem
514 2310 709 2368 etexternam
729 2305 951 2367 observantiam
964 2304 1155 2381 obtinendas,
1167 2310 1247 2367 esset
1269 2312 1369 2367 tamen
1381 2322 1507 2389 semper

423 2407 623 2483 aetioinique.
641 2410 715 2468 Nem
728 2405 787 2467 boo
799 2406 914 2469 bonum
932 2405 1038 2467 aliena
1052 2406 1246 2468 observantiae
1262 2412 1308 2469 est
1322 2407 1412 2486 longa
1423 2409 1505 2471 inie-

426 2507 490 2568 rius
511 2508 663 2584 bonoquo
684 2504 875 2567 adversarius
892 2522 987 2583 quem
1007 2505 1142 2567 oooidere
1164 2506 1377 2587 paro,aliique
1395 2508 1503 2579 multi.

425 2608 610 2685 eognationis
623 2612 654 2666 et
674 2606 812 2666 amicitiae
824 2606 954 2666 vineulis
969 2622 1039 2667 oum
1057 2622 1092 2667 eo
1110 2608 1275 2684 coniuncti,
1288 2606 1502 2687 privabuntur.

426 2711 502 2769 Nam
518 2708 614 2769 virtus
627 2708 734 2783 utique
753 2706 842 2783 longe
861 2707 1052 2785 prestantius
1067 2706 1181 2768 bonum
1198 2714 1243 2769 est
1260 2724 1355 2786 quam
1371 2724 1507 2788 prmus

427 2809 499 2871 vita.
514 2810 552 2872 nt
563 2808 725 2870 hominm
744 2822 945 2886 quecumque
958 2808 1115 2887 opiniones
1135 2814 1166 2870 at
1179 2814 1308 2872 externe
1323 2810 1504 2890 opinionum

426 2909 694 2973 demonstrationes
714 2916 786 2970 sunt
799 2909 889 2988 plane
902 2909 977 2987 quid
993 2909 1179 2972 levissimum
1200 2926 1261 2989 pras
1282 2911 1347 2991 ipsa
1370 2910 1506 2974 hominis
1549 2943 1552 2948 ·

426 3011 499 3088 vite,
516 3027 577 3090 prm
603 3009 807 3087 damnisque
832 3009 864 3070 in
885 3011 1070 3089 propinquos
1083 3015 1119 3071 et
1133 3011 1246 3072 amieos
1260 3027 1296 3072 or
1323 3010 1375 3072 teli
1406 3017 1507 3073 morte

427 3091 618 3190 proveniunt.
628 3108 754 3170 Nullum
767 3110 879 3170 etenim
891 3111 924 3168 in
938 3109 975 3170 iis
989 3109 1222 3189 opinionibusee
1235 3109 1505 3172 demonstrationi·

427 3208 485 3272 bns
498 3209 579 3270 reale
588 3215 778 3270 momentum
784 3214 842 3268 est.
857 3210 897 3270 At
908 3209 968 3269 vita
976 3207 1110 3269 bominis
1118 3214 1148 3270 et
1159 3197 1213 3288 per
1222 3208 1327 3291 seipsa
1335 3210 1504 3276 aetbonum

428 3309 596 3370 maximum
607 3314 672 3368 tum
685 3305 806 3387 physioe
816 3313 882 3368 tum
891 3308 1056 3386 moraliter,
1065 3311 1095 3368 et
1103 3311 1171 3386 ejus
1180 3309 1302 3370 amissio
1310 3310 1505 3386 grauissimas

426 3408 612 3470 salamitates
632 3408 702 3468 aliia
725 3407 831 3468 muitis
843 3406 1019 3470 bominibus
1031 3407 1209 3487 plerumque
1223 3407 1318 3472 affert.
1333 3413 1411 3488 Ergo
1424 3412 1506 3474 iuter

429 3515 557 3571 mortem
569 3523 661 3585 quam
675 3507 846 3568 edversario
859 3507 970 3569 inferre
979 3507 1081 3570 duello
1092 3507 1249 3586 aggredior
1257 3515 1288 3571 et
1297 3511 1505 3591 bonumquod

428 3604 530 3668 duello
556 3593 899 3681 obtinerevoio,1iulla
925 3610 970 3668 est
996 3607 1158 3688 proportio.
1185 3609 1263 3686 Ergo
1294 3609 1432 3674 duellum
1458 3618 1507 3674 est

427 3723 552 3788 prorsus
563 3707 716 3786 iniquum.

469 3809 501 3870 δ’
515 3806 659 3870 buallum
673 3807 763 3868 babet
775 3806 924 3868 malitiam
938 3813 968 3870 et
992 3808 1146 3872 homicidii
1161 3817 1191 3873 et
1201 3811 1322 3878 ,suioidii
1341 3817 1372 3874 et
1381 3813 1506 3893 privam

426 3907 577 3972 vindicte.
592 3905 762 3969 Homicidii
779 3908 916 3986 onmem,
930 3911 1003 3988 quis
1017 3912 1083 3973 sine
1092 3913 1177 3989 iusta
1192 3929 1285 3974 seusa
1304 3919 1334 3974 et
1349 3913 1415 3974 sine
1439 3915 1507 3976 ulia

428 4009 556 4088 proprio
570 4007 754 4070 deIensionis
766 4011 943 4072 neoessitata
953 4010 1110 4073 hominem
1125 4010 1255 4075 oueidere
1262 4011 1420 4076 oonundo.
1432 4011 1519 4075 Sui?

427 4107 517 4186 nidd,
527 4109 602 4186 quia
623 4109 689 4170 sina
704 4108 768 4169 ulla
780 4107 940 4172 sufficienti
962 4111 1076 4172 rationo
1090 4113 1228 4191 presenti
1249 4113 1355 4174 mortis
1370 4113 1507 4192 periculo

428 4211 526 4270 seiano
549 4215 579 4270 et
603 4208 707 4271 volens
724 4225 774 4271 me
791 4209 927 4288 objieio:
948 4228 1017 4289 qum
1038 4212 1099 4274 duo
1121 4229 1157 4274 ex
1183 4215 1215 4274 1·
1232 4219 1260 4274 st
1277 4215 1311 4274 2·
1331 4213 1506 4294 probatione

427 4316 574 4372 onustant.
596 4307 730 4371 Privato
748 4307 885 4372 uindutoe
903 4309 1034 4389 denique
1056 4313 1204 4374 malitiam
1226 4313 1319 4374 hebet
1340 4314 1505 4392 evidenter,

428 4410 501 4487 quia
524 4409 561 4469 ad
586 4409 730 4486 injuriam
750 4409 807 4471 sibi
832 4408 947 4471 iliatam
971 4413 1118 4490 sanguine
1141 4412 1301 4476 adversarii
1323 4413 1505 4478 abluendam

430 4509 571 4571 duellum
584 4510 769 4588 suscipitur:
791 4525 885 4588 quam
903 4510 1041 4572 vindicta
1058 4513 1180 4592 privata
1190 4513 1338 4574 maiitiam
1352 4517 1506 4596 superius,

429 4624 462 4669 u.
474 4609 545 4680 758,
558 4609 841 4672 demonstravimus.

470 4705 564 4771 i’aon
581 4714 611 4770 n·
624 4725 713 4772 raas·
729 4743 768 4756 -
782 4710 926 4772 bustiam
939 4717 985 4774 est
1005 4712 1139 4776 madium
1161 4731 1285 4797 prorsus
1307 4718 1444 4798 ineptum
1469 4719 1506 4781 sd
