3559 5675
583 647 692 695 11111111.
717 666 752 678 -
777 647 859 694 tram
882 648 1074 696 ououaernus.
1301 631 1358 694 591

282 748 364 828 rique
385 751 528 830 gallicani
549 758 657 818 erroris
676 763 852 829 sectatores,
869 758 1024 836 paratique
1045 773 1163 834 sernpet
1180 757 1304 816 ltrorunt
1319 754 1354 814 ad

279 847 354 912 banc
366 867 494 929 prorsus
514 853 678 916 doctrinam
692 855 909 934 abjiciendam,
924 857 1024 916 statim
1042 862 1131 932 atoue
1154 856 1356 931 intelligerent

279 950 315 1008 ab
329 951 463 1012 Ecclesia
478 953 629 1017 catholiea
648 963 676 1019 et
689 955 726 1017 ab
740 957 805 1034 ipsa
816 957 891 1016 Sede
906 955 1074 1036 Apostoliea
1092 957 1174 1016 illarn
1192 973 1256 1016 esse
1270 956 1357 1016 dant-

279 1057 388 1110 natam.
407 1053 507 1128 Cujus
527 1054 621 1158 animi
642 1053 731 1133 plane
751 1055 887 1118 catholici
905 1054 1094 1116 luculentum
1110 1056 1263 1134 praebuere
1277 1059 1357 1118 testi-

279 1150 416 1210 monium
438 1153 460 1212 ii
487 1152 604 1229 elerici,
620 1155 674 1232 qni
692 1154 729 1217 ad
744 1157 946 1234 episcopatum
967 1173 984 1216 a
1003 1171 1072 1232 rege
1091 1154 1248 1230 designati,
1264 1171 1311 1216 res
1326 1157 1357 1219 in

278 1254 427 1310 conventu
442 1250 499 1313 illo
517 1269 579 1313 ase
590 1270 661 1314 cum
677 1253 791 1330 aliquot
804 1256 841 1314 iis
855 1255 1009 1334 Episcopis
1023 1260 1122 1330 gestas
1134 1270 1204 1314 cum
1219 1254 1358 1320 maximis

276 1348 458 1422 paenitentias
482 1352 769 1428 significationibus,
791 1354 932 1416 Ponlilice
952 1353 1137 1432 postulante,
1161 1358 1359 1416 retractarunt

276 1443 376 1518 (taso,
397 1447 476 1524 13⁰).
493 1451 531 1509 nt
546 1449 710 1513 catholicus
724 1452 779 1512 iste
799 1453 922 1513 animus
941 1459 1079 1513 naturam
1100 1449 1252 1524 doctrinae,
1266 1468 1357 1530 quant

277 1543 324 1602 ille
346 1562 398 1632 per
413 1546 702 1610 inconsiderantiam
725 1550 815 1612 fuerit
838 1552 1015 1632 amplexus,
1031 1557 1146 1616 1111111110
1162 1567 1356 1628 nequaquam

277 1649 378 1720 potest.
401 1647 521 1724 ltaque,
541 1656 814 1727 quantumcunque
836 1651 977 1726 gallicani
999 1652 1107 1711 erroris
1129 1655 1286 1710 sectatores
1306 1666 1358 1710 vo-

278 1740 387 1804 luerint
411 1762 480 1806 esse
502 1753 531 1806 et
547 1746 660 1809 fuerint
680 1749 788 1810 sinceri
808 1750 957 1827 catholici,
980 1767 1046 1811 eam
1070 1756 1170 1810 tamen
1191 1748 1355 1809 doctrinam

274 1857 325 1915 per
335 1860 364 1900 re
382 1843 560 1906 hereticam
575 1864 639 1908 esse
651 1848 715 1909 haec
730 1850 800 1909 satis
812 1849 994 1910 ostendunt:

312 1941 342 2001 1ο
356 1944 542 2006 Haereticum
556 1954 600 2006 est
616 1947 694 2010 illud
709 1948 869 2022 affirmare,
883 1967 943 2028 quo
954 1950 1050 2028 posito
1062 1949 1189 2010 Ecclesia
1203 1948 1356 2010 calholica

275 2040 449 2105 immediate
470 2051 500 2104 el
521 2047 672 2109 evidenter
697 2050 882 2109 convincitur
904 2050 1012 2110 erroris
1036 2053 1065 2109 el
1087 2048 1253 2126 tyrannidis
1271 2066 1356 2109 cons·

277 2140 362 2200 tantis
374 2152 405 2202 et
417 2143 617 2206 universalis.
631 2148 721 2224 Atqui
735 2145 862 2207 articulo
874 2147 1083 2208 declarationis
1102 2147 1198 2224 primo
1211 2146 1354 2222 admisso,

275 2240 439 2307 Ecclesiam
452 2245 638 2307 salholimm
649 2249 823 2308 universam
836 2247 1008 2308 immediato
1022 2253 1052 2306 et
1069 2245 1221 2307 evidenter
1235 2262 1354 2306 necesse

276 2347 439 2408 stecoris
457 2353 488 2408 et
501 2349 669 2424 tyrannidis
683 2351 847 2411 constantis
862 2356 891 2410 et
906 2349 1088 2410 universalis
1099 2349 1253 2408 damnare.
1277 2348 1353 2406 Nam

273 2442 385 2518 primus
406 2449 465 2509 ille
476 2449 619 2512 articulus
634 2451 738 2512 statuit
752 2451 877 2511 Summo
893 2450 1025 2511 Pontifici
1040 2461 1069 2510 et
1089 2447 1224 2510 Ecclesia
1237 2446 1354 2508 nullam

274 2559 364 2607 essea
385 2547 449 2611 ileo
465 2551 604 2613 traditam
615 2558 791 2631 potestatem
802 2570 905 2613 rerum
920 2553 1055 2614 civilium
1070 2568 1103 2612 ao
1121 2548 1351 2628 temporalium:

275 2643 414 2710 Summus
429 2668 505 2712 vero
518 2649 652 2712 Pontifex
661 2658 690 2712 et
704 2650 835 2714 Ecclesia
850 2670 969 2731 semper
978 2659 1005 2713 et
1020 2652 1132 2728 ubique
1145 2649 1224 2711 hane
1235 2649 1293 2710 sibi
1307 2665 1352 2708 re·

275 2759 339 2805 rum
356 2748 497 2812 civilium
514 2768 548 2813 ac
565 2752 773 2847 temporalium
789 2758 980 2830 potestatem,
998 2758 1155 2830 amquam
1175 2749 1231 2810 sibi
1254 2764 1271 2808 a
1293 2749 1351 2806 Deo

276 2846 421 2924 traditam,
439 2852 642 2924 vindicarunt,
659 2870 788 2931 eamque
802 2869 919 2931 semper
933 2858 961 2912 et
974 2853 1099 2929 ubique,
1110 2852 1200 2911 etiarn
1216 2850 1248 2909 ln
1267 2863 1352 2924 reges

275 2951 302 3001 et
314 2950 479 3031 principes,
497 2951 596 3027 quoad
610 2935 745 3012 morales
756 2968 789 3011 uc
804 2951 956 3027 religiosas
975 2968 1078 3011 rerum
1103 2966 1207 3011 eerutn
1229 2946 1350 3007 relatio-

274 3058 559 3113 11111.01010110111111.
577 3056 666 3130 Ergo,
682 3058 737 3114 etc.

310 3148 340 3205 1α
360 3150 544 3212 Haereticum
567 3157 611 3213 est
625 3151 791 3227 affirmare,
806 3152 844 3211 ab
859 3152 1000 3213 omnibus
1020 3151 1171 3213 moraliter
1190 3150 1272 3210 orbis
1291 3154 1350 3208 ter-

273 3258 372 3308 rarnm
383 3250 530 3322 ecclesiis,
550 3268 715 3330 eorumque
730 3252 902 3331 Episcopis,
919 3268 1075 3313 erroneam
1093 3250 1259 3313 doctrinam
1275 3249 1352 3309 cirea

275 3339 339 3405 fidei
352 3349 517 3411 articulum
537 3350 666 3413 maxime
686 3351 943 3413 fundamentalem
959 3357 1127 3414 constanter
1144 3348 1278 3418 retineri,
1295 3364 1351 3425 ap-

275 3445 413 3517 probante
439 3458 619 3530 constanter,
642 3452 749 3514 saltem
770 3452 867 3523 tacite,
884 3457 1021 3516 Romano
1039 3452 1201 3516 Pontifica:
1223 3450 1254 3510 id
1268 3451 1352 3511 enirn

275 3546 394 3617 perinde
415 3556 462 3611 est
473 3557 563 3629 atque
578 3551 728 3614 affirmare
741 3559 834 3616 totam
854 3553 1036 3616 catholicam
1057 3552 1219 3615 Ecclesiam
1231 3553 1262 3611 in
1281 3550 1351 3611 fidei

274 3639 407 3721 dogmate
420 3652 551 3712 maxime
565 3654 712 3731 precipuo
733 3669 856 3732 prorsus
873 3671 985 3714 errare.
1001 3655 1090 3729 Atqui
1103 3652 1240 3713 doctrina
1257 3649 1351 3709 tribus

274 3753 486 3816 posterioribus
499 3750 707 3811 declarationis
721 3751 857 3812 articulis
872 3758 1012 3812 contenta
1023 3752 1079 3811 boc
1093 3748 1234 3822 affirmat,
1246 3763 1352 3807 omnes

276 3842 382 3907 scilicet
395 3849 551 3910 moraliter
573 3841 726 3926 eeclesias,
741 3868 845 3911 omnes
860 3852 1016 3929 Episcopos
1037 3866 1106 3910 curn
1125 3848 1250 3907 Summo
1270 3848 1351 3906 Pon-

277 3938 349 4003 tifice
362 3954 508 4027 perpetuo
520 3966 620 4009 errare
636 3950 668 4009 in
688 3946 758 4009 fidei
778 3948 918 4026 dogmate
938 3950 1068 4008 maxime
1091 3946 1250 4023 praecipuo.
1274 3946 1350 4004 Nam

277 4044 415 4106 omnibus
425 4046 454 4107 id
469 4053 573 4107 notum
588 4054 644 4119 est,
659 4047 739 4125 quod
750 4048 927 4109 Benedictus
935 4048 999 4107 xlv
1008 4052 1036 4106 et
1047 4046 1187 4108 Clemens
1200 4044 1272 4105 item
1285 4044 1349 4103 xlv

277 4150 362 4216 Supra
374 4146 591 4221 memorabant,
604 4147 778 4209 Pontificem
791 4166 827 4208 ex
841 4146 980 4209 cathedra
992 4146 1144 4207 docentem
1161 4140 1349 4203 infallibilem

277 4247 395 4307 prorsus
417 4243 520 4304 baberi
542 4246 579 4305 ab
600 4248 742 4306 omnibns
768 4247 927 4322 eeclesiis,
955 4246 993 4306 ab
1015 4244 1156 4305 omnibus
1175 4244 1347 4322 Episcopie,

278 4332 414 4402 Pontificc
428 4343 506 4422 ipso,
520 4346 604 4406 tacite
618 4346 739 4421 saltem,
749 4342 943 4425 approbante,
959 4344 1085 4425 exeeptis
1097 4345 1167 4403 unis
1181 4343 1347 4421 gallicanis,

279 4446 310 4491 ac
328 4442 451 4513 proinde
474 4444 552 4507 banc
569 4446 719 4508 Pontifiois
739 4447 981 4508 infallibilitatem
1000 4446 1037 4507 ab
1058 4444 1186 4506 Ecclesia
1201 4444 1350 4506 catholica

279 4535 414 4603 universa
426 4548 599 4606 constanter
618 4547 709 4608 credi.
729 4549 803 4608 Nam
824 4546 1045 4623 gallicanorum
1063 4546 1177 4623 aliquot
1189 4545 1351 4626 Episcopo-

281 4645 345 4695 rttm
359 4640 406 4702 vel
419 4644 508 4704 etiarn
521 4646 658 4707 omnium
668 4648 700 4708 in
711 4647 768 4707 bac
779 4664 812 4708 re
824 4645 973 4708 dissensio
986 4646 1112 4707 minime
1128 4645 1267 4725 impedit,
1280 4644 1355 4721 quin
