3559 5675
454 707 515 772 iil
860 721 940 770 rosis
958 721 1120 768 serenans

457 831 525 907 trio,
537 837 567 892 et
580 829 780 910 principatum
797 829 878 888 harno
902 827 1123 905 polyarchicum
1146 828 1177 886 io
1192 824 1296 901 alique
1307 828 1424 884 tantum
1438 823 1508 883 socio

458 947 526 992 rum
552 931 647 994 classe
672 929 849 990 residentem
876 929 915 987 nli
940 926 1118 988 hereditaria
1140 924 1272 985 liliorum
1300 923 1518 984 successionem

457 1031 528 1109 jure
542 1030 666 1091 illorum
678 1029 729 1106 qui
745 1027 947 1106 polycronium
962 1025 1093 1102 aliquam
1109 1025 1198 1103 primi
1214 1023 1432 1094 constituerint,
1447 1029 1520 1080 natu·

460 1128 561 1190 naliter
590 1137 689 1188 onum
718 1126 836 1186 ducere.
852 1127 941 1200 Ergo,
967 1125 993 1182 si
1012 1123 1082 1199 quis
1096 1139 1185 1182 omue
1196 1123 1249 1198 jus
1261 1121 1473 1182 srroeessorium
1492 1119 1521 1176 ad

461 1228 672 1307 principatum,
698 1241 865 1301 omnesque
895 1224 1013 1300 iurium
1041 1223 1229 1301 politicorum
1254 1210 1447 1281 transitiones
1470 1218 1522 1277 solo

461 1327 607 1407 principio
622 1327 768 1388 abstracto
782 1322 910 1403 publicu
921 1322 1060 1383 utilitatis
1072 1321 1275 1381 determinare
1294 1319 1381 1390 relit,
1395 1318 1523 1394 qrrcstio

462 1439 532 1486 nem
546 1422 732 1504 complexam
744 1441 778 1486 ex
793 1441 856 1486 una
871 1428 987 1484 uotum
1010 1427 1092 1502 parte
1111 1421 1321 1495 considerabit,
1337 1429 1369 1480 et
1385 1417 1523 1499 problema

460 1524 671 1602 complicatum
696 1527 843 1585 resolvero
865 1523 1035 1600 audebitur,
1058 1523 1111 1582 uni
1134 1525 1251 1582 unium
1264 1539 1300 1581 er
1317 1517 1524 1580 conditionibus

462 1625 566 1702 positis
580 1624 798 1686 satisfaciendo.
814 1627 904 1700 Ergo,
918 1630 974 1683 etc.

503 1725 573 1786 997.
586 1725 717 1787 (ὶοκοιι.
729 1725 801 1786 1.-
810 1722 1059 1786 successionesad
1070 1722 1269 1801 principatum
1275 1717 1459 1780 hereditarie
1468 1723 1526 1774 sunt

465 1841 542 1886 rere
563 1825 698 1900 quedam
716 1826 834 1901 lurium
861 1824 1049 1902 politicorum
1064 1821 1293 1892 translationes,
1318 1823 1397 1896 quas
1418 1815 1525 1877 articulo

469 1923 645 2000 precedenti
658 1923 789 1985 vidimus
802 1941 887 2002 posse
900 1924 1023 2002 quidem
1036 1924 1113 1992 iteri,
1130 1922 1183 1982 sed
1199 1922 1308 1983 altenis
1324 1919 1448 1996 iuribus
1459 1931 1525 1974 senr-

472 2023 638 2100 persolvis.
655 2024 814 2088 Falluntur
829 2041 901 2101 ergo
913 2024 1106 2085 vehementer
1117 2023 1247 2100 quilius
1262 2021 1372 2081 talium
1387 2015 1526 2078 successio

474 2139 548 2183 uum
565 2129 736 2201 tractantes,
751 2125 788 2186 ad
804 2127 903 2186 solum
918 2124 1045 2204 publicae
1058 2122 1195 2184 utilitatis
1206 2122 1391 2202 principium
1405 2119 1529 2197 spectant.

473 2223 531 2294 Qui
546 2225 667 2300 quidem
682 2225 786 2287 lelsam
801 2227 929 2304 publicae
941 2226 1081 2285 utilitatis
1095 2223 1192 2284 ideam
1206 2239 1267 2302 prae
1279 2221 1378 2281 oculis
1391 2218 1525 2278 hebentes.

474 2323 572 2382 omnia
583 2339 705 2402 quoque
716 2325 786 2402 iura
800 2325 837 2385 ad
852 2323 1000 2402 ejusmodi
1016 2324 1218 2384 sarecessiones
1227 2318 1408 2401 pertinentia
1424 2312 1528 2377 mirifice

475 2421 725 2496 permiscuerunt.
751 2425 852 2501 Atqui,
865 2425 889 2484 si
914 2425 1049 2503 princeps
1069 2422 1108 2483 oli
1122 2423 1236 2482 bonum
1250 2418 1409 2499 publicum
1428 2415 1530 2492 juberet

476 2535 580 2580 eorum
593 2521 718 2582 domurn
731 2523 810 2584 dirui
815 2567 825 2598 ,
838 2531 873 2584 ut
887 2525 986 2586 iorum
999 2523 1156 2602 publicum
1172 2521 1233 2590 liat,
1249 2519 1297 2580 rel
1317 2533 1423 2579 eorum
1438 2511 1529 2595 predis

474 2621 628 2698 occupari,
644 2629 679 2680 nt
690 2622 822 2700 publicis
836 2624 1015 2684 nosocomiis
1026 2623 1216 2694 addicantur,
1235 2619 1369 2700 proiecto
1384 2618 1405 2677 ii
1424 2609 1528 2693 prinoip'

475 2715 537 2778 hec
551 2719 669 2795 jubenti
683 2723 908 2799 responderent,
924 2723 1071 2784 bonorum
1096 2719 1253 2783 socialium
1267 2718 1402 2796 primum
1414 2720 1443 2775 et
1454 2709 1530 2772 maxi·

475 2833 550 2879 num
564 2817 621 2881 lroo
632 2835 696 2883 esee
704 2822 823 2899 jurium
837 2821 1067 2885 individualinm
1085 2819 1274 2883 securitatem
1287 2835 1322 2879 ac
1330 2816 1453 2897 justitiae
1466 2813 1530 2885 laces

476 2934 529 2997 piro
544 2922 632 2983 sociis
645 2923 786 2985 omnibus
796 2931 966 2985 consumes
978 2924 1158 2984 observatae.

515 3023 645 3083 (iocose.
662 3026 692 3083 2.
714 3056 756 3069 -
771 3024 967 3085 problematis
986 3026 1070 3085 illius
1082 3023 1120 3084 de
1140 3022 1330 3085 successione
1342 3020 1379 3080 ad
1399 3018 1531 3099 princips-

477 3126 540 3179 turm
557 3123 699 3184 resolutio
710 3125 886 3203 incompleta
899 3132 929 3185 et
943 3126 1106 3203 multivoce,
1121 3123 1231 3199 doque
1245 3138 1342 3199 nuper
1359 3112 1531 3188 diximus,ab

478 3219 612 3281 itlearnm
627 3222 802 3285 confusione
812 3226 906 3297 joma
919 3223 1154 3301 nobissuperius
1167 3227 1268 3281 notata
1282 3220 1368 3297 (669)
1381 3216 1530 3276 eriascitor:

479 3320 638 3381 arrotoritas
649 3322 793 3381 nimirum
807 3323 871 3401 ipsu
885 3340 955 3382 cum
968 3323 1150 3383 auctoritatis
1164 3336 1334 3399 possessore
1345 3312 1531 3377 confunditur.

478 3417 557 3477 etde
573 3418 627 3481 lioc
637 3422 797 3497 posteriore
809 3422 914 3481 eodem
931 3420 1020 3482 modo
1033 3418 1190 3481 disseritur
1209 3435 1243 3479 ao
1262 3418 1300 3477 de
1314 3419 1413 3495 priore
1428 3414 1531 3487 loquen-

479 3514 554 3575 dum
576 3523 629 3577 est.
656 3519 705 3579 Sic
725 3522 896 3597 auctoritas,
914 3520 1057 3597 inquiunt
1077 3519 1135 3589 illi,
1161 3524 1298 3578 enatura
1314 3517 1446 3575 instituta
1458 3504 1531 3569 estad

483 3624 645 3677 commune
659 3614 770 3679 bonurn
786 3620 983 3681 obtinendum
1000 3634 1089 3695 :ergo
1109 3618 1197 3678 debet
1209 3616 1246 3678 ab
1267 3614 1321 3675 illo
1337 3602 1532 3693 possiderunt

486 3716 596 3775 melius
609 3720 762 3778 communi
780 3718 859 3779 bono
872 3716 1028 3780 consulere
1048 3724 1152 3798 [otest
1168 3718 1242 3791 Qum
1263 3712 1417 3776 conclusio
1433 3706 1532 3770 criden·

483 3820 527 3874 ter
540 3814 613 3877 ialsa
627 3822 682 3889 est,
704 3826 792 3897 atque
806 3819 843 3879 ab
855 3818 1047 3880 antecedente
1065 3818 1165 3895 colligi
1182 3833 1243 3877 nou
1263 3820 1379 3895 potest;
1401 3810 1468 3888 quia
1479 3804 1532 3881 plns

482 3914 597 3992 aliquid
612 3920 755 3994 continet,
781 3936 873 3997 quam
895 3918 976 3997 quod
1001 3926 1046 3981 est
1070 3920 1101 3979 in
1114 3916 1317 3990 antecedente,
1345 3913 1453 3974 scilicet
1472 3899 1530 3965 illul

482 4014 594 4077 melius.
620 4020 722 4097 ltaque
746 4019 803 4080 hoo
822 4025 1035 4097 argumentum
1057 4018 1156 4079 simile
1175 4023 1220 4079 est
1241 4016 1312 4077 linio
1334 4009 1418 4074 alteri
1434 4002 1532 4069 :moria

484 4124 611 4197 potestas
625 4124 761 4180 enatura
773 4121 909 4180 instituta
927 4118 1022 4181 estad
1042 4126 1153 4179 rectam
1175 4116 1308 4178 tiliorum
1328 4110 1530 4177 educationeml

485 4234 556 4295 ergo
569 4218 701 4279 liliorum
724 4220 860 4281 educatio
884 4220 1012 4297 pertinet
1035 4218 1072 4279 ad
1088 4218 1175 4280 illurn
1189 4218 1243 4293 qrri
1260 4216 1333 4277 tales
1354 4212 1430 4273 illios
1441 4202 1532 4266 melius

485 4318 609 4379 edomia
624 4324 730 4397 potest.
748 4320 802 4380 Cui
816 4319 940 4397 quidem
954 4325 1132 4396 argumento
1141 4318 1271 4395 quisque
1284 4310 1476 4393 responderet.
1490 4314 1531 4378 pt·

485 4420 572 4478 triam
588 4424 763 4497 potestatem
786 4420 817 4479 iri
838 4420 1000 4481 domestica
1020 4420 1156 4480 societate
1169 4418 1207 4479 ob
1229 4416 1362 4477 illiorum
1381 4412 1477 4485 utique
1489 4400 1531 4459 lu·

487 4534 560 4578 num
574 4520 701 4579 existere
708 4534 718 4594 ;
733 4523 841 4598 atejus
857 4520 1046 4581 collationem
1061 4536 1122 4581 non
1136 4518 1174 4580 ab
1192 4517 1248 4577 hoc
1262 4516 1375 4575 ratione
1388 4502 1530 4589 provenire,

486 4620 535 4679 sed
556 4636 573 4679 a
595 4620 671 4679 iacto
686 4620 880 4695 praecedente,
900 4620 979 4697 quod
1003 4624 1047 4679 est
1064 4618 1148 4679 illius
1159 4618 1239 4696 juris
1253 4614 1359 4675 titulus
1373 4606 1459 4690 (356)-
1475 4600 1530 4661 fii·

492 4726 553 4778 tuin
569 4716 625 4779 lroc
639 4724 682 4781 est
697 4720 1018 4799 musapcssessionis3
1034 4726 1144 4787 ustura
1159 4718 1224 4806 ipss
1238 4716 1340 4796 patrie
1350 4703 1486 4792 potestati
1497 4698 1530 4757 ⁰⁵¹
