<?xml version="1.0" encoding="UTF-8"?>
<!DOCTYPE html PUBLIC "-//W3C//DTD XHTML 1.0 Transitional//EN"
    "http://www.w3.org/TR/xhtml1/DTD/xhtml1-transitional.dtd">
<html xmlns="http://www.w3.org/1999/xhtml" xml:lang="en" lang="en">
 <head>
  <title>
</title>
<meta http-equiv="Content-Type" content="text/html;charset=utf-8" />
  <meta name='ocr-system' content='tesseract 3.04.00' />
  <meta name='ocr-capabilities' content='ocr_page ocr_carea ocr_par ocr_line ocrx_word'/>
</head>
<body>
  <div class='ocr_page' id='page_1' title='image "./jurisnaturalisu00bensgoog_0028.png"; bbox 0 0 3559 5675; ppageno 0'>
   <div class='ocr_carea' id='block_1_1' title="bbox 433 747 1101 809">
    <p class='ocr_par' dir='ltr' id='par_1_1' title="bbox 433 747 1101 809">
     <span class='ocr_line' id='line_1_1' title="bbox 433 747 1101 809; baseline -0.006 0"><span class='ocrx_word' id='word_1_1' title='bbox 433 747 473 809; x_wconf 66' lang='lat'>22</span> <span class='ocrx_word' id='word_1_2' title='bbox 840 761 921 807; x_wconf 78' lang='lat' dir='ltr'>soors</span> <span class='ocrx_word' id='word_1_3' title='bbox 940 760 1101 807; x_wconf 71' lang='lat' dir='ltr'>erroneus</span> 
     </span>
    </p>
   </div>
   <div class='ocr_carea' id='block_1_2' title="bbox 429 864 1514 4854">
    <p class='ocr_par' dir='ltr' id='par_1_2' title="bbox 431 864 1513 1430">
     <span class='ocr_line' id='line_1_2' title="bbox 434 864 1510 947; baseline 0 -20"><span class='ocrx_word' id='word_1_4' title='bbox 434 866 527 945; x_wconf 78' lang='lat' dir='ltr'>quem</span> <span class='ocrx_word' id='word_1_5' title='bbox 539 868 593 929; x_wconf 85' lang='lat' dir='ltr'>aiii</span> <span class='ocrx_word' id='word_1_6' title='bbox 605 868 745 929; x_wconf 86' lang='lat' dir='ltr'>homines</span> <span class='ocrx_word' id='word_1_7' title='bbox 760 868 908 947; x_wconf 86' lang='lat' dir='ltr'>reeiprooe</span> <span class='ocrx_word' id='word_1_8' title='bbox 923 870 954 929; x_wconf 89' lang='lat' dir='ltr'>in</span> <span class='ocrx_word' id='word_1_9' title='bbox 967 867 1022 927; x_wconf 86' lang='lat' dir='ltr'>tali</span> <span class='ocrx_word' id='word_1_10' title='bbox 1035 867 1131 930; x_wconf 88' lang='lat' dir='ltr'>oiiioio</span> <span class='ocrx_word' id='word_1_11' title='bbox 1142 864 1318 945; x_wconf 79' lang='lat' dir='ltr'>exequendo</span> <span class='ocrx_word' id='word_1_12' title='bbox 1330 870 1510 945; x_wconf 84' lang='lat' dir='ltr'>sequentur.</span> 
     </span>
     <span class='ocr_line' id='line_1_3' title="bbox 434 965 1513 1047; baseline -0.002 -19"><span class='ocrx_word' id='word_1_13' title='bbox 434 969 537 1041; x_wconf 81' lang='lat' dir='ltr'>Quum</span> <span class='ocrx_word' id='word_1_14' title='bbox 549 970 632 1029; x_wconf 88' lang='lat' dir='ltr'>enim</span> <span class='ocrx_word' id='word_1_15' title='bbox 649 966 778 1047; x_wconf 82' lang='lat' dir='ltr'>nqoelie</span> <span class='ocrx_word' id='word_1_16' title='bbox 791 968 823 1028; x_wconf 91' lang='lat' dir='ltr'>in</span> <span class='ocrx_word' id='word_1_17' title='bbox 833 968 1054 1030; x_wconf 81' lang='lat' dir='ltr'>omninushno</span> <span class='ocrx_word' id='word_1_18' title='bbox 1062 970 1134 1047; x_wconf 79' lang='lat' dir='ltr'>iuro</span> <span class='ocrx_word' id='word_1_19' title='bbox 1145 968 1217 1037; x_wconf 81' lang='lat' dir='ltr'>sint.</span> <span class='ocrx_word' id='word_1_20' title='bbox 1228 965 1402 1045; x_wconf 72' lang='lat' dir='ltr'>equaliseb</span> <span class='ocrx_word' id='word_1_21' title='bbox 1411 965 1513 1029; x_wconf 87' lang='lat' dir='ltr'>omoi-</span> 
     </span>
     <span class='ocr_line' id='line_1_4' title="bbox 433 1061 1511 1143; baseline -0.001 -17"><span class='ocrx_word' id='word_1_22' title='bbox 433 1066 492 1127; x_wconf 87' lang='lat' dir='ltr'>bus</span> <span class='ocrx_word' id='word_1_23' title='bbox 503 1067 637 1130; x_wconf 77' lang='lat' dir='ltr'>exeootio</span> <span class='ocrx_word' id='word_1_24' title='bbox 649 1082 714 1127; x_wconf 86' lang='lat' dir='ltr'>esse</span> <span class='ocrx_word' id='word_1_25' title='bbox 731 1066 830 1127; x_wconf 86' lang='lat' dir='ltr'>debet.</span> <span class='ocrx_word' id='word_1_26' title='bbox 847 1066 948 1137; x_wconf 75' lang='lat' dir='ltr'>Quare</span> <span class='ocrx_word' id='word_1_27' title='bbox 960 1065 1056 1143; x_wconf 87' lang='lat' dir='ltr'>siquis</span> <span class='ocrx_word' id='word_1_28' title='bbox 1068 1064 1106 1132; x_wconf 83' lang='lat' dir='ltr'>eb</span> <span class='ocrx_word' id='word_1_29' title='bbox 1120 1064 1182 1126; x_wconf 88' lang='lat' dir='ltr'>elio</span> <span class='ocrx_word' id='word_1_30' title='bbox 1196 1061 1243 1125; x_wconf 85' lang='lat' dir='ltr'>his</span> <span class='ocrx_word' id='word_1_31' title='bbox 1252 1062 1375 1143; x_wconf 81' lang='lat' dir='ltr'>juribus</span> <span class='ocrx_word' id='word_1_32' title='bbox 1381 1062 1511 1125; x_wconf 83' lang='lat' dir='ltr'>lroude·</span> 
     </span>
     <span class='ocr_line' id='line_1_5' title="bbox 433 1164 1511 1245; baseline -0.001 -19"><span class='ocrx_word' id='word_1_33' title='bbox 433 1171 494 1242; x_wconf 90' lang='lat' dir='ltr'>tur,</span> <span class='ocrx_word' id='word_1_34' title='bbox 512 1172 609 1245; x_wconf 89' lang='lat' dir='ltr'>potest</span> <span class='ocrx_word' id='word_1_35' title='bbox 620 1166 801 1245; x_wconf 77' lang='lat' dir='ltr'>quandoque</span> <span class='ocrx_word' id='word_1_36' title='bbox 818 1169 872 1243; x_wconf 77' lang='lat' dir='ltr'>ius</span> <span class='ocrx_word' id='word_1_37' title='bbox 888 1182 980 1226; x_wconf 88' lang='lat' dir='ltr'>suum</span> <span class='ocrx_word' id='word_1_38' title='bbox 1001 1166 1039 1227; x_wconf 86' lang='lat' dir='ltr'>eb</span> <span class='ocrx_word' id='word_1_39' title='bbox 1053 1165 1107 1226; x_wconf 89' lang='lat' dir='ltr'>ilio</span> <span class='ocrx_word' id='word_1_40' title='bbox 1127 1171 1259 1243; x_wconf 89' lang='lat' dir='ltr'>repetere</span> <span class='ocrx_word' id='word_1_41' title='bbox 1273 1164 1363 1225; x_wconf 83' lang='lat' dir='ltr'>etiem</span> <span class='ocrx_word' id='word_1_42' title='bbox 1383 1178 1511 1242; x_wconf 87' lang='lat' dir='ltr'>suspen·</span> 
     </span>
     <span class='ocr_line' id='line_1_6' title="bbox 431 1262 1511 1347; baseline -0.003 -20"><span class='ocrx_word' id='word_1_43' title='bbox 431 1266 531 1328; x_wconf 86' lang='lat' dir='ltr'>dendo</span> <span class='ocrx_word' id='word_1_44' title='bbox 542 1282 612 1344; x_wconf 77' lang='lat' dir='ltr'>erge</span> <span class='ocrx_word' id='word_1_45' title='bbox 625 1269 775 1347; x_wconf 83' lang='lat' dir='ltr'>injustum</span> <span class='ocrx_word' id='word_1_46' title='bbox 788 1265 878 1327; x_wconf 88' lang='lat' dir='ltr'>iilum</span> <span class='ocrx_word' id='word_1_47' title='bbox 889 1264 1094 1327; x_wconf 77' lang='lat' dir='ltr'>adversarium</span> <span class='ocrx_word' id='word_1_48' title='bbox 1108 1270 1264 1327; x_wconf 80' lang='lat' dir='ltr'>externum</span> <span class='ocrx_word' id='word_1_49' title='bbox 1275 1262 1364 1325; x_wconf 85' lang='lat' dir='ltr'>olfioii</span> <span class='ocrx_word' id='word_1_50' title='bbox 1378 1263 1511 1325; x_wconf 87' lang='lat' dir='ltr'>oorreln-</span> 
     </span>
     <span class='ocr_line' id='line_1_7' title="bbox 431 1368 712 1430; baseline 0.007 -3"><span class='ocrx_word' id='word_1_51' title='bbox 431 1368 484 1430; x_wconf 82' lang='lat' dir='ltr'>tiri</span> <span class='ocrx_word' id='word_1_52' title='bbox 496 1370 712 1429; x_wconf 74' lang='lat' dir='ltr'>executionem.</span> 
     </span>
    </p>

    <p class='ocr_par' dir='ltr' id='par_1_3' title="bbox 429 1464 1511 2144">
     <span class='ocr_line' id='line_1_8' title="bbox 471 1464 1509 1546; baseline -0.001 -18"><span class='ocrx_word' id='word_1_53' title='bbox 471 1470 511 1528; x_wconf 77' lang='lat' dir='ltr'>st</span> <span class='ocrx_word' id='word_1_54' title='bbox 528 1468 728 1545; x_wconf 74' lang='lat' dir='ltr'>querendum</span> <span class='ocrx_word' id='word_1_55' title='bbox 746 1469 798 1530; x_wconf 87' lang='lat' dir='ltr'>hie</span> <span class='ocrx_word' id='word_1_56' title='bbox 816 1474 873 1546; x_wconf 83' lang='lat' dir='ltr'>set,</span> <span class='ocrx_word' id='word_1_57' title='bbox 891 1474 994 1529; x_wconf 86' lang='lat' dir='ltr'>utrum</span> <span class='ocrx_word' id='word_1_58' title='bbox 1015 1469 1203 1529; x_wconf 79' lang='lat' dir='ltr'>inomomm</span> <span class='ocrx_word' id='word_1_59' title='bbox 1216 1466 1308 1527; x_wconf 79' lang='lat' dir='ltr'>etism</span> <span class='ocrx_word' id='word_1_60' title='bbox 1327 1464 1509 1543; x_wconf 80' lang='lat' dir='ltr'>officiorum,</span> 
     </span>
     <span class='ocr_line' id='line_1_9' title="bbox 430 1563 1511 1645; baseline 0 -18"><span class='ocrx_word' id='word_1_61' title='bbox 430 1563 620 1627; x_wconf 55' lang='lat' dir='ltr'>&amp;moron</span> <span class='ocrx_word' id='word_1_62' title='bbox 629 1566 744 1629; x_wconf 83' lang='lat' dir='ltr'>scilieet</span> <span class='ocrx_word' id='word_1_63' title='bbox 752 1574 843 1645; x_wconf 78' lang='lat' dir='ltr'>etone</span> <span class='ocrx_word' id='word_1_64' title='bbox 853 1567 1005 1637; x_wconf 71' lang='lat' dir='ltr'>amicitior,</span> <span class='ocrx_word' id='word_1_65' title='bbox 1022 1567 1227 1628; x_wconf 73' lang='lat' dir='ltr'>executionem</span> <span class='ocrx_word' id='word_1_66' title='bbox 1242 1564 1424 1644; x_wconf 78' lang='lat' dir='ltr'>suspendere</span> <span class='ocrx_word' id='word_1_67' title='bbox 1436 1570 1511 1631; x_wconf 82' lang='lat' dir='ltr'>tune</span> 
     </span>
     <span class='ocr_line' id='line_1_10' title="bbox 429 1665 1509 1746; baseline -0.002 -17"><span class='ocrx_word' id='word_1_68' title='bbox 429 1665 527 1729; x_wconf 67' lang='lat' dir='ltr'>lieret</span> <span class='ocrx_word' id='word_1_69' title='bbox 543 1668 617 1741; x_wconf 77' lang='lat' dir='ltr'>oue</span> <span class='ocrx_word' id='word_1_70' title='bbox 633 1684 707 1728; x_wconf 85' lang='lat' dir='ltr'>sene</span> <span class='ocrx_word' id='word_1_71' title='bbox 717 1669 843 1746; x_wconf 82' lang='lat' dir='ltr'>questio</span> <span class='ocrx_word' id='word_1_72' title='bbox 858 1667 961 1743; x_wconf 78' lang='lat' dir='ltr'>megm</span> <span class='ocrx_word' id='word_1_73' title='bbox 978 1666 1124 1727; x_wconf 77' lang='lat' dir='ltr'>momenti</span> <span class='ocrx_word' id='word_1_74' title='bbox 1144 1672 1200 1727; x_wconf 76' lang='lat' dir='ltr'>est</span> <span class='ocrx_word' id='word_1_75' title='bbox 1214 1666 1287 1742; x_wconf 73' lang='lat' dir='ltr'>Fine</span> <span class='ocrx_word' id='word_1_76' title='bbox 1301 1665 1384 1729; x_wconf 87' lang='lat' dir='ltr'>enim</span> <span class='ocrx_word' id='word_1_77' title='bbox 1397 1665 1509 1727; x_wconf 89' lang='lat' dir='ltr'>solutio</span> 
     </span>
     <span class='ocr_line' id='line_1_11' title="bbox 429 1764 1508 1845; baseline 0.001 -19"><span class='ocrx_word' id='word_1_78' title='bbox 429 1766 535 1845; x_wconf 85' lang='lat' dir='ltr'>primis</span> <span class='ocrx_word' id='word_1_79' title='bbox 552 1768 633 1844; x_wconf 82' lang='lat' dir='ltr'>juris</span> <span class='ocrx_word' id='word_1_80' title='bbox 656 1766 773 1827; x_wconf 84' lang='lat' dir='ltr'>sooielie</span> <span class='ocrx_word' id='word_1_81' title='bbox 794 1766 963 1845; x_wconf 80' lang='lat' dir='ltr'>principiis,</span> <span class='ocrx_word' id='word_1_82' title='bbox 986 1783 1004 1827; x_wconf 84' lang='lat' dir='ltr'>e</span> <span class='ocrx_word' id='word_1_83' title='bbox 1025 1764 1136 1845; x_wconf 86' lang='lat' dir='ltr'>quibus</span> <span class='ocrx_word' id='word_1_84' title='bbox 1158 1782 1195 1827; x_wconf 78' lang='lat' dir='ltr'>es</span> <span class='ocrx_word' id='word_1_85' title='bbox 1217 1764 1338 1844; x_wconf 77' lang='lat' dir='ltr'>pendet,</span> <span class='ocrx_word' id='word_1_86' title='bbox 1363 1780 1508 1841; x_wconf 68' lang='lat' dir='ltr'>magnam</span> 
     </span>
     <span class='ocr_line' id='line_1_12' title="bbox 430 1863 1510 1945; baseline 0.003 -21"><span class='ocrx_word' id='word_1_87' title='bbox 430 1863 528 1925; x_wconf 86' lang='lat' dir='ltr'>inoern</span> <span class='ocrx_word' id='word_1_88' title='bbox 543 1864 658 1944; x_wconf 74' lang='lat' dir='ltr'>sileret,</span> <span class='ocrx_word' id='word_1_89' title='bbox 678 1872 769 1944; x_wconf 85' lang='lat' dir='ltr'>etque</span> <span class='ocrx_word' id='word_1_90' title='bbox 781 1866 818 1927; x_wconf 85' lang='lat' dir='ltr'>ed</span> <span class='ocrx_word' id='word_1_91' title='bbox 840 1867 915 1927; x_wconf 80' lang='lat' dir='ltr'>elias</span> <span class='ocrx_word' id='word_1_92' title='bbox 936 1867 1128 1944; x_wconf 63' lang='lat' dir='ltr'>merismmes</span> <span class='ocrx_word' id='word_1_93' title='bbox 1149 1867 1330 1945; x_wconf 69' lang='lat' dir='ltr'>questiones</span> <span class='ocrx_word' id='word_1_94' title='bbox 1349 1864 1510 1927; x_wconf 77' lang='lat' dir='ltr'>solvendas</span> 
     </span>
     <span class='ocr_line' id='line_1_13' title="bbox 430 1964 1508 2044; baseline 0.003 -21"><span class='ocrx_word' id='word_1_95' title='bbox 430 1966 510 2025; x_wconf 81' lang='lat' dir='ltr'>riam</span> <span class='ocrx_word' id='word_1_96' title='bbox 529 1971 649 2027; x_wconf 75' lang='lat' dir='ltr'>storum.</span> <span class='ocrx_word' id='word_1_97' title='bbox 666 1965 720 2028; x_wconf 85' lang='lat' dir='ltr'>llis</span> <span class='ocrx_word' id='word_1_98' title='bbox 730 1972 831 2027; x_wconf 86' lang='lat' dir='ltr'>eutem</span> <span class='ocrx_word' id='word_1_99' title='bbox 844 1967 970 2044; x_wconf 62' lang='lat' dir='ltr'>quatio</span> <span class='ocrx_word' id='word_1_100' title='bbox 987 1968 1020 2027; x_wconf 91' lang='lat' dir='ltr'>in</span> <span class='ocrx_word' id='word_1_101' title='bbox 1033 1981 1154 2027; x_wconf 82' lang='lat' dir='ltr'>summa</span> <span class='ocrx_word' id='word_1_102' title='bbox 1167 1966 1203 2027; x_wconf 85' lang='lat' dir='ltr'>nd</span> <span class='ocrx_word' id='word_1_103' title='bbox 1218 1966 1297 2027; x_wconf 80' lang='lat' dir='ltr'>huno</span> <span class='ocrx_word' id='word_1_104' title='bbox 1310 1965 1402 2027; x_wconf 83' lang='lat' dir='ltr'>eliam</span> <span class='ocrx_word' id='word_1_105' title='bbox 1412 1964 1508 2026; x_wconf 85' lang='lat' dir='ltr'>redu-</span> 
     </span>
     <span class='ocr_line' id='line_1_14' title="bbox 429 2063 1388 2144; baseline 0.003 -20"><span class='ocrx_word' id='word_1_106' title='bbox 429 2063 519 2141; x_wconf 87' lang='lat' dir='ltr'>eitur,</span> <span class='ocrx_word' id='word_1_107' title='bbox 532 2077 640 2144; x_wconf 88' lang='lat' dir='ltr'>nempe</span> <span class='ocrx_word' id='word_1_108' title='bbox 650 2072 754 2127; x_wconf 91' lang='lat' dir='ltr'>utrum</span> <span class='ocrx_word' id='word_1_109' title='bbox 763 2066 911 2128; x_wconf 81' lang='lat' dir='ltr'>oetorelis</span> <span class='ocrx_word' id='word_1_110' title='bbox 922 2066 962 2129; x_wconf 88' lang='lat' dir='ltr'>sit</span> <span class='ocrx_word' id='word_1_111' title='bbox 977 2067 1091 2128; x_wconf 83' lang='lat' dir='ltr'>inimici</span> <span class='ocrx_word' id='word_1_112' title='bbox 1102 2066 1224 2127; x_wconf 85' lang='lat' dir='ltr'>emendi</span> <span class='ocrx_word' id='word_1_113' title='bbox 1235 2066 1388 2143; x_wconf 79' lang='lat' dir='ltr'>obligatio.</span> 
     </span>
    </p>

    <p class='ocr_par' dir='ltr' id='par_1_4' title="bbox 429 2166 1508 2344">
     <span class='ocr_line' id='line_1_15' title="bbox 470 2166 1508 2247; baseline 0.004 -21"><span class='ocrx_word' id='word_1_114' title='bbox 470 2166 540 2227; x_wconf 71' lang='lat'><strong>757.</strong></span> <span class='ocrx_word' id='word_1_115' title='bbox 564 2168 632 2229; x_wconf 84' lang='lat' dir='ltr'>Poe.</span> <span class='ocrx_word' id='word_1_116' title='bbox 655 2168 738 2228; x_wconf 59' lang='lat'>359.</span> <span class='ocrx_word' id='word_1_117' title='bbox 754 2198 794 2213; x_wconf 92' lang='lat'><em>-</em></span> <span class='ocrx_word' id='word_1_118' title='bbox 806 2168 912 2243; x_wconf 78' lang='lat' dir='ltr'>Quivis</span> <span class='ocrx_word' id='word_1_119' title='bbox 924 2168 1079 2231; x_wconf 87' lang='lat' dir='ltr'>hominem</span> <span class='ocrx_word' id='word_1_120' title='bbox 1092 2166 1508 2247; x_wconf 72' lang='lat' dir='ltr'>sibiinimieumsmorejure</span> 
     </span>
     <span class='ocr_line' id='line_1_16' title="bbox 429 2265 734 2344; baseline 0.013 -19"><span class='ocrx_word' id='word_1_121' title='bbox 429 2265 560 2326; x_wconf 69' lang='lat' dir='ltr'>nonnuli</span> <span class='ocrx_word' id='word_1_122' title='bbox 574 2266 734 2344; x_wconf 76' lang='lat' dir='ltr'>obligetur.</span> 
     </span>
    </p>

    <p class='ocr_par' dir='ltr' id='par_1_5' title="bbox 431 2368 1514 4045">
     <span class='ocr_line' id='line_1_17' title="bbox 470 2368 1508 2449; baseline 0.004 -22"><span class='ocrx_word' id='word_1_123' title='bbox 470 2369 565 2428; x_wconf 78' lang='lat' dir='ltr'>Peon.</span> <span class='ocrx_word' id='word_1_124' title='bbox 580 2398 621 2412; x_wconf 91' lang='lat'>-</span> <span class='ocrx_word' id='word_1_125' title='bbox 634 2368 777 2431; x_wconf 79' lang='lat' dir='ltr'>Officium</span> <span class='ocrx_word' id='word_1_126' title='bbox 791 2369 891 2429; x_wconf 89' lang='lat' dir='ltr'>motui</span> <span class='ocrx_word' id='word_1_127' title='bbox 911 2370 1020 2430; x_wconf 80' lang='lat' dir='ltr'>amoris</span> <span class='ocrx_word' id='word_1_128' title='bbox 1034 2386 1096 2448; x_wconf 90' lang='lat' dir='ltr'>quo</span> <span class='ocrx_word' id='word_1_129' title='bbox 1109 2386 1141 2429; x_wconf 88' lang='lat' dir='ltr'>se</span> <span class='ocrx_word' id='word_1_130' title='bbox 1152 2369 1284 2431; x_wconf 78' lang='lat' dir='ltr'>uicissim</span> <span class='ocrx_word' id='word_1_131' title='bbox 1297 2368 1439 2449; x_wconf 82' lang='lat' dir='ltr'>prosequi</span> <span class='ocrx_word' id='word_1_132' title='bbox 1451 2370 1508 2431; x_wconf 81' lang='lat' dir='ltr'>iro·</span> 
     </span>
     <span class='ocr_line' id='line_1_18' title="bbox 432 2464 1509 2543; baseline 0.004 -18"><span class='ocrx_word' id='word_1_133' title='bbox 432 2465 530 2525; x_wconf 85' lang='lat' dir='ltr'>mines</span> <span class='ocrx_word' id='word_1_134' title='bbox 543 2465 664 2543; x_wconf 83' lang='lat' dir='ltr'>debent,</span> <span class='ocrx_word' id='word_1_135' title='bbox 678 2472 774 2528; x_wconf 88' lang='lat' dir='ltr'>totum</span> <span class='ocrx_word' id='word_1_136' title='bbox 788 2466 845 2531; x_wconf 86' lang='lat' dir='ltr'>hoo</span> <span class='ocrx_word' id='word_1_137' title='bbox 860 2468 949 2527; x_wconf 87' lang='lat' dir='ltr'>titolo</span> <span class='ocrx_word' id='word_1_138' title='bbox 963 2466 1080 2541; x_wconf 88' lang='lat' dir='ltr'>nititur,</span> <span class='ocrx_word' id='word_1_139' title='bbox 1095 2466 1207 2527; x_wconf 86' lang='lat' dir='ltr'>seilicet</span> <span class='ocrx_word' id='word_1_140' title='bbox 1218 2470 1332 2527; x_wconf 81' lang='lat' dir='ltr'>netnrae</span> <span class='ocrx_word' id='word_1_141' title='bbox 1354 2464 1509 2529; x_wconf 76' lang='lat' dir='ltr'>identitate</span> 
     </span>
     <span class='ocr_line' id='line_1_19' title="bbox 431 2563 1510 2643; baseline 0.003 -18"><span class='ocrx_word' id='word_1_142' title='bbox 431 2563 526 2641; x_wconf 75' lang='lat'><strong>(742).</strong></span> <span class='ocrx_word' id='word_1_143' title='bbox 559 2566 651 2643; x_wconf 71' lang='lat' dir='ltr'>Atqui</span> <span class='ocrx_word' id='word_1_144' title='bbox 679 2564 770 2627; x_wconf 86' lang='lat' dir='ltr'>homo</span> <span class='ocrx_word' id='word_1_145' title='bbox 795 2566 953 2643; x_wconf 78' lang='lat' dir='ltr'>inimicus,</span> <span class='ocrx_word' id='word_1_146' title='bbox 978 2563 1114 2640; x_wconf 86' lang='lat' dir='ltr'>eoquod</span> <span class='ocrx_word' id='word_1_147' title='bbox 1135 2580 1183 2625; x_wconf 87' lang='lat' dir='ltr'>me</span> <span class='ocrx_word' id='word_1_148' title='bbox 1205 2563 1319 2637; x_wconf 88' lang='lat' dir='ltr'>ederit,</span> <span class='ocrx_word' id='word_1_149' title='bbox 1338 2580 1400 2627; x_wconf 92' lang='lat' dir='ltr'>non</span> <span class='ocrx_word' id='word_1_150' title='bbox 1413 2573 1510 2628; x_wconf 85' lang='lat' dir='ltr'>eesset</span> 
     </span>
     <span class='ocr_line' id='line_1_20' title="bbox 431 2663 1509 2743; baseline 0.004 -20"><span class='ocrx_word' id='word_1_151' title='bbox 431 2664 679 2725; x_wconf 82' lang='lat' dir='ltr'>temeneemdem</span> <span class='ocrx_word' id='word_1_152' title='bbox 687 2672 828 2726; x_wconf 84' lang='lat' dir='ltr'>notorem</span> <span class='ocrx_word' id='word_1_153' title='bbox 841 2665 951 2726; x_wconf 84' lang='lat' dir='ltr'>hebere</span> <span class='ocrx_word' id='word_1_154' title='bbox 962 2680 1055 2743; x_wconf 77' lang='lat' dir='ltr'>qnam</span> <span class='ocrx_word' id='word_1_155' title='bbox 1069 2664 1246 2743; x_wconf 80' lang='lat' dir='ltr'>ipsehebeo.</span> <span class='ocrx_word' id='word_1_156' title='bbox 1257 2666 1335 2741; x_wconf 79' lang='lat' dir='ltr'>Ergo</span> <span class='ocrx_word' id='word_1_157' title='bbox 1347 2663 1509 2743; x_wconf 76' lang='lat' dir='ltr'>illinsjurn</span> 
     </span>
     <span class='ocr_line' id='line_1_21' title="bbox 432 2763 1509 2845; baseline 0.006 -24"><span class='ocrx_word' id='word_1_158' title='bbox 432 2763 560 2823; x_wconf 86' lang='lat' dir='ltr'>minime</span> <span class='ocrx_word' id='word_1_159' title='bbox 574 2769 744 2840; x_wconf 80' lang='lat' dir='ltr'>mutentur,</span> <span class='ocrx_word' id='word_1_160' title='bbox 760 2782 856 2843; x_wconf 87' lang='lat' dir='ltr'>quum</span> <span class='ocrx_word' id='word_1_161' title='bbox 872 2766 1002 2826; x_wconf 76' lang='lat' dir='ltr'>intortus</span> <span class='ocrx_word' id='word_1_162' title='bbox 1018 2765 1127 2825; x_wconf 79' lang='lat' dir='ltr'>norom</span> <span class='ocrx_word' id='word_1_163' title='bbox 1138 2766 1256 2842; x_wconf 86' lang='lat' dir='ltr'>jurium</span> <span class='ocrx_word' id='word_1_164' title='bbox 1273 2764 1381 2827; x_wconf 79' lang='lat' dir='ltr'>titinius</span> <span class='ocrx_word' id='word_1_165' title='bbox 1391 2780 1509 2845; x_wconf 84' lang='lat' dir='ltr'>permn-</span> 
     </span>
     <span class='ocr_line' id='line_1_22' title="bbox 432 2865 1509 2946; baseline 0.004 -22"><span class='ocrx_word' id='word_1_166' title='bbox 432 2870 513 2924; x_wconf 82' lang='lat' dir='ltr'>nent.</span> <span class='ocrx_word' id='word_1_167' title='bbox 528 2867 607 2941; x_wconf 75' lang='lat' dir='ltr'>Ergo</span> <span class='ocrx_word' id='word_1_168' title='bbox 620 2867 673 2941; x_wconf 83' lang='lat' dir='ltr'>jus</span> <span class='ocrx_word' id='word_1_169' title='bbox 687 2865 769 2944; x_wconf 84' lang='lat' dir='ltr'>qnod</span> <span class='ocrx_word' id='word_1_170' title='bbox 783 2865 834 2926; x_wconf 89' lang='lat' dir='ltr'>ille</span> <span class='ocrx_word' id='word_1_171' title='bbox 856 2865 895 2927; x_wconf 82' lang='lat' dir='ltr'>sd</span> <span class='ocrx_word' id='word_1_172' title='bbox 913 2881 1015 2926; x_wconf 89' lang='lat' dir='ltr'>meum</span> <span class='ocrx_word' id='word_1_173' title='bbox 1029 2873 1159 2926; x_wconf 83' lang='lat' dir='ltr'>emerem</span> <span class='ocrx_word' id='word_1_174' title='bbox 1175 2865 1274 2936; x_wconf 84' lang='lat' dir='ltr'>hebet.</span> <span class='ocrx_word' id='word_1_175' title='bbox 1289 2879 1349 2926; x_wconf 88' lang='lat' dir='ltr'>non</span> <span class='ocrx_word' id='word_1_176' title='bbox 1362 2871 1509 2946; x_wconf 71' lang='lat' dir='ltr'>mnutnr,</span> 
     </span>
     <span class='ocr_line' id='line_1_23' title="bbox 433 2963 1511 3045; baseline 0.002 -19"><span class='ocrx_word' id='word_1_177' title='bbox 433 2964 486 3026; x_wconf 85' lang='lat' dir='ltr'>sed</span> <span class='ocrx_word' id='word_1_178' title='bbox 497 2965 598 3026; x_wconf 87' lang='lat' dir='ltr'>solnm</span> <span class='ocrx_word' id='word_1_179' title='bbox 610 2964 762 3028; x_wconf 79' lang='lat' dir='ltr'>colliditur</span> <span class='ocrx_word' id='word_1_180' title='bbox 774 2982 843 3028; x_wconf 85' lang='lat' dir='ltr'>oum</span> <span class='ocrx_word' id='word_1_181' title='bbox 852 2968 923 3044; x_wconf 88' lang='lat' dir='ltr'>juro</span> <span class='ocrx_word' id='word_1_182' title='bbox 934 2965 1014 3044; x_wconf 85' lang='lat' dir='ltr'>quod</span> <span class='ocrx_word' id='word_1_183' title='bbox 1029 2967 1093 3045; x_wconf 90' lang='lat' dir='ltr'>ipse</span> <span class='ocrx_word' id='word_1_184' title='bbox 1105 2965 1199 3026; x_wconf 76' lang='lat' dir='ltr'>nemo</span> <span class='ocrx_word' id='word_1_185' title='bbox 1212 2963 1250 3025; x_wconf 85' lang='lat' dir='ltr'>ed</span> <span class='ocrx_word' id='word_1_186' title='bbox 1264 2966 1461 3028; x_wconf 83' lang='lat' dir='ltr'>obtinendum</span> <span class='ocrx_word' id='word_1_187' title='bbox 1472 2967 1511 3028; x_wconf 77' lang='lat' dir='ltr'>eli</span> 
     </span>
     <span class='ocr_line' id='line_1_24' title="bbox 433 3063 1510 3141; baseline 0.001 -16"><span class='ocrx_word' id='word_1_188' title='bbox 433 3063 491 3126; x_wconf 86' lang='lat' dir='ltr'>hoe</span> <span class='ocrx_word' id='word_1_189' title='bbox 501 3065 624 3126; x_wconf 86' lang='lat' dir='ltr'>homine</span> <span class='ocrx_word' id='word_1_190' title='bbox 638 3067 761 3127; x_wconf 88' lang='lat' dir='ltr'>inimieo</span> <span class='ocrx_word' id='word_1_191' title='bbox 778 3066 1011 3141; x_wconf 72' lang='lat' dir='ltr'>observantium,</span> <span class='ocrx_word' id='word_1_192' title='bbox 1022 3063 1258 3126; x_wconf 80' lang='lat' dir='ltr'>benevolentiam</span> <span class='ocrx_word' id='word_1_193' title='bbox 1275 3071 1304 3124; x_wconf 93' lang='lat' dir='ltr'>et</span> <span class='ocrx_word' id='word_1_194' title='bbox 1316 3067 1510 3128; x_wconf 79' lang='lat' dir='ltr'>eomitntem:</span> 
     </span>
     <span class='ocr_line' id='line_1_25' title="bbox 433 3163 1513 3244; baseline 0.002 -18"><span class='ocrx_word' id='word_1_195' title='bbox 433 3165 513 3244; x_wconf 82' lang='lat' dir='ltr'>quod</span> <span class='ocrx_word' id='word_1_196' title='bbox 522 3167 695 3242; x_wconf 77' lang='lat' dir='ltr'>iusooniert</span> <span class='ocrx_word' id='word_1_197' title='bbox 704 3166 780 3226; x_wconf 86' lang='lat' dir='ltr'>milri</span> <span class='ocrx_word' id='word_1_198' title='bbox 789 3166 962 3227; x_wconf 76' lang='lat' dir='ltr'>[multatum</span> <span class='ocrx_word' id='word_1_199' title='bbox 969 3165 1073 3226; x_wconf 89' lang='lat' dir='ltr'>utendi</span> <span class='ocrx_word' id='word_1_200' title='bbox 1085 3163 1193 3226; x_wconf 85' lang='lat' dir='ltr'>mediis</span> <span class='ocrx_word' id='word_1_201' title='bbox 1205 3163 1361 3226; x_wconf 81' lang='lat' dir='ltr'>idoneisnd</span> <span class='ocrx_word' id='word_1_202' title='bbox 1375 3166 1513 3228; x_wconf 86' lang='lat' dir='ltr'>obtinen-</span> 
     </span>
     <span class='ocr_line' id='line_1_26' title="bbox 434 3263 1514 3341; baseline 0.006 -16"><span class='ocrx_word' id='word_1_203' title='bbox 434 3263 1473 3341; x_wconf 79' lang='lat' dir='ltr'>demebeotelisoffleiiereootionem.Atquiinteroemobserrentism</span> <span class='ocrx_word' id='word_1_204' title='bbox 1484 3279 1514 3332; x_wconf 88' lang='lat' dir='ltr'>et</span> 
     </span>
     <span class='ocr_line' id='line_1_27' title="bbox 435 3365 1512 3442; baseline 0.003 -17"><span class='ocrx_word' id='word_1_205' title='bbox 435 3365 673 3426; x_wconf 82' lang='lat' dir='ltr'>benevolentiem</span> <span class='ocrx_word' id='word_1_206' title='bbox 692 3365 814 3425; x_wconf 89' lang='lat' dir='ltr'>inimieo</span> <span class='ocrx_word' id='word_1_207' title='bbox 831 3381 982 3440; x_wconf 80' lang='lat' dir='ltr'>recusare,</span> <span class='ocrx_word' id='word_1_208' title='bbox 1004 3379 1162 3440; x_wconf 80' lang='lat' dir='ltr'>nunquam</span> <span class='ocrx_word' id='word_1_209' title='bbox 1183 3370 1363 3442; x_wconf 87' lang='lat' dir='ltr'>potestesse</span> <span class='ocrx_word' id='word_1_210' title='bbox 1377 3365 1512 3428; x_wconf 82' lang='lat' dir='ltr'>modium</span> 
     </span>
     <span class='ocr_line' id='line_1_28' title="bbox 435 3463 1514 3539; baseline 0.003 -13"><span class='ocrx_word' id='word_1_211' title='bbox 435 3465 579 3526; x_wconf 82' lang='lat' dir='ltr'>idoneum</span> <span class='ocrx_word' id='word_1_212' title='bbox 592 3464 630 3526; x_wconf 81' lang='lat' dir='ltr'>nd</span> <span class='ocrx_word' id='word_1_213' title='bbox 646 3464 840 3528; x_wconf 82' lang='lat' dir='ltr'>obtinendum</span> <span class='ocrx_word' id='word_1_214' title='bbox 861 3464 900 3525; x_wconf 83' lang='lat' dir='ltr'>eb</span> <span class='ocrx_word' id='word_1_215' title='bbox 915 3465 981 3539; x_wconf 89' lang='lat' dir='ltr'>illo,</span> <span class='ocrx_word' id='word_1_216' title='bbox 1005 3470 1037 3525; x_wconf 89' lang='lat' dir='ltr'>ut</span> <span class='ocrx_word' id='word_1_217' title='bbox 1059 3481 1114 3526; x_wconf 87' lang='lat' dir='ltr'>suo</span> <span class='ocrx_word' id='word_1_218' title='bbox 1136 3463 1235 3526; x_wconf 76' lang='lat' dir='ltr'>officio</span> <span class='ocrx_word' id='word_1_219' title='bbox 1256 3465 1415 3528; x_wconf 83' lang='lat' dir='ltr'>setisleeirt</span> <span class='ocrx_word' id='word_1_220' title='bbox 1436 3467 1514 3530; x_wconf 86' lang='lat' dir='ltr'>:iile</span> 
     </span>
     <span class='ocr_line' id='line_1_29' title="bbox 435 3565 1513 3645; baseline 0.005 -20"><span class='ocrx_word' id='word_1_221' title='bbox 435 3567 517 3625; x_wconf 90' lang='lat' dir='ltr'>enim</span> <span class='ocrx_word' id='word_1_222' title='bbox 529 3565 591 3626; x_wconf 92' lang='lat' dir='ltr'>duo</span> <span class='ocrx_word' id='word_1_223' title='bbox 604 3572 704 3645; x_wconf 84' lang='lat' dir='ltr'>utpote</span> <span class='ocrx_word' id='word_1_224' title='bbox 717 3568 842 3626; x_wconf 88' lang='lat' dir='ltr'>omnino</span> <span class='ocrx_word' id='word_1_225' title='bbox 853 3566 983 3642; x_wconf 84' lang='lat' dir='ltr'>interne,</span> <span class='ocrx_word' id='word_1_226' title='bbox 996 3565 1059 3626; x_wconf 81' lang='lat' dir='ltr'>sive</span> <span class='ocrx_word' id='word_1_227' title='bbox 1073 3565 1172 3626; x_wconf 75' lang='lat' dir='ltr'>adsint</span> <span class='ocrx_word' id='word_1_228' title='bbox 1183 3565 1246 3627; x_wconf 85' lang='lat' dir='ltr'>sire</span> <span class='ocrx_word' id='word_1_229' title='bbox 1259 3566 1368 3639; x_wconf 87' lang='lat' dir='ltr'>desint,</span> <span class='ocrx_word' id='word_1_230' title='bbox 1385 3568 1513 3630; x_wconf 86' lang='lat' dir='ltr'>minime</span> 
     </span>
     <span class='ocr_line' id='line_1_30' title="bbox 435 3665 1514 3747; baseline 0.004 -21"><span class='ocrx_word' id='word_1_231' title='bbox 435 3665 474 3726; x_wconf 84' lang='lat' dir='ltr'>eh</span> <span class='ocrx_word' id='word_1_232' title='bbox 493 3665 547 3726; x_wconf 92' lang='lat' dir='ltr'>illo</span> <span class='ocrx_word' id='word_1_233' title='bbox 561 3672 739 3728; x_wconf 84' lang='lat' dir='ltr'>noseuntor.</span> <span class='ocrx_word' id='word_1_234' title='bbox 756 3665 896 3742; x_wconf 31' lang='lat' dir='ltr'>Eroovjns</span> <span class='ocrx_word' id='word_1_235' title='bbox 909 3665 988 3742; x_wconf 85' lang='lat' dir='ltr'>qnod</span> <span class='ocrx_word' id='word_1_236' title='bbox 1005 3666 1070 3747; x_wconf 90' lang='lat' dir='ltr'>ipse</span> <span class='ocrx_word' id='word_1_237' title='bbox 1087 3665 1182 3726; x_wconf 81' lang='lat' dir='ltr'>habeo</span> <span class='ocrx_word' id='word_1_238' title='bbox 1196 3666 1232 3727; x_wconf 88' lang='lat' dir='ltr'>ad</span> <span class='ocrx_word' id='word_1_239' title='bbox 1246 3666 1332 3728; x_wconf 88' lang='lat' dir='ltr'>illins</span> <span class='ocrx_word' id='word_1_240' title='bbox 1345 3667 1514 3730; x_wconf 82' lang='lat' dir='ltr'>observan-</span> 
     </span>
     <span class='ocr_line' id='line_1_31' title="bbox 436 3763 1514 3844; baseline 0.003 -18"><span class='ocrx_word' id='word_1_241' title='bbox 436 3766 510 3826; x_wconf 85' lang='lat' dir='ltr'>tiam</span> <span class='ocrx_word' id='word_1_242' title='bbox 530 3773 560 3828; x_wconf 86' lang='lat' dir='ltr'>et</span> <span class='ocrx_word' id='word_1_243' title='bbox 578 3767 817 3829; x_wconf 77' lang='lat' dir='ltr'>benevolentium</span> <span class='ocrx_word' id='word_1_244' title='bbox 840 3771 871 3826; x_wconf 85' lang='lat' dir='ltr'>et</span> <span class='ocrx_word' id='word_1_245' title='bbox 892 3763 1077 3840; x_wconf 85' lang='lat' dir='ltr'>comitatem,</span> <span class='ocrx_word' id='word_1_246' title='bbox 1101 3781 1162 3828; x_wconf 89' lang='lat' dir='ltr'>non</span> <span class='ocrx_word' id='word_1_247' title='bbox 1183 3765 1268 3826; x_wconf 89' lang='lat' dir='ltr'>elidit</span> <span class='ocrx_word' id='word_1_248' title='bbox 1282 3769 1335 3843; x_wconf 86' lang='lat' dir='ltr'>jue</span> <span class='ocrx_word' id='word_1_249' title='bbox 1354 3767 1435 3844; x_wconf 87' lang='lat' dir='ltr'>quod</span> <span class='ocrx_word' id='word_1_250' title='bbox 1460 3769 1514 3830; x_wconf 89' lang='lat' dir='ltr'>ille</span> 
     </span>
     <span class='ocr_line' id='line_1_32' title="bbox 436 3864 1514 3943; baseline -0.001 -13"><span class='ocrx_word' id='word_1_251' title='bbox 436 3867 527 3930; x_wconf 85' lang='lat' dir='ltr'>hebet</span> <span class='ocrx_word' id='word_1_252' title='bbox 542 3867 580 3930; x_wconf 87' lang='lat' dir='ltr'>ed</span> <span class='ocrx_word' id='word_1_253' title='bbox 593 3869 742 3929; x_wconf 80' lang='lat' dir='ltr'>internam</span> <span class='ocrx_word' id='word_1_254' title='bbox 755 3883 855 3928; x_wconf 83' lang='lat' dir='ltr'>meam</span> <span class='ocrx_word' id='word_1_255' title='bbox 867 3881 940 3943; x_wconf 76' lang='lat' dir='ltr'>erge</span> <span class='ocrx_word' id='word_1_256' title='bbox 954 3864 1042 3929; x_wconf 91' lang='lat' dir='ltr'>illum</span> <span class='ocrx_word' id='word_1_257' title='bbox 1055 3867 1273 3928; x_wconf 78' lang='lat' dir='ltr'>observantium</span> <span class='ocrx_word' id='word_1_258' title='bbox 1286 3873 1315 3928; x_wconf 90' lang='lat' dir='ltr'>et</span> <span class='ocrx_word' id='word_1_259' title='bbox 1329 3868 1514 3929; x_wconf 83' lang='lat' dir='ltr'>benevolen-</span> 
     </span>
     <span class='ocr_line' id='line_1_33' title="bbox 437 3970 698 4045; baseline 0.008 -17"><span class='ocrx_word' id='word_1_260' title='bbox 437 3970 521 4029; x_wconf 82' lang='lat' dir='ltr'>tium.</span> <span class='ocrx_word' id='word_1_261' title='bbox 538 3971 628 4045; x_wconf 78' lang='lat' dir='ltr'>Ergo,</span> <span class='ocrx_word' id='word_1_262' title='bbox 644 3975 698 4030; x_wconf 87' lang='lat' dir='ltr'>eto.</span> 
     </span>
    </p>

    <p class='ocr_par' dir='ltr' id='par_1_6' title="bbox 436 4065 1513 4434">
     <span class='ocr_line' id='line_1_34' title="bbox 476 4065 1513 4133; baseline 0.001 -3"><span class='ocrx_word' id='word_1_263' title='bbox 476 4071 547 4133; x_wconf 75' lang='lat'><strong>7⁵8.</strong></span> <span class='ocrx_word' id='word_1_264' title='bbox 558 4073 640 4132; x_wconf 75' lang='lat' dir='ltr'>‘Poe</span> <span class='ocrx_word' id='word_1_265' title='bbox 661 4069 743 4132; x_wconf 76' lang='lat'><strong>360¹.</strong></span> <span class='ocrx_word' id='word_1_266' title='bbox 755 4069 953 4130; x_wconf 82' lang='lat' dir='ltr'>-Priratam</span> <span class='ocrx_word' id='word_1_267' title='bbox 965 4066 1125 4129; x_wconf 87' lang='lat' dir='ltr'>vindiotem</span> <span class='ocrx_word' id='word_1_268' title='bbox 1139 4065 1218 4127; x_wconf 87' lang='lat' dir='ltr'>velle</span> <span class='ocrx_word' id='word_1_269' title='bbox 1232 4065 1264 4126; x_wconf 91' lang='lat' dir='ltr'>in</span> <span class='ocrx_word' id='word_1_270' title='bbox 1278 4065 1362 4128; x_wconf 85' lang='lat' dir='ltr'>nolle</span> <span class='ocrx_word' id='word_1_271' title='bbox 1373 4067 1513 4132; x_wconf 75' lang='lat' dir='ltr'>soeietme</span> 
     </span>
     <span class='ocr_line' id='line_1_35' title="bbox 436 4171 1407 4248; baseline 0.003 -19"><span class='ocrx_word' id='word_1_272' title='bbox 436 4185 572 4248; x_wconf 79' lang='lat' dir='ltr'>unquam</span> <span class='ocrx_word' id='word_1_273' title='bbox 585 4171 664 4234; x_wconf 86' lang='lat' dir='ltr'>lieet.</span> <span class='ocrx_word' id='word_1_274' title='bbox 1403 4215 1407 4220; x_wconf 89' lang='lat'>-</span> 
     </span>
     <span class='ocr_line' id='line_1_36' title="bbox 477 4267 1512 4352; baseline -0.002 -17"><span class='ocrx_word' id='word_1_275' title='bbox 477 4273 659 4334; x_wconf 72' lang='lat' dir='ltr'>umissos.</span> <span class='ocrx_word' id='word_1_276' title='bbox 677 4303 715 4318; x_wconf 89' lang='lat'>-</span> <span class='ocrx_word' id='word_1_277' title='bbox 730 4270 797 4332; x_wconf 81' lang='lat' dir='ltr'>listi</span> <span class='ocrx_word' id='word_1_278' title='bbox 811 4286 866 4352; x_wconf 88' lang='lat' dir='ltr'>pro</span> <span class='ocrx_word' id='word_1_279' title='bbox 879 4267 960 4330; x_wconf 72' lang='lat' dir='ltr'>mmo</span> <span class='ocrx_word' id='word_1_280' title='bbox 974 4273 1093 4346; x_wconf 74' lang='lat' dir='ltr'>recepto</span> <span class='ocrx_word' id='word_1_281' title='bbox 1105 4267 1266 4329; x_wconf 62' lang='lat' dir='ltr'>‘retributio</span> <span class='ocrx_word' id='word_1_282' title='bbox 1284 4273 1330 4328; x_wconf 86' lang='lat' dir='ltr'>est</span> <span class='ocrx_word' id='word_1_283' title='bbox 1342 4267 1512 4349; x_wconf 82' lang='lat' dir='ltr'>illudquod</span> 
     </span>
     <span class='ocr_line' id='line_1_37' title="bbox 437 4369 1274 4434; baseline 0 -2"><span class='ocrx_word' id='word_1_284' title='bbox 437 4369 569 4432; x_wconf 79' lang='lat' dir='ltr'>vindicte</span> <span class='ocrx_word' id='word_1_285' title='bbox 582 4377 715 4434; x_wconf 80' lang='lat' dir='ltr'>vocetur.</span> <span class='ocrx_word' id='word_1_286' title='bbox 1273 4399 1274 4404; x_wconf 41' lang='lat'>¹</span> 
     </span>
    </p>

    <p class='ocr_par' dir='ltr' id='par_1_7' title="bbox 433 4468 1513 4854">
     <span class='ocr_line' id='line_1_38' title="bbox 477 4468 1513 4549; baseline 0 -16"><span class='ocrx_word' id='word_1_287' title='bbox 477 4473 571 4533; x_wconf 80' lang='lat' dir='ltr'>Pron.</span> <span class='ocrx_word' id='word_1_288' title='bbox 592 4487 658 4535; x_wconf 81' lang='lat' dir='ltr'>ros.</span> <span class='ocrx_word' id='word_1_289' title='bbox 674 4507 711 4518; x_wconf 94' lang='lat'>-</span> <span class='ocrx_word' id='word_1_290' title='bbox 732 4474 754 4533; x_wconf 91' lang='lat' dir='ltr'>i.</span> <span class='ocrx_word' id='word_1_291' title='bbox 778 4470 921 4538; x_wconf 70' lang='lat' dir='ltr'>Wndiote</span> <span class='ocrx_word' id='word_1_292' title='bbox 933 4469 1095 4549; x_wconf 74' lang='lat' dir='ltr'>priretaein</span> <span class='ocrx_word' id='word_1_293' title='bbox 1110 4468 1195 4529; x_wconf 84' lang='lat' dir='ltr'>nuile</span> <span class='ocrx_word' id='word_1_294' title='bbox 1208 4468 1345 4530; x_wconf 79' lang='lat' dir='ltr'>societate</span> <span class='ocrx_word' id='word_1_295' title='bbox 1359 4471 1433 4531; x_wconf 77' lang='lat' dir='ltr'>ratio</span> <span class='ocrx_word' id='word_1_296' title='bbox 1447 4473 1513 4533; x_wconf 82' lang='lat' dir='ltr'>sui·</span> 
     </span>
     <span class='ocr_line' id='line_1_39' title="bbox 434 4568 1512 4653; baseline 0.001 -20"><span class='ocrx_word' id='word_1_297' title='bbox 434 4573 539 4634; x_wconf 85' lang='lat' dir='ltr'>tielens</span> <span class='ocrx_word' id='word_1_298' title='bbox 552 4573 617 4634; x_wconf 83' lang='lat' dir='ltr'>ulle</span> <span class='ocrx_word' id='word_1_299' title='bbox 629 4589 764 4653; x_wconf 80' lang='lat' dir='ltr'>unquam</span> <span class='ocrx_word' id='word_1_300' title='bbox 775 4589 840 4634; x_wconf 85' lang='lat' dir='ltr'>esse</span> <span class='ocrx_word' id='word_1_301' title='bbox 852 4577 958 4650; x_wconf 82' lang='lat' dir='ltr'>potest.</span> <span class='ocrx_word' id='word_1_302' title='bbox 975 4568 1049 4630; x_wconf 85' lang='lat' dir='ltr'>Nem</span> <span class='ocrx_word' id='word_1_303' title='bbox 1063 4569 1125 4630; x_wconf 76' lang='lat' dir='ltr'>hnc</span> <span class='ocrx_word' id='word_1_304' title='bbox 1140 4569 1213 4630; x_wconf 81' lang='lat' dir='ltr'>ratio</span> <span class='ocrx_word' id='word_1_305' title='bbox 1227 4575 1303 4629; x_wconf 87' lang='lat' dir='ltr'>esset</span> <span class='ocrx_word' id='word_1_306' title='bbox 1315 4570 1362 4631; x_wconf 81' lang='lat' dir='ltr'>rel</span> <span class='ocrx_word' id='word_1_307' title='bbox 1377 4569 1414 4630; x_wconf 84' lang='lat' dir='ltr'>ed</span> <span class='ocrx_word' id='word_1_308' title='bbox 1430 4573 1512 4635; x_wconf 86' lang='lat' dir='ltr'>ohti-</span> 
     </span>
     <span class='ocr_line' id='line_1_40' title="bbox 433 4667 1511 4758; baseline -0.002 -22"><span class='ocrx_word' id='word_1_309' title='bbox 433 4674 569 4736; x_wconf 84' lang='lat' dir='ltr'>nendum</span> <span class='ocrx_word' id='word_1_310' title='bbox 590 4675 629 4736; x_wconf 84' lang='lat' dir='ltr'>ol)</span> <span class='ocrx_word' id='word_1_311' title='bbox 650 4670 795 4736; x_wconf 64' lang='lat' dir='ltr'>ostensore</span> <span class='ocrx_word' id='word_1_312' title='bbox 818 4669 972 4752; x_wconf 87' lang='lat' dir='ltr'>proprium</span> <span class='ocrx_word' id='word_1_313' title='bbox 993 4673 1056 4747; x_wconf 85' lang='lat' dir='ltr'>jos,</span> <span class='ocrx_word' id='word_1_314' title='bbox 1075 4668 1122 4729; x_wconf 85' lang='lat' dir='ltr'>rel</span> <span class='ocrx_word' id='word_1_315' title='bbox 1143 4668 1178 4729; x_wconf 83' lang='lat' dir='ltr'>ed</span> <span class='ocrx_word' id='word_1_316' title='bbox 1197 4667 1333 4758; x_wconf 87' lang='lat' dir='ltr'>ordinem</span> <span class='ocrx_word' id='word_1_317' title='bbox 1354 4671 1511 4735; x_wconf 88' lang='lat' dir='ltr'>turbetom</span> 
     </span>
     <span class='ocr_line' id='line_1_41' title="bbox 434 4769 1508 4854; baseline -0.002 -18"><span class='ocrx_word' id='word_1_318' title='bbox 434 4775 665 4840; x_wconf 86' lang='lat' dir='ltr'>restituendum.</span> <span class='ocrx_word' id='word_1_319' title='bbox 682 4774 772 4854; x_wconf 75' lang='lat' dir='ltr'>Atqui</span> <span class='ocrx_word' id='word_1_320' title='bbox 791 4775 823 4832; x_wconf 82' lang='lat'>1⁰</span> <span class='ocrx_word' id='word_1_321' title='bbox 837 4772 953 4852; x_wconf 79' lang='lat' dir='ltr'>privato</span> <span class='ocrx_word' id='word_1_322' title='bbox 965 4769 1097 4832; x_wconf 75' lang='lat' dir='ltr'>vindicte</span> <span class='ocrx_word' id='word_1_323' title='bbox 1108 4775 1154 4829; x_wconf 89' lang='lat' dir='ltr'>est</span> <span class='ocrx_word' id='word_1_324' title='bbox 1167 4769 1302 4833; x_wconf 85' lang='lat' dir='ltr'>medium</span> <span class='ocrx_word' id='word_1_325' title='bbox 1320 4769 1456 4852; x_wconf 83' lang='lat' dir='ltr'>ineptum</span> <span class='ocrx_word' id='word_1_326' title='bbox 1470 4773 1508 4836; x_wconf 90' lang='lat' dir='ltr'>nd</span> 
     </span>
    </p>
   </div>
   <div class='ocr_carea' id='block_1_3' title="bbox 0 0 1790 5675">
    <p class='ocr_par' dir='ltr' id='par_1_8' title="bbox 0 0 1790 5675">
     <span class='ocr_line' id='line_1_42' title="bbox 0 0 1790 5675; baseline 0 0"><span class='ocrx_word' id='word_1_327' title='bbox 0 0 1790 5675; x_wconf 95' lang='lat' dir='ltr'> </span> 
     </span>
    </p>
   </div>
  </div>
 </body>
</html>
