3559 5675
438 741 497 806 tet
840 759 920 808 runis
940 743 1098 805 nimicus

471 869 542 930 920.
559 861 686 930 Cotem
705 901 742 914 -
757 869 825 928 llaeo
842 873 912 928 sunt
932 867 1081 947 precipua
1103 863 1298 926 tentamenta
1323 857 1506 933 officiorum,

433 966 544 1044 quibus
563 983 633 1044 erga
643 967 768 1045 patriam
780 953 909 1046 quisque
922 983 1008 1027 suam
1021 965 1228 1042 obstringitur,
1241 968 1271 1022 et
1281 977 1413 1040 quorum
1427 975 1511 1024 exst·

432 1067 583 1127 cutionem
604 1067 771 1128 ordinatam
791 1067 964 1148 promovere
986 1067 1066 1148 apud
1088 1067 1237 1128 sociorum
1261 1063 1431 1125 uoluntates
1455 1077 1511 1142 pu-

432 1165 509 1226 blica
530 1168 688 1228 auctoritas
702 1168 799 1230 debet.
815 1169 1002 1240 Ordinatam,
1025 1171 1161 1247 inquam,
1178 1167 1399 1230 exsecutionem
1414 1182 1422 1226 :
1437 1162 1513 1240 quie

432 1265 625 1328 manifestum
648 1275 692 1329 est
714 1271 812 1332 varios
832 1271 942 1348 gradus
957 1272 989 1331 in
1003 1268 1032 1331 v'i
1050 1271 1201 1348 obligante
1218 1267 1329 1330 borum
1339 1265 1513 1328 officiorum
1603 1339 1605 1344 .

434 1365 537 1427 edesse
551 1373 685 1447 respectu
699 1371 852 1432 veriorum
866 1370 1063 1450 objectorum,
1082 1389 1150 1448 qua
1170 1366 1271 1450 pitriae
1294 1383 1406 1432 nemen
1424 1359 1513 1426 com·

434 1465 582 1545 plectitur.
599 1467 712 1532 Arctior
724 1485 854 1548 namque
868 1476 913 1531 est
928 1471 1069 1548 obligatio
1083 1487 1150 1549 qua
1162 1467 1201 1530 ad
1211 1475 1319 1544 totum,
1335 1481 1431 1545 quam
1445 1481 1514 1542 quar

435 1561 472 1624 ed
486 1570 613 1643 partem,
634 1585 702 1648 qum
723 1569 760 1629 ed
779 1577 894 1652 partem
908 1571 1138 1649 intelligentem,
1157 1585 1249 1646 quam
1272 1583 1340 1649 ques
1355 1563 1392 1629 ad
1413 1569 1514 1624 mate

433 1663 550 1736 rialem,
572 1683 639 1743 quae
657 1667 692 1727 ed
709 1669 908 1740 ordinantem,
928 1684 1021 1754 quam
1042 1687 1109 1749 quae
1124 1668 1159 1728 ad
1180 1667 1347 1728 ordinatam
1369 1663 1513 1738 retertur,

434 1767 523 1840 atque
535 1766 574 1824 ita
587 1783 675 1844 porro
687 1767 725 1828 de
737 1771 859 1844 ceteris,
867 1773 955 1848 juxta
963 1769 1043 1846 leges
1053 1787 1120 1846 quae
1132 1764 1382 1849 proportionalem
1389 1764 1513 1848 jurium

435 1867 464 1922 et
478 1863 643 1926 officiorum
656 1869 786 1928 valorem
797 1868 931 1948 dirigunt
941 1870 1010 1947 (371
1016 1871 1111 1948 ,379).

436 2059 1516 2097 Q-w-——ffl

863 2276 1006 2352 eleut
1031 2276 1074 2350 V.

473 2477 526 2528 ne
544 2474 657 2526 etvltt
676 2475 871 2529 coetorum
894 2471 1135 2534 porrectione
1157 2469 1408 2535 »mura-tt·
1431 2467 1478 2516 Ιι

786 2564 929 2618 ordino
941 2561 1152 2618 materiali.

849 2926 1057 2989 ntttlcttttts
1077 2930 1101 2986 Ι.

521 3134 565 3197 m
577 3136 710 3213 moll
717 3134 850 3215 justino
865 3133 927 3213 lege
940 3152 997 3215 pro
1011 3139 1164 3195 contractu
1177 3130 1259 3193 omni
1267 3128 1430 3191 dilaterclr‘.

481 3340 551 3403 cut.
568 3342 749 3403 uminum,
767 3374 805 3387 -
817 3340 928 3400 Omnia
938 3356 1008 3417 qua>
1019 3341 1055 3401 ad
1071 3339 1224 3401 materiale
1241 3338 1387 3400 societatis
1400 3338 1519 3399 bonum

439 3442 602 3523 pertinent,
620 3438 656 3499 ad
675 3438 738 3499 haec
750 3440 807 3502 tria
821 3442 913 3518 capita
927 3441 1031 3502 reduci
1048 3446 1191 3520 possunt:
1206 3439 1242 3501 ad
1259 3438 1362 3519 populi
1376 3435 1520 3499 multitu-

443 3542 558 3617 dinem,
573 3540 610 3600 ed
623 3538 818 3615 territorium,
836 3540 873 3601 ad
897 3540 1026 3602 divitias.
1043 3542 1135 3618 igitur
1153 3540 1362 3620 explitundum
1377 3538 1436 3599 hoc
1455 3538 1520 3600 loeo
1603 3588 1605 3601 .

443 3647 529 3711 esset,
546 3656 684 3717 quedam
696 3640 816 3701 socialis
829 3640 928 3701 officia
940 3643 1002 3701 sint
1010 3643 1044 3701 in
1052 3640 1265 3703 conservandis
1272 3646 1361 3717 atque
1370 3628 1521 3715 augendis

443 3745 472 3801 et
496 3736 599 3817 populi
630 3736 837 3814 multitudine,
863 3746 894 3799 et
917 3740 1073 3809 territorio.
1098 3744 1128 3798 et
1157 3738 1269 3799 divitiis
1298 3738 1456 3798 societatis.
1483 3740 1521 3799 ltt

445 3856 516 3900 vero
546 3838 649 3922 populi
674 3837 838 3899 multitudo
869 3854 903 3899 ac
926 3839 1110 3900 territorium
1136 3838 1172 3899 ad
1202 3838 1338 3899 ordinem
1361 3838 1521 3917 politicum

444 3942 647 4027 potiusquam
660 3938 840 3999 ud'civicum
855 3939 1010 3999 referenda
1024 3944 1105 4013 sunt,
1115 3938 1226 3999 scilicet
1239 3938 1275 3999 ad
1290 3940 1437 3999 societatis
1450 3940 1521 4000 uni·

403 4054 406 4061 ’
444 4056 537 4104 verse
552 4040 699 4100 uulmtem
724 4044 753 4098 et
766 4038 927 4113 efficaciam
941 4038 1150 4118 perficiendam
1162 4040 1371 4117 potiusquam
1393 4038 1433 4099 ad
1455 4042 1521 4101 sin-

447 4142 518 4218 gula
532 4136 700 4213 individua,
711 4142 740 4195 et
749 4138 780 4197 in
792 4155 824 4198 se
837 4136 909 4217 ipsis
921 4144 949 4198 et
964 4138 995 4197 in
1009 4138 1123 4198 mutuis
1141 4155 1245 4198 eorum
1260 4137 1468 4212 relationibus,
1483 4138 1518 4200 ad

448 4238 659 4317 perlectionem
671 4235 803 4297 ducenda
814 4238 974 4315 pertinent.
984 4240 1095 4314 Quare,
1105 4235 1142 4296 ad
1153 4234 1232 4296 ¹0⁰³*
1241 4236 1366 4311 librum,
1377 4236 1432 4298 ubi
1439 4236 1520 4317 juris

447 4340 559 4423 politici
571 4340 718 4419 principia
735 4338 899 4409 trademus,
911 4340 1009 4418 priora
1024 4338 1075 4399 illa
1093 4338 1154 4398 duo
1167 4339 1265 4419 capita
1277 4339 1461 4417 rejicientes,
1471 4341 1519 4401 bic

446 4439 545 4503 selum
567 4453 691 4515 agemus
713 4440 750 4500 de
770 4439 930 4501 socialibus
944 4438 1051 4501 officiis
1069 4438 1180 4515 quibus
1202 4440 1426 4501 commerciales
1441 4440 1518 4504 relu-

445 4542 540 4602 tiones
553 4539 721 4603 intercisos
735 4540 899 4615 dirigende
912 4546 993 4601 sunt.

487 4642 554 4717 Qua
578 4642 609 4701 in
633 4658 664 4701 re
682 4638 792 4717 duplex
818 4638 889 4700 boui
914 4656 1009 4719 genus
1036 4639 1190 4700 associatio
1212 4636 1374 4702 individuis
1399 4640 1515 4703 adest:

454 4744 485 4801 l·
518 4740 630 4801 Eorum
661 4732 780 4797 divitias
805 4754 859 4817 per
884 4738 985 4799 medis
1008 4742 1039 4798 et
1059 4736 1186 4798 moralia
1210 4742 1240 4797 et
1266 4737 1391 4817 physica
1415 4748 1515 4818 auget:
