3559 5675
555 728 664 775 sonsa.
689 747 728 759 -
750 728 834 775 crana
856 727 989 777 unctam.
1104 766 1105 771 ,
1250 718 1303 781 351

257 838 313 900 boui
332 835 426 897 stmlio
444 812 508 912 iam
523 836 654 913 seipsum
675 834 809 915 abomni
829 834 979 895 mdarum
993 838 1165 915 passionum
1188 838 1310 903 incursu

254 936 376 996 defendit.

285 1038 352 1097 Cum
372 1034 543 1117 particulari
568 1035 623 1093 ista
645 1030 785 1093 doctrine
812 1034 953 1113 superius
979 1033 1093 1097 traditae
1118 1037 1312 1117 applicatione

253 1134 360 1195 historia
373 1134 490 1211 generis
504 1132 630 1193 humani
645 1132 784 1194 universa
798 1133 911 1211 optime
922 1136 1078 1195 consentit.
1097 1138 1213 1197 Etenim
1230 1139 1310 1216 prin·

253 1235 316 1313 cipio
328 1234 359 1293 in
370 1234 506 1294 societate
518 1232 706 1311 patriarchali
723 1232 841 1293 socialis
856 1234 1016 1293 auctoritas
1031 1251 1184 1313 suprema,
1199 1237 1312 1317 duplici

253 1334 390 1411 prirnitirae
401 1333 556 1410 religionis
568 1338 597 1391 ct
613 1331 770 1393 charitatis
786 1338 915 1411 paternae
929 1334 1066 1411 prasidio
1080 1336 1194 1412 innixa,
1206 1339 1314 1417 perlec-
1381 1356 1386 1367 ’

251 1439 300 1496 hm
320 1433 544 1511 absolutamque
567 1439 650 1493 nacta
671 1439 716 1493 est
731 1434 887 1494 unitabm.
902 1434 1023 1507 Deinde,
1048 1434 1201 1511 religionis
1224 1444 1312 1517 atque

251 1530 392 1592 honestade
405 1532 507 1595 studio
529 1529 670 1611 paulatim
684 1548 719 1592 ex
739 1530 881 1591 humanis
900 1532 1089 1605 societatibus
1109 1532 1235 1614 dilapso,
1256 1554 1312 1597 su·

252 1647 344 1709 preme
352 1631 534 1693 auctoritatis
544 1630 651 1690 divisio
663 1629 745 1708 apud
757 1629 898 1691 cultiores
909 1647 1045 1709 quosque
1057 1633 1184 1711 populos
1197 1634 1311 1695 inrecta

252 1739 294 1791 est.
308 1732 376 1804 Quae
389 1731 516 1809 quidem
535 1732 632 1810 prima
652 1730 758 1791 divisio
779 1747 883 1807 pacem
904 1738 932 1790 et
945 1732 1077 1809 quietem
1092 1732 1171 1813 apud
1187 1734 1311 1813 populos

252 1831 381 1891 roduam
399 1831 557 1909 aliquanto
579 1836 712 1907 tempore
732 1829 929 1905 conservarit,
944 1847 996 1909 per
1016 1836 1153 1892 mutuam
1175 1832 1310 1909 plurium

253 1945 427 2005 personarum
446 1945 623 2008 supremam
636 1927 841 1989 auctoritatem
853 1927 1130 1989 administrantium
1150 1932 1314 2011 oppositio-

252 2044 317 2089 nem.
331 2029 482 2108 htplures
494 2028 527 2088 hi
540 2029 583 2091 rei
601 2026 728 2107 pubhcae
750 2027 961 2105 moderatores,
984 2026 1091 2089 studiis
1112 2032 1224 2107 sensim
1244 2049 1314 2095 con·

250 2128 354 2203 iuncis,
374 2130 405 2189 in
427 2144 540 2207 corpus
561 2125 714 2205 quoddam
737 2142 814 2205 saepe
837 2126 1051 2204 codescebam,
1072 2130 1153 2213 quod
1173 2146 1313 2209 suprema

252 2233 383 2305 potestate,
395 2244 458 2289 non
475 2244 563 2289 secus
574 2244 609 2288 ac
624 2227 651 2286 si
665 2242 725 2286 una
740 2225 860 2309 physice
879 2242 1006 2304 persons
1026 2234 1113 2303 esset,
1131 2228 1167 2287 ad
1183 2231 1312 2309 privatas

251 2341 308 2387 scas
325 2328 466 2389 utilitates
483 2343 550 2389 cum
571 2328 613 2387 rei
629 2323 757 2404 publicae
777 2324 888 2385 damno
910 2324 1105 2385 abutebatur:
1127 2326 1173 2387 vel
1187 2343 1248 2387 nna
1260 2330 1314 2389 ali·
1381 2363 1389 2381 .

251 2439 299 2499 qua
310 2426 437 2503 plurium
452 2408 579 2485 illarum
591 2439 802 2503 personarum,
816 2422 932 2483 ceteris
946 2424 1139 2501 oppressisse
1158 2424 1194 2484 de
1215 2427 1313 2489 medio

252 2521 369 2599 subhtis,
382 2539 560 2603 supremam
573 2521 778 2584 auctoritatem
790 2536 912 2581 ornnem
927 2519 984 2580 sibi
995 2520 1176 2596 victimabat,
1191 2538 1312 2585 saevam·

252 2635 298 2695 qua
312 2622 340 2681 iu
356 2623 486 2703 populos
508 2620 694 2698 tyrannidem
716 2619 878 2683 exercebat.
901 2620 979 2679 Tum
1003 2636 1071 2681 raro
1092 2637 1175 2683 nova
1193 2622 1312 2701 J'urium

253 2718 391 2785 divisiones
415 2723 454 2784 ad
473 2720 672 2799 ‘tyrannidem
696 2720 929 2799 propulsandam
957 2721 1205 2801 inducebantur3
1232 2722 1312 2785 unde

253 2827 376 2900 perpetua
395 2820 537 2902 quaedam
559 2820 710 2883 oriebatur
733 2820 885 2884 madentia
906 2819 1115 2897 democretius,
1136 2839 1190 2884 seu
1214 2822 1313 2902 potius

252 2922 395 2999 arcabica,
411 2939 484 3001 quae
497 2923 548 2982 ubi
564 2939 715 2982 summam
730 2920 848 3000 populis
862 2921 1025 2999 perniciem
1042 2921 1192 2996 attulerat,
1209 2921 1313 3000 daspe-

252 3017 351 3082 tomam
363 3023 519 3103 gignebat.
767 3014 771 3021 ’

283 3126 315 3180 it
324 3139 389 3185 rere
401 3127 486 3186 Deus
506 3124 569 3202 ipse
583 3123 671 3184 terris
691 3117 816 3198 illapsus
830 3119 990 3200 perlectam
1006 3119 1084 3198 apud
1099 3120 1237 3184 homiues
1252 3138 1315 3184 mo·

253 3220 384 3282 carchiatn
405 3223 535 3298 creavit,
561 3220 696 3282 doctrina
717 3217 866 3279 infallibili
887 3233 921 3278 ac
944 3217 1010 3295 lege
1034 3219 1221 3280 sanctissima
1245 3221 1315 3293 sub-

253 3318 360 3400 abam3
387 3339 483 3400 quam
507 3321 629 3402 quidem
656 3321 745 3382 arnico
770 3319 908 3396 henrici,
938 3326 1080 3401 perpetua
1107 3321 1313 3398 successione,

252 3422 433 3504 committeus,
451 3437 623 3500 supremam
645 3419 730 3480 illius
744 3421 961 3490 auctoritatem.
980 3419 1016 3480 ad
1032 3405 1129 3498 gon-us
1144 3421 1313 3484 humanum

253 3518 407 3582 universnm
426 3522 630 3583 sanctissimas
651 3519 979 3596 religiosissimorum
1001 3519 1149 3584 doctrinas
1174 3521 1316 3601 legesque

253 3612 400 3680 docendum
414 3622 622 3695 corastitutam,
637 3620 741 3678 formis
755 3617 938 3694 quibusdam
960 3620 1166 3681 aristocraticis
1181 3621 1313 3698 adjectis,

254 3721 417 3798 temperarit.
433 3723 476 3782 Ex
488 3738 523 3782 eo
534 3728 666 3800 tempore
678 3717 814 3798 plerique
825 3718 942 3804 populi,
953 3719 1066 3797 ubique
1078 3727 1227 3782 terrarum
1238 3738 1316 3784 nora

254 3811 299 3874 hac
307 3821 439 3880 societate
453 3819 616 3880 universali
627 3821 691 3895 jam
710 3819 876 3896 conjuncti,
896 3817 1070 3896 possibilem
1092 3819 1201 3880 iterum
1217 3822 1317 3880 eristi·

254 3926 359 3978 mantnt
368 3920 449 3999 apud
460 3936 510 3980 eos
522 3920 575 3997 qni
587 3935 651 3979 rem
661 3917 816 3996 publicam
828 3921 976 3994 gererent,
990 3917 1079 3978 talem
1095 3901 1217 3981 moralis
1229 3934 1318 3980 cons·

255 4014 353 4078 aientia
373 4023 453 4102 vim,
477 4036 544 4097 quae
568 4020 723 4099 passiones
748 4034 853 4080 omnes
878 4017 1000 4100 publico
1024 4017 1103 4079 bono
1127 4017 1318 4082 adversantes

256 4113 394 4181 admetto
417 4128 564 4182 coerceret
572 4135 582 4197 3
609 4121 700 4182 talem
729 4120 841 4180 seilicet
866 4121 1086 4198 principatum,
1113 4123 1167 4198 qui
1194 4123 1317 4182 rationis

256 4220 331 4290 atque
346 4219 509 4281 honestatis
528 4221 647 4297 legibus
665 4225 833 4281 munienter
847 4226 1010 4296 regeretur.
1029 4221 1106 4280 ilino
1118 4237 1188 4280 vero
1203 4220 1316 4280 iactum

257 4319 458 4387 est,utmultae
471 4323 581 4399 passim
602 4320 783 4381 monarchia
804 4320 960 4397 absoluta,
980 4320 1317 4400 popntisadsentiemi·

257 4408 315 4488 bus,
326 4426 524 4497 exsurgerent.
540 4420 694 4482 Fiduciam
707 4420 790 4479 enim
804 4419 920 4498 populis
939 4437 1010 4496 erga
1021 4422 1201 4483 nronarcbas
1214 4419 1318 4484 affere·

259 4507 299 4571 bat
320 4520 380 4577 tum
406 4519 511 4598 religio
533 4519 695 4581 christiana
719 4536 813 4596 quarn
838 4520 1006 4581 monarcha
1031 4537 1223 4583 communem
1245 4539 1316 4584 curn

260 4615 357 4692 populo
369 4620 520 4700 colebant,
535 4627 600 4682 tum
612 4620 747 4704 supremi
762 4618 912 4684 renuncia
928 4620 1030 4698 tutela,
1046 4622 1099 4702 qui
1114 4628 1143 4684 ot
1157 4623 1275 4704 populis
1288 4627 1318 4684 et
