3559 5675
505 737 566 799 eut
913 748 992 794 sunnis
1013 747 1174 794 uerunems

505 857 740 920 neeessarierurn
751 855 968 934 consumendo,
987 855 1036 917 sel
1049 872 1116 918 eam
1135 855 1172 917 ed
1194 871 1301 918 mosam
1313 855 1400 920 aliem
1413 859 1539 924 utilitatem

504 956 677 1036 redigendo.

543 1061 610 1122 tem
624 1058 688 1120 heo
698 1071 777 1118 move
788 1055 902 1117 utilitas
911 1071 928 1117 e
938 1055 1057 1136 oapiteli
1073 1071 1194 1120 summe
1205 1056 1249 1120 eie
1260 1057 1390 1124 adbibita
1400 1064 1541 1142 proveniens

503 1165 598 1242 potest
615 1156 770 1238 capitalem
783 1157 879 1236 ipsam
898 1169 1049 1217 summam
1069 1156 1189 1220 efficere
1198 1159 1247 1222 nel
1261 1163 1404 1240 melonem
1417 1163 1460 1224 vel
1470 1163 1541 1224 mino·

503 1278 568 1324 rem
580 1259 636 1321 ille
647 1275 715 1337 que
734 1258 867 1335 primum
882 1255 1017 1318 adbibita
1030 1261 1086 1332 est,
1098 1275 1198 1336 quum
1216 1259 1371 1338 productio
1391 1263 1492 1342 ioeepts
1502 1271 1541 1339 est,

503 1363 552 1426 nel
571 1361 670 1423 eidem
688 1355 834 1434 equuleum
859 1355 1029 1434 relinquere
1050 1375 1059 1418 a
1084 1357 1195 1420 scilieet
1218 1361 1327 1438 polerit
1346 1361 1490 1440 produntur
1509 1363 1541 1421 sel

502 1463 742 1526 emolumentum
760 1456 814 1518 uel
837 1455 1051 1517 detrimentum
1075 1475 1111 1518 en
1135 1475 1225 1540 opere
1251 1467 1387 1542 suseepto
1410 1462 1440 1522 in
1463 1461 1541 1522 ultime

502 1576 622 1626 summm
634 1573 750 1638 erpere,
764 1557 813 1618 vel
826 1555 1036 1618 tamtummodo
1050 1565 1276 1638 sumptuosum
1290 1577 1326 1621 er
1340 1577 1425 1639 aequo
1435 1577 1541 1641 oompen·

501 1676 588 1740 esre3
611 1661 747 1737 adeoque
758 1657 867 1737 poterit
879 1673 957 1736 opus
969 1657 1122 1737 inceptum
1139 1659 1186 1720 rel
1199 1655 1340 1739 persequi
1354 1661 1402 1724 rel
1415 1663 1493 1724 etiem
1506 1679 1542 1722 au·

502 1779 583 1842 gere,
605 1767 658 1823 eut
676 1757 745 1820 ceris
763 1757 855 1819 alieni
877 1756 1061 1820 dissolvendi
1085 1760 1293 1839 impotentium
1313 1777 1401 1824 suom
1421 1763 1541 1843 protestari

501 1861 631 1938 denique
644 1863 775 1936 oogetmr.

542 1959 628 2035 Quod
651 1965 751 2020 amum
774 1956 934 2037 productor
946 1954 992 2020 uel
1006 1973 1081 2036 opus
1105 1957 1256 2038 inceptum
1279 1977 1391 2040 ningere
1410 1958 1540 2040 poenitui

502 2061 610 2122 saltem
620 2075 690 2118 sues
703 2058 853 2135 impensas
862 2072 898 2116 ex
908 2072 995 2134 equo
1008 2063 1190 2134 compenset,
1201 2057 1264 2120 hee
1275 2058 1338 2122 duo
1351 2059 1508 2140 pendentab
1518 2060 1542 2117 iis

501 2157 691 2222 inveniendis
700 2158 754 2235 qui
764 2171 878 2217 merces
888 2155 1045 2234 productas
1055 2163 1204 2233 coemant,
1215 2157 1541 2222 mimirumaoeode'u'om.

503 2261 621 2324 munim
638 2259 692 2338 qui
712 2273 825 2319 meroes
836 2255 904 2316 illas
917 2257 1001 2331 emit,
1015 2271 1067 2316 ees
1080 2256 1139 2317 elia
1151 2257 1360 2336 productione,
1374 2277 1460 2340 quem
1469 2259 1543 2322 cesidi-

502 2359 558 2420 tori
577 2357 727 2431 retribuit,
741 2355 847 2431 utique
858 2359 973 2433 penset.
991 2355 1067 2431 Ergo
1080 2353 1212 2415 venditio
1225 2362 1313 2418 eertee
1331 2360 1480 2437 osijusdsm
1496 2371 1542 2437 pro

500 2459 648 2521 ductionis
659 2456 767 2536 pendet
779 2454 818 2515 nb
831 2453 892 2515 elie
905 2453 1097 2533 productione
1111 2455 1318 2532 mquivelente.

540 2561 740 2632 Postremum,
760 2561 795 2616 ut
813 2554 946 2616 venditio
967 2561 1137 2634 compenset
1156 2556 1324 2634 producturi
1345 2576 1381 2620 ex
1402 2573 1480 2638 equo
1494 2573 1542 2618 sune

500 2675 604 2723 omnes
615 2662 766 2734 sumptus,
780 2654 870 2715 debet
883 2654 927 2714 illi
946 2653 1070 2716 reddere
1081 2669 1143 2716 non
1157 2655 1256 2716 solum
1270 2658 1415 2737 capitales
1428 2675 1542 2728 summm,

499 2759 552 2823 sed
566 2759 656 2821 etiem
666 2755 768 2818 omnia
781 2769 848 2835 que
860 2755 891 2814 in
906 2755 1021 2816 uiribus
1032 2753 1081 2816 vel
1091 2753 1232 2817 humanis
1244 2755 1291 2818 nol
1304 2760 1473 2821 necessariis
1483 2757 1542 2818 alen·
1581 2733 1582 2813 l

499 2860 546 2923 dis
564 2858 734 2939 insumpsit.
759 2856 953 2918 venditarum
974 2856 1066 2933 igitur
1085 2858 1231 2919 menmium
1250 2856 1337 2921 selon
1355 2858 1543 2923 mummulo
1580 2904 1581 2911 .

497 2959 697 3041 oompemsntio
715 2962 781 3018 tum
800 2954 935 3036 ospitalis
953 2972 1080 3018 summm
1094 2962 1159 3019 tum
1176 2958 1287 3019 uirium
1303 2954 1542 3042 insumptemmul
1580 2912 1581 2993 ¹

497 3075 607 3123 nouem
618 3056 704 3119 illem
714 3046 875 3117 utilitatem
888 3054 950 3116 illie
963 3054 1152 3135 prebendam
1164 3078 1172 3115 :
1185 3073 1253 3136 quae
1265 3062 1466 3140 oompensab'o
1477 3060 1496 3119 si
1507 3058 1542 3117 de·
1579 3094 1580 3170 p

498 3162 550 3235 sit,
560 3158 716 3241 productio
729 3155 855 3217 exitium
866 3154 1053 3236 productoris
1067 3156 1180 3235 gignet,
1194 3156 1332 3236 adeoque
1349 3158 1543 3241 productioipet

499 3258 615 3322 deliciet
622 3272 634 3336 ;
649 3259 721 3336 quio
734 3272 825 3318 nemo
836 3261 881 3319 est
904 3256 957 3333 qui
973 3256 1135 3337 producere
1148 3256 1318 3338 quidquem
1331 3280 1386 3342 pro
1405 3263 1468 3325 aliis
1483 3258 1541 3331 celii
1578 3282 1579 3350 l

497 3358 557 3419 misi
569 3356 690 3419 luorum
703 3356 773 3417 inde
785 3354 906 3433 aliquod
918 3359 1112 3434 percepturus
1122 3356 1171 3417 sit.

540 3455 628 3519 1084.
640 3460 710 3520 Pes.
725 3454 1024 3519 snm-notemus
1035 3457 1208 3519 exsecutivae
1219 3456 1354 3521 officium
1366 3466 1410 3523 est
1419 3448 1482 3521 sues
1490 3455 1543 3518 dim·

496 3558 553 3621 ties
565 3558 735 3637 oumjmstis
748 3554 989 3637 proportionibus
1001 3570 1120 3633 augere.

535 3657 630 3719 Puom
644 3688 683 3703 -
696 3654 825 3719 dividens
839 3660 885 3716 est
897 3652 1015 3715 divitias
1026 3668 1091 3715 esse
1106 3659 1219 3735 partem
1235 3658 1416 3737 praeeipuem
1431 3658 1502 3721 illius
1513 3655 1542 3714 sis

495 3774 589 3837 quem
603 3759 638 3819 im
648 3757 785 3819 societate
797 3753 991 3833 gubernanda
1000 3770 1135 3817 exercere
1146 3761 1274 3835 potestas
1293 3756 1540 3823 erseoutimdebet.

495 3856 539 3919 etd
548 3862 721 3937 potestatem
732 3853 1070 3932 mamqmeexseemtivam
1083 3856 1389 3932 pertimetsooietatem
1400 3874 1457 3919 mom
1468 3854 1540 3915 solum
1574 3922 1575 3925 Ἴ

495 3974 549 4037 per
564 3960 614 4035 jos
633 3956 812 4033 gubernare,
833 3952 990 4015 sedetiam
1009 3968 1113 4030 eogere
1133 3972 1186 4035 per
1202 3956 1275 4017 vim.
1291 3958 1429 4021 lamvero
1446 3957 1499 4017 bes
1511 3954 1541 4011 sis

493 4055 612 4119 soeielis
622 4072 658 4116 er
669 4054 829 4115 bominum
841 4052 1036 4117 multitudine
1050 4069 1216 4131 eorumque
1227 4056 1370 4131 organice
1380 4053 1541 4135 dispositione

492 4154 635 4219 resultat:
645 4154 820 4216 bominibus
828 4160 930 4215 autem
941 4154 1016 4231 istis,
1029 4154 1141 4232 quibem
1150 4155 1315 4215 exsecutira
1325 4162 1451 4235 peresus
1462 4154 1540 4219 udum,

493 4254 582 4319 debet
598 4254 705 4317 eadem
723 4253 913 4334 suppeditare
929 4254 1032 4315 omnia
1047 4270 1115 4331 qum
1132 4252 1191 4314 illis
1205 4253 1242 4314 ad
1256 4270 1426 4330 congruum
1442 4255 1538 4315 vietum,

492 4358 646 4433 uestitum,
658 4354 835 4432 uultumque
852 4354 1020 4417 necessarie
1038 4358 1120 4415 sunt.
1141 4353 1321 4415 llominibus
1340 4361 1475 4434 preterea
1488 4349 1538 4421 dtis,

491 4472 545 4538 per
556 4474 633 4537 quoe
644 4456 707 4517 base
720 4454 881 4517 multitudo
891 4456 1030 4534 organice
1041 4455 1209 4535 disponitur
1222 4461 1251 4517 et
1264 4456 1443 4530 continetur,
1453 4452 1539 4531 stipem·

492 4556 541 4619 dia
555 4556 711 4618 debentur.
721 4558 794 4629 Qum
803 4556 960 4635 stipendia,
975 4571 1036 4617 mom
1050 4572 1134 4617 secus
1148 4572 1183 4618 ae
1196 4554 1294 4621 medie
1308 4556 1344 4619 ed
1359 4558 1476 4629 siolum,
1491 4564 1539 4611 ses·

492 4658 595 4732 dium,
615 4654 790 4735 cultumque
810 4654 1014 4719 multitudinis
1036 4656 1120 4719 illiue
1139 4659 1319 4734 necessaria,
1334 4662 1405 4717 sunt
1424 4652 1538 4715 mutemus
1570 4658 1571 4661 ’

491 4758 629 4839 quaedam
642 4757 826 4835 meterieles,
839 4756 952 4821 seilicet
969 4756 1093 4839 divitie,
1110 4764 1144 4819 ut
1157 4774 1192 4819 en
1207 4776 1238 4819 n.
1258 4756 1334 4819 1083
1346 4758 1467 4817 oensem.
1482 4752 1537 4819 Eut
1570 4710 1571 4778 ¹
