3559 5675
575 726 682 773 susus.
704 744 743 757 -
764 724 850 771 crass
869 726 1018 774 samruus.
1301 716 1338 777 l3

247 840 420 919 quamdam
432 840 707 920 supernaturalem,
720 840 824 919 legum
835 841 998 903 honestatis
1010 843 1203 924 interpretem
1219 842 1335 905 inlelli-

248 942 358 1020 bilem,
367 946 399 1002 et
408 942 585 1021 promisisse
594 958 644 1002 eas
654 941 817 1005 honestatis
827 942 947 1020 regulas
962 943 999 1005 ab
1010 960 1045 1004 ea
1056 960 1120 1005 sese
1130 930 1335 1024 accepturam:

247 1042 327 1120 quin
344 1043 410 1102 imo
421 1040 556 1119 fingatur
570 1042 694 1102 societm
703 1041 821 1116 eadem,
834 1058 904 1102 cum
918 1042 1057 1121 pluribus
1070 1038 1138 1104 aliis
1152 1044 1271 1123 populis
1284 1043 1338 1105 ad·

249 1140 445 1203 harenosus
463 1140 511 1200 illi
524 1139 665 1218 religioni
679 1141 942 1221 supernaturaliter
958 1141 1084 1219 docenti,
1095 1144 1218 1205 unicam
1233 1160 1337 1222 aggre-

249 1242 408 1319 gationem
422 1240 612 1319 spiritualem
626 1239 807 1302 efformasse.
824 1244 859 1301 ln
871 1240 924 1301 tali
936 1257 1018 1313 casu,
1033 1259 1068 1302 ex
1082 1243 1120 1304 iis
1131 1260 1198 1321 qua
1212 1242 1249 1305 de
1264 1233 1338 1305 auc-

253 1341 383 1401 toritatis
402 1341 652 1403 subordinatione
670 1342 703 1403 iu
716 1342 853 1401 societate
863 1342 1048 1420 hypotactica
1059 1341 1190 1403 diximus
1205 1342 1268 1419 (lib.
1283 1344 1334 1419 vt)

251 1440 380 1502 evidens
389 1440 438 1516 tit,
453 1442 491 1503 ad
507 1444 655 1521 majorem
666 1441 751 1501 illam
761 1443 944 1517 societatem,
960 1443 1106 1503 nimirum
1117 1443 1155 1504 ad
1170 1444 1338 1505 societatem

251 1538 464 1620 spiritualem,
486 1543 635 1621 pertinere
654 1542 858 1623 imperativam
880 1540 1108 1603 declarationem
1137 1559 1242 1604 earum
1270 1560 1338 1622 quas

219 1640 224 1647 '
253 1641 386 1702 honesta
398 1641 475 1716 sint,
487 1656 591 1702 umus.

292 1742 422 1803 Etenim
438 1748 470 1801 1ο
482 1742 536 1804 tali
551 1742 751 1804 declaratione
771 1743 863 1807 debet
885 1740 945 1805 tota
962 1743 1015 1803 illa
1034 1746 1132 1822 major
1152 1743 1274 1803 societas
1296 1741 1340 1803 di·

257 1842 325 1919 rigi.
337 1844 420 1920 Ergo
434 1842 473 1904 ad
483 1860 655 1923 supremam
670 1842 755 1904 illius
768 1844 973 1905 auctoritatem
986 1860 1021 1905 ea
1031 1844 1168 1922 pertinet.
1186 1842 1276 1919 Atqrd
1286 1858 1339 1902 su-

255 1959 362 2021 prema
375 1942 465 2004 illius
478 1943 640 2005 auctoritas
658 1945 691 2003 in
702 1944 862 2023 hypothesi
875 1950 920 2005 est
934 1945 1092 2005 auctoritas
1106 1942 1270 2022 spiritualis
1284 1959 1338 2003 seu

261 2042 415 2120 religiosa,
430 2050 536 2124 utpote
549 2062 617 2124 qua
630 2053 676 2107 est
688 2060 865 2123 quacunque
881 2044 939 2107 alia
952 2042 1150 2106 universalior
1164 2043 1262 2123 (725).

298 2147 332 2203 2·
345 2144 441 2205 Debet
453 2144 520 2205 fieri
532 2144 691 2206 declaratio
707 2145 871 2206 honestatis
889 2146 1007 2222 exlege
1023 2144 1164 2206 naturali.
1184 2145 1261 2220 Ergo
1274 2140 1338 2204 haec

263 2244 421 2305 declaratio
443 2244 534 2306 debet
553 2244 620 2305 fieri
632 2244 670 2307 ab
681 2246 735 2306 illa
747 2244 919 2306 auctoritate
929 2262 996 2323 quaa
1004 2246 1122 2325 proprie
1132 2251 1161 2305 et
1174 2241 1339 2322 specialiter

268 2342 490 2420 &honestatis
503 2346 658 2423 magistra.
675 2346 713 2405 dt
725 2343 889 2405 honestatis
907 2346 1049 2421 magistra
1062 2349 1107 2404 est
1120 2342 1280 2405 auctoritas
1294 2357 1339 2401 re·
1355 2382 1362 2393 .

269 2439 376 2519 lirim
1087 2484 1089 2487 -

220 2620 230 2635 ο
303 2538 336 2601 3⁰
346 2546 464 2607 Debent
485 2547 568 2623 leges
582 2544 675 2607 iudici
697 2546 884 2607 associationi
898 2546 985 2622 cujus
995 2544 1063 2606 huis
1074 2549 1119 2605 est
1133 2540 1299 2623 spiritualis
1311 2546 1341 2603 et

265 2658 344 2705 sacer
354 2644 452 2722 (809).
462 2648 548 2723 {Ergo
562 2662 605 2707 em
618 2645 700 2723 leges
716 2646 754 2708 ab
768 2646 941 2708 auctoritate
957 2644 1107 2724 spirituali
1121 2648 1150 2704 ct
1159 2660 1244 2705 sacra
1258 2642 1339 2705 indi-

261 2743 358 2805 cendae
370 2750 462 2813 sunt„

298 2848 369 2909 827.
384 2849 520 2909 Corum.
536 2846 567 2907 l.
580 2847 663 2908 -Si
677 2847 914 2928 supernaturalis
927 2865 962 2909 ea
975 2849 1094 2926 religio,
1105 2847 1259 2926 conjugali
1272 2863 1342 2908 con-

259 2954 354 3009 tractu
370 2949 411 3009 ad
425 2955 509 3010 actus
530 2949 757 3009 immutabiliter
773 2949 905 3025 religiosi
925 2948 1099 3026 dignitatem
1118 2953 1235 3024 evecto,
1251 2947 1341 3008 illum

260 3048 426 3128 specialius
440 3049 676 3125 sancdficarerit,
692 3065 754 3111 non
768 3049 868 3109 solum
888 3051 948 3124 jus,
965 3048 1017 3107 sed
1031 3045 1163 3106 officium
1183 3046 1273 3105 etiam
1287 3046 1343 3105 erit

259 3149 431 3210 auctoritati
450 3149 596 3226 religiosa
617 3155 754 3210 externas
772 3147 957 3208 matrimonii
972 3147 1083 3206 formas
1097 3143 1133 3206 ad
1148 3143 1241 3204 finem
1254 3142 1342 3203 illum

259 3245 454 3327 spiritualem
466 3255 533 3327 apte
542 3248 730 3329 disponendi.
743 3249 819 3308 Hinc
831 3263 902 3308 vero
916 3245 1037 3307 evidens
1052 3245 1096 3322 tit,
1105 3260 1202 3323 quum
1214 3244 1343 3306 Ecclesia

260 3349 428 3423 Catholicae,
441 3351 500 3427 jus·
512 3364 601 3409 omne
620 3349 653 3408 in
673 3349 771 3410 causis
789 3347 1060 3426 matrimonialibus
1075 3345 1112 3406 ad
1129 3363 1160 3406 se
1179 3335 1341 3420 evocando,

261 3446 382 3508 iuturas
405 3447 566 3508 hominum
585 3450 740 3528 progenies
760 3448 898 3510 insuam
921 3448 1045 3508 tutelam
1066 3446 1206 3524 suscepit,
1228 3461 1342 3523 nequa·

266 3565 360 3626 quam
382 3547 482 3608 aliena
498 3550 572 3624 jura
584 3564 651 3608 eam
664 3564 835 3627 usurpasse,
851 3546 903 3607 sed
922 3547 1076 3608 communi
1096 3561 1183 3607 usam
1198 3560 1262 3606 esse
1273 3547 1343 3622 jure

267 3647 333 3725 illo,
356 3646 441 3725 quod
455 3647 488 3707 in
500 3648 585 3708 omui
597 3647 759 3726 composita
776 3647 911 3710 societate
924 3645 961 3707 ad
977 3643 1176 3726 protarohiam
1195 3643 1343 3706 naturali-

264 3756 308 3809 ter
321 3748 465 3828 pertinet.

303 3835 470 3924 Praeterea,
483 3847 526 3909 sic
549 3848 663 3924 agendo
677 3849 781 3909 eadem
803 3849 905 3910 functa
924 3855 968 3910 est
987 3848 1039 3909 illo
1057 3847 1231 3926 officioque
1253 3845 1344 3908 socie·

266 3959 311 4013 tas
328 3949 475 4029 qualibet
496 3955 615 4012 tenetur
629 3947 776 4026 majorem
791 3966 896 4011 curam
916 3950 1119 4010 infirmiorum
1139 3947 1344 4009 membromm

263 4051 389 4114 habere.
407 4054 445 4112 At
460 4048 565 4111 nullus
576 4049 667 4112 homo
681 4057 726 4112 est
738 4052 896 4112 nascituris
909 4050 1085 4112 hominibus
1096 4049 1253 4112 infirmior.

302 4153 422 4216 Exinde
434 4153 526 4213 etiam
534 4151 693 4212 manifeste
705 4157 825 4232 apparet
838 4153 1009 4230 equissimo
1015 4155 1085 4230 jure
1097 4151 1134 4212 ab
1146 4151 1277 4212 Ecclesia
1288 4148 1345 4210 Cs-

267 4255 379 4315 tholica
391 4252 488 4314 vetari
501 4252 692 4312 matrimonia
711 4250 819 4329 mista,
835 4269 903 4330 qum
922 4251 1032 4313 scilicet
1050 4250 1209 4312 catholicos
1229 4249 1307 4308 iuter
1318 4253 1347 4308 et

268 4354 407 4417 inlideles
420 4353 469 4414 vel
479 4351 679 4414 heterodoxos
691 4355 875 4432 jungantur·
886 4352 969 4412 Talia
986 4367 1118 4430 namque
1132 4349 1347 4430 conjugiaspi-

269 4454 413 4516 ritualem
427 4453 593 4532 perniciem
611 4460 641 4512 et
652 4455 789 4531 conjugis
803 4436 901 4514 tidelis
915 4458 944 4514 et
956 4453 1048 4534 prolis
1065 4453 1223 4514 nasciturae
1234 4457 1269 4511 ut
1279 4449 1346 4529 plu-

265 4557 378 4616 rimum
398 4555 534 4634 pariunt.
557 4554 655 4627 Quam
677 4553 851 4632 perniciem,
877 4555 1004 4632 ejusque
1024 4553 1192 4614 naturalem
1210 4565 1342 4626 causam,

267 4653 458 4718 matrimonia
467 4652 627 4731 illumina,
635 4651 777 4713 deberent
791 4670 862 4715 sane
871 4671 991 4734 summo
998 4653 1095 4718 studio
1104 4648 1264 4717 evitareitli
1274 4651 1342 4728 ipsi,

267 4773 353 4836 quos,
367 4756 542 4836 societatem
564 4753 756 4830 conjugalem·
774 4754 922 4830 ineundo,
945 4757 977 4818 iu
1001 4754 1082 4816 hunc
1104 4753 1232 4814 maxime
1251 4750 1341 4810 linem
