3559 5675
581 780 690 829 sonu.
715 798 753 813 -·
777 774 861 826 uasa
881 774 1029 828 cernens.
1309 766 1349 831 ut
1374 846 1380 855 Ι

258 884 311 949 dat
328 884 388 947 ulli
416 886 609 964 maritorum,
632 902 687 949 nee
706 902 779 950 cum
800 896 904 948 eornm
927 886 990 949 ullo
1011 886 1104 949 habet
1122 886 1348 951 consuetudinis

260 986 460 1047 intimitatem
472 986 801 1049 incommunicabilem.
813 988 891 1063 Ergo
901 1002 970 1047 eum
985 986 1070 1049 nullo
1080 988 1115 1049 ex
1130 988 1269 1069 pluribus
1284 992 1348 1052 sois

260 1088 383 1147 maritis
399 1093 498 1165 potest
512 1088 680 1149 societatem
692 1103 761 1149 vere
773 1086 932 1147 amicalem
947 1086 1065 1149 habere.
1082 1090 1158 1165 Engo
1174 1088 1348 1168 polyandria
1364 1148 1368 1157 ,

259 1186 386 1249 cuidam
403 1188 578 1266 proprietati
594 1186 791 1265 matrimonii,
813 1188 851 1247 alt
870 1190 936 1264 ojus
951 1188 1080 1249 essentia
1102 1191 1268 1251 necessario
1282 1208 1348 1271 pro·

260 1285 411 1365 venienti,
425 1286 574 1347 nimirum
586 1288 652 1365 ejas
666 1294 781 1349 natura
794 1284 930 1362 amicali,
944 1295 1101 1366 repugnat.

302 1389 402 1448 Paos.
430 1378 464 1444 θ’
487 1402 575 1463 rans,
597 1386 694 1464 quoad
714 1385 905 1466 'polygyniam
931 1402 1038 1465 nempe
1062 1388 1285 1450 simultaneam.
1308 1422 1348 1435 —

262 1482 296 1544 l⁰
311 1486 385 1545 llaec
409 1484 575 1563 polygsnia
589 1484 755 1545 concordiae
773 1482 942 1544 domestica
964 1484 1130 1563 plurimum
1153 1486 1244 1548 obest.
1266 1490 1349 1562 Quas

262 1586 348 1645 enim
370 1584 505 1643 invidias
522 1591 551 1645 et
569 1583 648 1644 rixas
667 1600 765 1663 nuper
776 1582 908 1645 vidimus
929 1585 1001 1644 oriri
1021 1584 1129 1645 debere
1148 1587 1225 1646 inter
1247 1588 1348 1666 plnres

262 1686 360 1745 nnius
373 1685 479 1744 uxoris
493 1684 627 1758 maritos,
639 1683 751 1744 eadem
766 1684 932 1745 necessario
942 1685 1020 1745 inter
1032 1684 1134 1764 plures
1146 1686 1239 1747 unius
1248 1688 1348 1748 mariti

261 1783 558 1845 urore'scxstabnot.
852 1772 858 1784 '

303 1888 339 1943 2⁰
366 1885 508 1943 Honesta
526 1881 663 1945 tiliorum·
679 1883 847 1945 educationi
860 1882 950 1972 ‘valde
971 1891 1081 1948 nocet:
1103 1887 1175 1963 qnia
1199 1886 1348 1964 ejnsrnodi

265 1984 384 2045 familia
406 2000 480 2061 pace
493 1988 524 2043 et
534 1981 690 2043 concordia
701 1982 737 2043 ad
752 1989 863 2043 rectam
876 1983 1009 2043 liliorum
1024 1984 1227 2047 educationem
1248 2002 1348 2047 neces·

265 2083 356 2143 scriis
374 2082 499 2155 carebit,
521 2088 552 2143 et
573 2082 662 2142 malis
675 2081 865 2143 simultatum
881 2090 911 2143 ct
929 2084 1063 2145 rixarum
1087 2086 1231 2163 exemplis
1251 2087 1347 2148 abnn-

268 2180 363 2244 dabit.
924 2238 928 2244 .

307 2288 339 2343 a·
353 2282 396 2354 si,
415 2282 453 2342 ad
462 2280 634 2342 'simultates
647 2282 768 2343 etrixas
782 2280 929 2357 vitandas,
940 2283 1068 2359 singula
1083 2302 1191 2346 uxores
1204 2288 1347 2367 separatis

273 2383 462 2443 conclasibns
487 2381 610 2442 inclusae
636 2387 803 2453 conantur,
822 2382 1018 2443 vehementer
1039 2382 1069 2443 id
1093 2384 1261 2461 conjugalis
1283 2386 1349 2447 ritas

273 2482 421 2542 intimitati
435 2488 466 2541 et
478 2481 642 2558 aequalitati
656 2481 846 2562 repugnabit.

306 2582 343 2643 4⁰
356 2586 389 2642 ln
403 2582 588 2642 simultanea
600 2580 761 2659 polygynia
775 2580 856 2643 deest
871 2599 906 2641 err
924 2588 1006 2661 parte
1020 2582 1119 2643 mmili
1132 2584 1280 2663 reciproca
1293 2580 1344 2647 de-

266 2684 344 2745 rotio
355 2681 497 2743 absoluta
508 2698 543 2742 ac
553 2682 700 2761 reciproca
713 2681 937 2743 consuetudinis
947 2668 1089 2743 intimitas
1101 2685 1240 2762 perlecta,
1252 2704 1343 2765 quam

265 2800 300 2844 ex
313 2790 399 2864 parte
419 2780 522 2843 uxoris
535 2780 704 2843 defuturam
722 2780 866 2857 vidimus,
879 2780 904 2843 si
926 2780 987 2845 hoec
1001 2782 1103 2864 plnres
1117 2784 1208 2846 simul
1221 2786 1343 2849 maritos

263 2883 385 2946 habat.
401 2882 491 2960 argo,
507 2887 564 2944 etc.
648 2868 652 2882 ’
906 2909 909 2918 ,
1076 2925 1077 2930 η

302 2984 376 3046 817.
394 2983 526 3045 maone.
538 3013 579 3026 -
592 2981 735 3059 Quisquis
748 2983 880 3043 rationes
894 2998 961 3058 qnae
977 2987 1005 3041 et
1023 2979 1229 3060 polyandriam
1248 2987 1276 3043 et
1289 2999 1345 3062 po-

263 3084 422 3163 lggyniam
436 3081 634 3142 simultaneas
645 3083 716 3158 jure
736 3080 863 3142 naturali
883 3078 1020 3139 damnari
1040 3079 1212 3153 ostendunt,
1234 3087 1344 3142 alterno

263 3185 445 3258 consideret,
464 3178 549 3244 facile
564 3182 712 3258 intelliget
727 3179 934 3261 polyandriam
951 3176 1164 3238 simultaneam
1178 3179 1230 3239 tini
1247 3195 1346 3240 essen·

264 3287 329 3348 tiali
355 3290 387 3347 et
405 3281 636 3363 proprietatibus
658 3281 833 3344 necessariis
856 3279 1040 3342 matrimonii
1062 3275 1254 3340 vehementer
1274 3279 1347 3343 adeo

263 3395 292 3449 et
314 3393 381 3447 mm
400 3383 511 3444 directe
529 3397 708 3462 repugnare,
732 3391 766 3442 nt
788 3378 875 3442 nollo
897 3395 1033 3456 utiquam
1053 3379 1086 3438 in
1100 3393 1170 3438 casn
1193 3375 1346 3440 sufficiens

262 3488 392 3547 existere
405 3484 500 3564 possit
520 3482 608 3558 ratio,
626 3498 680 3543 eur
694 3499 729 3542 ea
747 3480 937 3561 permittatur
947 3496 990 3555 ;e
1011 3481 1172 3554 conuario,
1186 3471 1347 3559 polygynie

263 3587 398 3666 quisque
412 3582 527 3644 uidebit
540 3581 743 3644 difficiliorem
765 3581 865 3642 solnm
887 3578 972 3640 reddi
989 3580 1206 3642 assecutionem
1228 3579 1298 3640 linis
1319 3586 1348 3642 et

264 3687 485 3766 proprietatum
512 3681 696 3742 matrimonii
702 3697 713 3760 ;
735 3681 890 3742 etidcirco
912 3678 1058 3758 intelliget
1074 3681 1266 3756 gravissimas
1287 3679 1347 3741 ali-

265 3785 390 3865 qnando
404 3784 531 3845 existere
545 3798 631 3861 posse
653 3782 782 3842 rationes
800 3780 912 3857 quibus
931 3792 968 3839 ea
989 3777 1070 3839 licite
1089 3777 1243 3840 efficiatur.

187 3873 192 3884 ⁸
303 3887 378 3947 818.
394 3879 694 3944 P08.394¹.l.1314·.
710 3909 750 3924 -
761 3878 935 3956 conjugalis
950 3878 1107 3940 associatio
1125 3877 1302 3939 naturaliter
1315 3877 1346 3940 in

264 3983 451 4064 conjugibus
464 3981 561 4058 gignit
582 3980 637 4057 jus
656 3985 686 4040 et
706 3977 837 4040 officium
860 3975 963 4039 omnia
982 3977 1061 4037 bona
1082 3982 1111 4036 et
1133 3975 1303 4055 personalia
1320 3985 1349 4040 et

266 4085 358 4145 realia
371 4083 412 4143 ab
429 4079 560 4157 singolis
579 4078 699 4141 tamilla
714 4075 877 4139 indiuiduis
896 4088 1032 4156 possessa
1045 4073 1202 4136 ordinandi
1216 4075 1253 4136 ad
1267 4093 1349 4139 com·

266 4199 359 4244 mune
372 4181 499 4243 tamilla
508 4179 635 4254 bonnm,
646 4193 754 4257 nempe
764 4176 862 4253 gignit
871 4173 966 4262 oltnrn
977 4171 1141 4235 dominium
1150 4175 1346 4240 domesticum.

307 4284 405 4345 Paos.
426 4309 468 4326 -
485 4277 615 4340 Societas
633 4275 801 4356 conjugalis
822 4283 866 4336 cst
884 4275 1010 4336 societas
1031 4273 1190 4356 completa,
1216 4275 1348 4356 adeoque

267 4380 355 4444 dehet
365 4379 517 4442 sociorum
531 4377 733 4457 operationem
746 4377 932 4455 conjungere
946 4371 982 4434 ad
994 4382 1187 4434 communem
1200 4371 1349 4436 bonorum

267 4489 297 4546 ct
312 4479 519 4564 spiritualium
539 4485 569 4540 et
582 4475 787 4539 materialium
808 4473 1058 4537 moscentioncm.
1076 4472 1153 4551 Ergo
1173 4471 1260 4536 debet
1273 4475 1350 4538 inter

267 4585 411 4662 coniuges
423 4581 535 4643 horum
550 4579 688 4642 omnium
701 4577 850 4640 bonorum
866 4577 1014 4656 reciproca
1028 4575 1258 4637 communicatio
1272 4577 1348 4639 enis-

269 4691 340 4746 tere.
357 4685 498 4746 lamsero
512 4679 577 4741 haee
590 4679 739 4739 bonorum
758 4675 1006 4752 communicatio,
1027 4675 1172 4751 quoniam
1191 4673 1228 4736 ab
1249 4673 1349 4738 inten-

270 4782 350 4848 tione
373 4781 543 4847 existentie
565 4793 627 4842 sne
644 4777 676 4840 ln
696 4774 783 4840 noris
806 4773 972 4838 individuis
994 4771 1193 4856 propagando
1207 4780 1273 4840 orte
1293 4779 1348 4858 est,
