3559 5675
554 710 663 759 simun.
687 722 730 761 ·-,
745 712 831 760 nmen
848 712 1040 763 occursurus.
1271 702 1332 767 685

259 836 312 901 pro
325 819 407 880 omni
427 822 517 898 secta,
532 832 588 899 pro
600 822 684 882 omni
704 820 857 899 opinione,
870 836 1030 899 nunquam
1051 818 1180 883 mimia
1199 827 1331 905 expedit,

258 936 416 999 nunquam
429 924 565 998 exposcet
572 932 583 997 3
600 934 654 980 nec
665 924 760 999 potest
770 919 835 983 ullo
846 926 932 1000 pacto
941 918 1042 983 simile
1051 919 1332 1002 quidquemEecle-

258 1022 303 1082 sia
321 1020 485 1101 postulare.
502 1021 604 1098 Neque
617 1020 700 1081 enim
715 1020 831 1081 Veritas
848 1026 948 1101 petere
959 1036 994 1081 ac
1011 1035 1050 1081 ne
1063 1021 1123 1099 psti
1135 1021 1261 1098 quidem
1273 1044 1332 1106 po-

257 1126 323 1193 test,
335 1126 370 1181 ut
383 1120 477 1181 errori
489 1118 615 1181 facultas
626 1116 714 1181 detur
726 1136 790 1181 sess
800 1118 894 1181 libere
905 1118 1097 1200 propagandi.
1111 1120 1225 1198 lisque,
1234 1138 1331 1199 quum

254 1220 334 1299 apud
348 1226 453 1298 gentos
465 1218 659 1281 liberalistico
673 1219 815 1296 regimini
828 1220 979 1299 subjectas
991 1218 1121 1281 Ecclosic
1132 1236 1185 1297 pro
1196 1219 1333 1285 libertate

252 1320 408 1401 monuit,
422 1319 593 1381 libertatern
604 1318 662 1379 sihi
676 1318 808 1381 debitam
822 1320 965 1399 poposcit,
980 1336 1042 1381 non
1055 1318 1223 1382 libertusm
1234 1324 1333 1385 omni·

252 1421 309 1482 ltus
331 1421 417 1482 seclis
435 1418 668 1494 concedendam,
683 1435 787 1509 quam
803 1419 924 1498 horrct3
940 1426 1031 1499 atquc
1041 1428 1213 1501 argumento
1226 1420 1266 1483 cul
1277 1423 1333 1485 do-

253 1520 360 1582 miuem
373 1519 595 1600 quodammodo
608 1526 681 1582 tunc
696 1536 754 1581 uss
767 1526 822 1593 cst,
840 1521 929 1598 quasi
942 1519 1071 1582 diceret:
1087 1523 1190 1595 Quum
1210 1522 1334 1588 libertas

252 1620 397 1683 omnihus
408 1638 493 1699 mque
508 1621 606 1696 rectis,
619 1621 816 1698 quantumvis
837 1622 970 1682 erroneis
987 1637 1022 1682 ac
1037 1621 1172 1700 curtidis,
1186 1639 1205 1683 a
1217 1639 1333 1702 pagano
1428 1626 1434 1638 ”

252 1722 310 1783 isto
325 1720 472 1798 regimine
486 1720 584 1789 dstur,
598 1718 678 1780 hanc
690 1735 757 1796 ego,
775 1720 867 1782 unies
884 1736 956 1782 vera
975 1719 1092 1798 religio,
1107 1720 1184 1781 milii
1203 1722 1333 1801 postulo,

250 1822 360 1883 saltem
372 1836 408 1881 ex
427 1836 525 1899 aquo,
540 1818 675 1892 concedi,
687 1818 736 1881 cui
755 1818 822 1890 uni,
835 1820 885 1881 cui
899 1819 989 1899 plena
1000 1801 1031 1881 ct
1042 1820 1180 1881 absoluta
1192 1822 1265 1898 iure
1284 1822 1333 1885 di·

249 1920 475 1984 vinciebatur.
705 2004 709 2009 .
1200 1987 1204 1995 ¹

290 2024 328 2084 3⁰
348 2022 421 2101 Qus
442 2018 572 2083 Ecclesia
596 2019 718 2102 proprio
742 2037 799 2099 suc
821 2018 1029 2097 laborarent,
1051 2019 1242 2083 contundunt
1262 2038 1333 2085 cum

251 2122 367 2186 clientis
387 2121 574 2183 libamlismi.
589 2152 625 2167 -
637 2120 770 2181 Ecclesia
789 2121 821 2181 in
842 2120 1030 2199 quibusdem
1049 2120 1226 2197 regionibus
1245 2130 1334 2185 anus

251 2222 411 2301 tyrannico
427 2237 578 2300 oppressa,
595 2210 719 2281 inducto
729 2218 839 2281 deinde
860 2218 1003 2281 libertino
1020 2218 1183 2296 regimine,
1196 2222 1334 2301 aliquan·

250 2332 313 2385 tam
336 2328 367 2384 et
388 2322 452 2400 ipss
470 2320 638 2383 libertatem
655 2308 854 2399 recuperavit,
870 2334 905 2379 ac
926 2335 983 2379 sus
1002 2317 1116 2379 damna
1131 2321 1275 2383 continuo
1287 2336 1335 2383 re-

249 2424 362 2487 sarcire
374 2422 451 2486 inibi
462 2424 568 2503 coepit3
584 2426 614 2481 at
622 2420 762 2483 maximis
771 2418 939 2498 laboribus,
946 2418 1028 2480 lente
1040 2417 1217 2495 admodum,
1227 2437 1334 2500 param

248 2536 390 2604 prospere
414 2522 460 2585 illi
475 2540 522 2585 rcs
536 2520 679 2584 succedit.
695 2517 835 2582 Clamant
848 2518 1052 2580 nihilominus
1068 2519 1226 2582 confestim
1239 2520 1333 2583 liber·

251 2624 321 2685 tium
336 2624 487 2686 anarchisr
505 2622 625 2686 honesti
639 2624 718 2683 inter
732 2616 895 2683 catholicos
906 2620 1045 2699 paconi:
1063 2622 1135 2681 «En
1150 2626 1333 2701 quantopere

255 2724 351 2786 iaceat
381 2725 473 2786 rehtu
500 2722 675 2785 christianis
704 2721 841 2802 regimen
871 2718 1118 2783 liberulisticuiirl
1146 2720 1348 2786 (iorruslcscit¹

252 2823 332 2904 apisci
361 2841 416 2886 nos
439 2823 589 2902 Ecclesia,
613 2820 820 2897 confirmatur,
842 2819 1008 2882 tolleretis
1038 2823 1076 2885 lit
1097 2820 1178 2883 nihil
1201 2821 1333 2902 proinde

250 2926 384 2987 Ecclesia
406 2926 449 2985 sic
470 2925 653 2986 reviviscens
673 2921 762 2983 debet
778 2919 981 2999 liberalism03
1000 2921 1054 2982 sod
1073 2921 1243 3000 conatibus,
1260 2939 1334 2984 cou-

248 3025 380 3098 stantio,
402 3023 562 3086 sudoribus
579 3023 644 3084 suis
664 3037 698 3083 ca
711 3019 864 3082 tantulum
883 3018 960 3080 illud
982 3019 1039 3080 sibi
1061 3020 1239 3082 incrementi
1251 3039 1333 3084 conr·

249 3125 380 3204 pararit.

290 3225 328 3286 4⁰
347 3225 492 3286 Minorem
519 3221 709 3300 iniquitatem
734 3235 805 3282 cum
833 3218 974 3297 iustitia,
995 3218 1101 3280 minus
1130 3218 1235 3282 odium
1260 3237 1331 3285 cum

250 3327 358 3387 favore
381 3324 473 3384 iidem
492 3321 691 3385 confundunt.
712 3318 923 3398 -Tripliccm
944 3318 1065 3382 rirondi
1088 3319 1214 3387 modurn
1236 3329 1333 3403 potest

250 3425 368 3488 insonti
387 3423 503 3486 homini
528 3424 665 3502 princeps
682 3419 864 3483 concedere:
881 3419 1040 3482 lucens
1060 3419 1231 3483 durissimis
1250 3423 1331 3486 vinc·

250 3535 323 3588 tum
337 3526 369 3585 in
381 3541 497 3586 carcero
517 3523 671 3584 inclusum
682 3519 842 3583 retinendo
853 3525 883 3582 et
893 3507 1085 3602 quotidianis
1098 3523 1246 3606 mumque
1258 3540 1339 3605 sup--
1377 3601 1380 3605 ἶ

250 3627 356 3708 pliciis
380 3641 450 3686 eum
472 3621 655 3700 cruciend03
681 3619 711 3682 2.
736 3619 938 3700 permittendo
959 3625 995 3682 ut
1019 3627 1038 3682 e
1058 3637 1174 3683 csrccm
1194 3622 1330 3698 eductum

250 3725 447 3802 vinculisque
459 3723 577 3785 solutus
591 3723 684 3783 libero
697 3722 776 3782 inter
786 3720 898 3780 amicos
910 3724 1059 3796 versetur,
1072 3721 1333 3784 atomnihuseum

248 3826 387 3889 fortunis
401 3823 557 3905 spoliando
569 3827 599 3884 et
610 3819 747 3898 jubendo
753 3817 846 3880 unul
857 3821 894 3878 ut
904 3818 1047 3879 omnibus
1057 3817 1178 3880 furibus
1192 3835 1228 3880 ac
1243 3820 1333 3883 latro·

250 3929 362 4002 nibus,
381 3941 462 4003 qsros
480 3924 571 3984 etiam
593 3921 703 3982 liberos
723 3933 829 4002 omncs
842 3917 1003 3996 dimiserit,
1018 3917 1106 3982 liceat
1124 3917 1173 3978 illi
1184 3920 1240 3980 uni
1258 3937 1335 3998 qua.

250 4043 377 4104 cunque
402 4027 451 4087 via
481 4039 610 4099 nocere,
637 4020 721 4082 omni
751 4015 848 4080 ciuilis
873 4017 1057 4080 auctoritatis
1082 4022 1112 4079 et
1139 4019 1185 4080 vis
1207 4019 1334 4100 publica

250 4125 574 4211 praesidiodenegato3
591 4123 620 4184 3.
635 4135 696 4182 non
708 4115 1020 4193 tantumlibcrtatem,
1032 4117 1085 4180 sod
1097 4118 1334 4199 omniaquoqus

252 4230 305 4292 illi
328 4229 407 4288 bone
429 4230 532 4303 erepta
554 4219 762 4299 restituendo,
786 4218 976 4299 publiceque
995 4218 1178 4280 aucuritstis
1196 4221 1335 4299 presidio

251 4329 349 4390 illum
361 4331 466 4388 contra
479 4337 585 4384 omncs
599 4335 788 4398 aggressores
797 4317 993 4395 contegendo.
1009 4318 1146 4384 Primum
1159 4319 1227 4382 site
1236 4337 1334 4398 genus

252 4429 311 4490 dat
323 4425 495 4490 christiane
509 4421 649 4499 religioni
659 4419 817 4498 tyrannica
829 4415 1154 4498 pommuuopoeuom
1167 4421 1334 4486 secumdum

253 4524 396 4589 concedit
419 4522 650 4584 coerulsticum
667 4519 824 4596 regimem
850 4517 971 4578 tertium
994 4516 1122 4594 largitur
1144 4518 1334 4588 Gubecniuur

254 4637 337 4688 recto
361 4624 547 4698 ordinatum.
572 4620 732 4697 Pcrinique
752 4618 802 4696 agi
823 4633 894 4679 cum
916 4615 1050 4680 Ecclesia
1071 4618 1105 4678 in
1128 4619 1259 4682 secundo
1280 4621 1335 4686 ilio

254 4729 328 4790 uite
337 4739 459 4804 genera,
473 4721 611 4802 minutis
624 4720 741 4782 minore
755 4733 825 4782 cum
834 4716 947 4780 mritis
957 4732 1050 4794 quam
1061 4718 1093 4781 in
1104 4719 1203 4796 prino
1212 4735 1332 4799 mucre,
