3559 5675
502 754 562 818 erl
911 766 990 815 rents
1012 768 1171 816 sinnius

504 878 576 957 ipsis
587 872 785 954 sacrispalam
796 890 827 933 se
839 870 916 933 iacto
934 874 1074 951 electurat,
1086 874 1138 953 qui
1151 874 1245 953 possit
1266 872 1522 937 videlieetErclesiin

504 976 626 1037 inritam
642 974 773 1051 obligare
789 974 834 1034 vel
846 988 963 1051 cogere.
981 976 1058 1052 Ergo
1070 976 1162 1035 sacris
1176 990 1242 1034 sese
1254 975 1413 1037 immiscens
1425 977 1525 1054 princeps

503 1076 647 1139 secularis
678 1074 846 1136 libertatem
868 1080 958 1152 atque
987 1072 1251 1156 independentinm
1272 1074 1401 1136 Ecclesia
1421 1074 1526 1137 ebrinus

501 1180 693 1241 constitutam
707 1173 809 1251 violat,
824 1190 857 1235 ac
868 1173 993 1255 proinde
1007 1172 1060 1237 bei
1079 1191 1144 1236 sese
1158 1183 1248 1253 atque
1262 1174 1394 1237 Ecclesia
1411 1175 1527 1255 publicum

503 1276 619 1341 hostem
633 1274 775 1339 declarat.
790 1276 879 1353 Ergo,
890 1281 948 1337 etc.

545 1380 581 1440 ll.
597 1376 746 1454 Sacrilego
770 1376 940 1457 principum
966 1373 1138 1451 temeritas,
1160 1393 1213 1456 per
1236 1392 1328 1455 quam
1350 1375 1371 1436 ii
1393 1378 1469 1437 sacris
1486 1394 1528 1435 sec

503 1478 672 1543 immiscere
685 1474 827 1553 audeant,
843 1483 951 1557 suapte
965 1482 1072 1536 natura
1085 1472 1193 1551 tendit,
1205 1474 1324 1537 duabus
1335 1477 1496 1557 potissimum
1506 1476 1528 1537 de

502 1579 614 1655 causis,
635 1576 672 1639 sd
691 1576 868 1654 religionem
883 1576 914 1637 in
929 1592 1035 1638 eorum
1055 1575 1175 1656 populis
1189 1574 1430 1657 corrumpendam
1441 1583 1465 1635 et
1476 1574 1530 1634 labe

503 1676 683 1741 lactandam.
698 1676 729 1737 l·
743 1674 873 1753 Scilicet,
886 1676 959 1754 quia
969 1694 1064 1756 quum
1081 1692 1234 1737 sacrorum
1246 1682 1413 1756 potestatem
1425 1683 1450 1737 et
1459 1692 1530 1736 suun

499 1778 557 1839 ribi
582 1777 703 1838 sceleste
725 1776 905 1852 attribuunt,
919 1792 982 1837 non
1003 1777 1133 1857 prolecto
1152 1792 1188 1837 ex
1210 1775 1367 1853 religionis
1385 1774 1478 1849 studio,
1491 1790 1531 1833 non

500 1874 595 1939 inlici
611 1876 791 1955 obsequium
802 1874 830 1937 id
845 1882 1000 1957 praestant,
1012 1876 1064 1936 sed
1079 1892 1172 1955 prava
1184 1872 1287 1953 aliqua
1303 1874 1422 1938 libidine
1432 1876 1531 1955 permoti,

499 1983 553 2038 aut
572 1974 759 2057 perditorum
784 1972 963 2051 bominum,
986 1974 1151 2055 presertim
1172 1972 1396 2054 hereticorum,
1418 1973 1533 2035 molibus

496 2074 622 2155 decepti.
639 2076 669 2137 Si
690 2076 774 2137 enim
796 2075 953 2155 religionis
978 2076 1092 2155 lleique
1115 2076 1232 2137 sincero
1260 2093 1362 2138 amore
1384 2075 1531 2144 ducerentu,

497 2172 635 2239 Ecclesia
649 2174 817 2237 libertatem
831 2172 975 2255 illiusque
997 2174 1101 2237 divina
1123 2176 1197 2253 jura
1218 2177 1322 2238 omnia
1335 2172 1439 2237 vellent
1458 2175 1531 2233 iotam

498 2276 679 2338 consecrari.
690 2276 781 2355 Atqui
793 2292 811 2337 a
823 2274 1011 2356 principibus
1024 2292 1060 2337 ex
1074 2273 1251 2356 huiusmodi
1263 2276 1363 2337 cnemis
1374 2292 1448 2337 sacra
1458 2288 1531 2335 suan

498 2374 579 2437 libus
593 2374 723 2457 plurima
732 2374 846 2454 juberi,
856 2376 936 2453 beri,
945 2374 1078 2455 permitti
1092 2390 1213 2436 neeesse
1227 2380 1284 2451 est,
1295 2392 1366 2455 qun
1379 2380 1530 2457 puraeasu·

497 2492 557 2555 que
570 2476 710 2555 religioni
722 2474 812 2536 noxia
823 2476 1028 2557 etperniciosa
1042 2474 1146 2536 lutura
1158 2476 1229 2535 sint.
1242 2476 1286 2537 Er
1301 2476 1381 2538 mala
1391 2476 1462 2537 enim
1471 2490 1530 2534 erin

497 2590 692 2654 nequaqnam
703 2574 801 2636 enasci
816 2572 888 2636 boni
900 2572 1023 2636 allectus
1032 2579 1172 2654 possunt.
1184 2607 1225 2619 -
1238 2576 1271 2635 2·
1287 2576 1380 2651 Quia,
1393 2589 1531 2653 numisque

498 2674 616 2735 tandem
630 2672 755 2736 consilio
768 2681 954 2749 moveantur,
968 2674 1061 2753 inepti
1074 2676 1201 2737 omnino
1212 2680 1285 2735 sunt
1296 2676 1336 2735 ad
1352 2692 1412 2736 reni
1423 2674 1533 2735 eutero

498 2776 585 2836 ticam
600 2774 675 2836 bene
689 2774 875 2854 gerendam3
890 2775 965 2854 quin
985 2772 1049 2837 imo
1062 2773 1098 2835 ad
1112 2790 1181 2836 eam
1195 2774 1228 2835 in
1240 2776 1306 2839 siris
1322 2775 1478 2854 regionibus
1491 2789 1534 2852 per·

495 2875 674 2938 turbandam
689 2881 717 2937 et
732 2875 936 2954 evertendam,
948 2875 975 2936 si
984 2875 1105 2956 proprio
1120 2875 1205 2936 illam
1217 2877 1354 2952 arbitrio,
1367 2877 1450 2937 inrita
1459 2871 1532 2933 lecte-

496 2975 552 3054 sia‚
569 2977 737 3054 gubernare
758 2976 865 3053 velint,
880 2982 952 3036 sunt
967 2975 1159 3038 solummodo
1172 2976 1293 3055 idonei;
1311 2985 1377 3038 tum
1391 2978 1456 3056 quia
1466 2976 1533 3034 orent

494 3075 606 3156 spiritu
626 3077 834 3156 ecclesiastico,
849 3093 942 3156 quern
963 3075 1109 3138 diuturne
1128 3076 1307 3156 difficilique
1324 3071 1533 3139 ebriocensis

493 3174 609 3238 clericis
631 3175 761 3238 Ecclesia
783 3173 860 3238 indit
879 3191 890 3254 ς
912 3182 977 3236 tum
1000 3175 1074 3254 quia
1095 3187 1201 3238 carent
1220 3175 1344 3238 seientia
1365 3175 1533 3245 ecclesiastic,

495 3291 549 3336 sen
571 3273 731 3336 diecretica
752 3291 805 3336 seu
826 3276 976 3354 practica3
996 3281 1062 3334 turn
1080 3275 1152 3352 quia
1172 3281 1275 3336 carent
1292 3274 1417 3338 intersis
1433 3269 1534 3334 obediit

493 3373 601 3454 pretio
621 3374 748 3436 coelestis
771 3393 839 3454 quae
863 3373 935 3435 solis
958 3371 1074 3436 clericis
1093 3374 1149 3436 rite
1173 3373 1321 3436 ordinatis
1345 3377 1421 3438 Deus
1441 3371 1473 3434 ad
1489 3373 1534 3450 eju

493 3471 654 3534 Ecclesiam
668 3471 895 3552 gubernandam
911 3473 1055 3535 concedit.
1069 3474 1141 3536 Sine
1156 3474 1320 3537 bisantem
1331 3475 1430 3554 gratie
1442 3469 1534 3532 ueni

492 3569 673 3648 adjumentis
696 3579 850 3652 nequeunt
873 3573 1014 3634 homines
1032 3579 1100 3654 apte
1122 3591 1187 3635 reru
1207 3573 1436 3636 ecclesiasticam
1450 3585 1533 3650 geren·

493 3673 594 3750 dapes
612 3674 694 3733 enirn
716 3671 850 3734 lcumena
870 3673 1026 3751 sapientia,
1041 3673 1088 3735 vel
1102 3673 1247 3736 humanis
1261 3676 1376 3737 artibus
1388 3680 1437 3736 aut
1453 3669 1534 3733 runc

492 3771 622 3836 Ecclesia
640 3779 670 3836 ct
691 3775 825 3855 primum
846 3774 973 3836 lundata
985 3779 1043 3852 est,
1062 3779 1093 3836 et
1106 3775 1197 3838 hodie
1217 3783 1344 3850 mustei,
1359 3773 1410 3838 sed
1428 3776 1533 3854 μω

491 3871 620 3951 Spiritus
634 3873 731 3935 Sancti
751 3889 818 3954 ope,
832 3890 899 3952 que
913 3889 976 3935 non
990 3873 1180 3938 secularibus
1194 3877 1392 3957 principibus,
1407 3872 1452 3936 sed
1466 3876 1533 3949 dpe-

492 3971 562 4034 tolia
584 3990 749 4051 eorumque
779 3973 1003 4034 successoribus
1027 3991 1045 4035 a
1066 3974 1187 4036 Christo
1210 3977 1339 4037 bomine
1362 3973 1490 4055 promissa
1504 3970 1533 4026 et

490 4071 626 4136 dicente:
654 4075 752 4136 inme
774 4089 828 4150 ego
850 4073 1007 4135 uobiscum
1029 4091 1098 4136 sum
1122 4075 1266 4138 omnibus
1288 4075 1395 4138 diebm
1413 4062 1531 4150 usquead

489 4175 778 4236 consummationem
793 4171 885 4234 seculi
901 4193 918 4231 a
935 4174 996 4252 (n);
1011 4181 1041 4234 et
1052 4173 1144 4236 alibi:
1161 4177 1226 4238 «Et
1238 4193 1293 4255 ego
1309 4175 1417 4254 rogabo
1434 4175 1530 4235 Palen

489 4277 519 4332 et
536 4271 631 4334 alium
646 4273 823 4335 cancticum
841 4271 924 4334 dabit
940 4273 1036 4350 robis,
1060 4281 1095 4336 ut
1118 4285 1238 4338 maneat
1259 4275 1412 4338 vobiscum
1430 4273 1457 4334 in
1473 4275 1530 4330 ater·

490 4385 594 4430 numa
614 4371 663 4450 (d).
680 4373 758 4451 Ergo
781 4373 935 4450 tyrannica
953 4372 1017 4435 hoec
1039 4375 1211 4456 principum
1227 4377 1257 4437 in
1277 4395 1324 4438 res
1341 4391 1433 4438 sacras
1445 4367 1529 4433 inraso

489 4467 664 4546 religionem
679 4471 776 4552 ipsam
792 4474 823 4532 in
838 4487 944 4534 eorum
959 4473 1079 4556 populis
1092 4491 1164 4536 curn
1178 4477 1316 4540 Ecclesiae
1329 4475 1455 4538 libertate
1467 4466 1528 4530 dcbd

489 4569 646 4650 perimere.
661 4573 749 4651 llrgo,
766 4577 823 4636 etc.

519 4795 817 4863 (bituriaccensis.
830 4827 859 4842 -
871 4799 904 4866 (b)
918 4801 991 4857 torn.
1004 4816 1056 4871 xrs,
1070 4807 1106 4857 te.
