3559 5675
541 743 649 789 sonus.
674 760 713 774 -·-
736 742 817 787 crare
839 740 1012 789 cuoccoms.
1256 728 1314 789 111

266 849 352 927 aliqua
370 852 446 911 natio
467 850 504 911 ad
525 851 608 912 bunc
627 854 739 911 statum
758 847 944 927 pervenerit,
965 849 1003 909 ad
1019 850 1162 928 principis
1179 847 1313 911 odicium

264 950 403 1029 pertinere,
419 952 589 1011 societatem
611 948 872 1010 internetionalem
893 965 963 1009 cum
982 950 1020 1009 iis
1038 947 1169 1028 populis,
1188 950 1315 1026 quibos·

263 1066 321 1111 cum
338 1052 399 1128 jam
419 1050 581 1111 utilitatum
599 1049 813 1111 communione
828 1050 896 1125 eJus
912 1050 994 1110 natio
1012 1051 1176 1126 conjuncta
1191 1055 1248 1125 est,
1263 1067 1321 1129 pu·

263 1149 330 1211 blico
346 1151 529 1230 solemnique
543 1157 629 1231 pacto
642 1155 826 1211 connectere.

295 1252 413 1313 Cenem.
432 1256 461 1312 2.
477 1286 517 1297 -
533 1252 671 1313 Vidimus
686 1252 719 1310 in
733 1250 841 1311 ultima
854 1252 1001 1328 positione
1018 1252 1190 1314 societatem
1202 1251 1323 1313 ethnan·

262 1350 363 1412 ahicam
381 1353 456 1414 lacto
476 1354 542 1432 ipso
558 1352 691 1413 naturali
705 1351 840 1430 produci.
859 1353 897 1411 dt
916 1352 1039 1414 evidens
1058 1368 1131 1415 sane
1147 1358 1205 1426 est,
1223 1351 1323 1413 loedus

260 1452 326 1512 illud
345 1453 581 1528 internetionalc,
597 1458 760 1529 antequam
777 1451 940 1511 utilitatum
954 1458 983 1512 el
1000 1452 1171 1513 studiorum
1188 1467 1324 1513 commu·

260 1552 340 1612 nioue
361 1554 540 1631 requiratur,
556 1568 643 1630 posse
662 1552 768 1627 ulique
787 1550 889 1611 induci
908 1551 955 1613 vel
973 1558 1058 1630 pacto
1074 1552 1256 1629 voluntario,
1273 1552 1324 1612 vel

255 1653 324 1728 jnris
343 1654 529 1731 prevalentis
549 1652 578 1713 vi
600 1650 693 1730 (624).
716 1652 794 1726 Ergo
813 1651 890 1711 lacta
910 1651 1024 1729 quibus
1041 1650 1167 1712 societas
1185 1651 1324 1711 interna-

260 1753 370 1813 tionalis
389 1754 474 1830 gigni
498 1758 605 1831 potest,
629 1750 755 1829 triplicis
772 1751 892 1826 generis
915 1756 988 1810 sunt
1005 1767 1067 1811 non
1077 1766 1173 1811 *secus
1193 1766 1228 1809 ac
1246 1750 1324 1810 iacta

257 1866 314 1926 qua
331 1851 502 1911 societatem
521 1851 652 1931 pariunt,
673 1848 785 1911 sedicet
801 1847 971 1920 00000110,
990 1848 1168 1923 uoluntario,
1187 1847 1325 1928 juridico

260 1950 342 2023 1615).
362 1952 515 2025 Attamen,
535 1952 613 2011 sicut
631 1950 665 2009 in
685 1948 911 2009 individuorum
929 1950 1125 2009 associatione
1138 1948 1250 2009 lactum
1263 1963 1323 2010 na-

258 2048 343 2109 turale
357 2056 498 2111 00001000
521 2049 692 2110 societatem
715 2049 854 2108 omnium
875 2049 1007 2109 manime
1026 2048 1234 2125 necessariam,
1255 2065 1324 2125 quaa

257 2154 295 2206 est
308 2147 478 2227 domestica,
495 2150 588 2227 parit3
602 2149 644 2209 ita
662 2148 818 2219 nationum
836 2148 959 2209 societas
973 2148 1188 2225 perfectissima
1205 2158 1252 2208 est
1271 2146 1323 2210 illa

256 2261 312 2321 qua
334 2248 466 2307 naturali
488 2248 563 2308 lacto
587 2246 773 2325 producitur.
790 2247 940 2317 Quoniam
962 2251 1063 2307 autem
1079 2253 1222 2307 conatam
1240 2259 1324 2322 qua-

256 2342 322 2406 libet
340 2352 456 2409 naturae
478 2348 554 2407 actio
572 2345 660 2407 certis
678 2344 862 2422 quibusdam
880 2343 997 2419 legibus
1017 2351 1167 2417 movetur,
1182 2351 1271 2421 01000
1285 2348 1323 2406 ad

256 2440 320 2505 lines
333 2446 484 2525 quosdam
503 2444 610 2519 tondit,
631 2460 700 2523 quas
719 2449 845 2521 utraque
864 2442 910 2502 illi
929 2445 1048 2521 propria
1067 2450 1154 2517 sunt,
1174 2444 1323 2522 longaque

256 2542 384 2607 differunt
400 2564 418 2607 a
437 2546 553 2607 linibus
571 2561 605 2605 ao
623 2544 753 2620 legibus,
764 2543 877 2620 quibus
896 2542 992 2604 libera
1007 2544 1169 2604 hominum
1183 2544 1322 2605 voluntas

257 2647 357 2705 moseri
381 2646 478 2724 sclet;
495 2645 604 2707 idcirco
621 2644 774 2704 societates
788 2659 856 2720 quae
870 2643 1000 2704 naturali
1013 2644 1091 2705 lacto
1109 2645 1256 2705 constanti
1279 2647 1323 2723 gi·

256 2752 387 2821 muctar,
404 2745 608 2825 peculiaribus
623 2743 803 2822 quibusdam
821 2744 1051 2822 proprietatibus
1065 2744 1230 2806 moralibus
1243 2762 1322 2825 prae-

254 2845 310 2906 dita
323 2855 404 2924 sunt,
423 2865 480 2927 per
501 2864 577 2928 quas
599 2845 768 2924 plurimum
782 2843 927 2904 dillerunt
944 2862 962 2904 a
979 2847 1094 2907 catoris
1116 2846 1318 2925 societatibus,

255 2959 319 3020 quas
336 2948 429 3009 libera
444 2948 606 3008 bominum
621 2947 696 3007 actio
714 2946 877 3021 conjunxit.

289 3049 379 3118 Quare
392 3047 520 3110 societas
533 3045 784 3119 internaticnalis,
793 3061 885 3122 quam
901 3051 1041 3105 constans
1059 3046 1195 3106 naturale
1208 3047 1320 3107 lactum

255 3147 367 3223 peperit,
384 3148 546 3224 diligenter
558 3147 595 3207 ab
611 3145 679 3206 aliis
694 3143 836 3206 omuibus
852 3144 1032 3205 secernenda
1049 3151 1111 3213 est3
1127 3147 1215 3205 sicuti
1229 3147 1321 3208 socie·

255 3249 335 3304 tatem
353 3245 561 3320 domesticam,
577 3261 678 3321 quea
696 3243 825 3303 naturali
845 3241 921 3303 lacto
942 3242 1087 3302 constanti
1104 3243 1216 3322 pariter
1227 3259 1318 3304 enas·

253 3343 338 3424 citur,
358 3347 395 3408 ab
417 3346 562 3407 omnibus
585 3345 653 3404 aliis
673 3343 873 3419 societatibus,
894 3348 1036 3420 tanquam
1059 3343 1256 3404 essentialiter
1281 3345 1320 3406 ab

254 3443 286 3503 iis
301 3445 460 3516 diversam,
477 3445 566 3523 plane
586 3441 797 3504 discernimus.
815 3443 910 3520 igitur
925 3443 1021 3504 solam
1039 3445 1209 3505 societatem
1228 3446 1319 3506 inter·

253 3545 427 3608 rationalem
452 3544 581 3606 naturali
604 3546 680 3605 lacto
701 3546 848 3604 constanti
870 3544 1045 3622 productam
1063 3541 1241 3606 etloarcllioe
1262 3563 1320 3606 no-

254 3646 326 3707 mine
349 3647 381 3707 in
402 3651 558 3726 posterum
580 3645 779 3717 donabimus,
807 3645 943 3722 aliasque
964 3646 1122 3706 nationum
1143 3647 1317 3720 societates,

252 3757 312 3818 qua
331 3745 428 3806 libera
449 3751 566 3806 tantum
592 3743 754 3803 hominum
774 3743 927 3803 voluntate
944 3743 1057 3819 junctae
1078 3744 1156 3821 sint,
1179 3751 1321 3807 consueto

252 3843 365 3904 nominc
383 3843 534 3906 societatis
553 3842 738 3921 simpliciter,
760 3841 807 3904 vel
825 3841 1029 3903 foederationis
1047 3843 1276 3921 appellabimus.

656 4100 859 4164 ARTlCULUS
881 4101 919 4160 ll.

281 4325 322 4389 be
335 4329 521 4411 principatus
534 4329 637 4408 sermo
657 4327 839 4389 etlaorclu're
852 4323 971 4388 cuilibet
985 4343 1042 4405 per
1055 4343 1085 4386 se
1098 4325 1293 4390 0000000010.

289 4548 375 4608 tabl.
390 4551 570 4612 Norannorr.
589 4579 628 4592 -
645 4550 714 4608 Post
727 4547 875 4607 societatis
894 4546 1090 4608 etbnarcbicae
1112 4549 1248 4624 cuiusvis
1266 4550 1324 4610 cui·

254 4645 350 4718 giuem
369 4657 566 4729 perspectam,
582 4647 719 4724 ejusdcm
736 4651 765 4706 et
784 4647 880 4706 101010
894 4655 924 4706 01
941 4647 1022 4723 leges
1039 4655 1112 4707 sunt
1124 4645 1326 4710 determinan-

255 4745 306 4804 da.
322 4749 357 4808 Et
369 4749 423 4820 illa
435 4751 558 4828 quidem
571 4756 616 4810 est
629 4748 765 4828 plurium
779 4749 898 4808 eutium
911 4748 1103 4808 rationalium
1116 4748 1153 4808 ad
1166 4765 1325 4811 commune

372 4863 405 4910 11.
1129 4847 1167 4906 ’27
