3559 5675
560 763 668 811 rusus.
692 784 731 797 —
752 764 838 810 urere
858 763 1047 811 nuourenrus.
1279 748 1336 814 bit

256 873 287 933 is
305 872 439 953 protecto
451 873 484 933 in
497 871 814 959 muimsmssinnidisre
833 872 995 932 amentiam
1015 869 1160 931 dicendus
1178 875 1233 932 est.
1247 873 1338 949 Atqui

256 973 339 1035 bano
355 973 452 1035 luisse
470 978 501 1033 st
522 988 588 1034 esse
612 972 846 1051 protestantismi
867 986 1013 1032 ramnum
1031 970 1187 1037 audaciam
1208 972 1338 1049 quisque

186 1145 190 1154 ¹
256 1090 313 1152 per
335 1072 478 1159 scyidst.
493 1072 656 1135 telesiam
678 1072 764 1133 onim
783 1070 964 1133 christianas
982 1070 1132 1131 doetrinae
1150 1086 1168 1131 a
1190 1069 1338 1133 sexdecim

251 1176 323 1251 jam
341 1174 451 1235 seculis
462 1173 625 1251 tranquilla
638 1171 840 1252 possidentem
858 1188 941 1233 nnus
953 1176 983 1231 et
999 1171 1075 1231 alter
1094 1186 1181 1247 gerru
1195 1168 1339 1248 prmum

257 1291 297 1335 er
315 1272 479 1353 improviso
497 1288 659 1351 assurgens
677 1272 849 1334 christinam
861 1272 932 1333 fidei
947 1270 1122 1332 adulterata
1142 1275 1270 1348 accusat,
1283 1270 1339 1341 hoe

257 1390 324 1435 uno
339 1380 518 1451 argumente
529 1371 771 1434 criminationem
784 1390 873 1435 suam
885 1372 1028 1444 fulciens,
1040 1370 1121 1449 quod
1135 1370 1282 1432 nimbum
1297 1370 1341 1436 r'tt

255 1472 317 1534 cidi
336 1471 482 1545 videatur,
498 1477 543 1533 ito
563 1472 623 1553 ipse
634 1472 781 1552 privatius
794 1471 964 1536 uterimei!
978 1466 1056 1533 Num
1079 1470 1230 1532 tolemnds
1247 1470 1341 1537 onim

257 1581 367 1637 eontra
383 1580 498 1635 tantm
512 1574 675 1635 hominum
688 1575 809 1653 piorum
822 1574 1038 1651 doctorumque
1052 1572 1278 1659 multitudinem
1294 1572 1342 1633 rc

258 1675 342 1735 riusa
356 1674 521 1753 pertinacia
531 1676 598 1737 esti
615 1674 899 1735 «Absurdissimum
913 1675 1024 1753 qrrippe
1037 1670 1138 1749 fuerit,
1149 1678 1185 1733 ut
1198 1674 1343 1751 Hierony·

259 1790 334 1835 mus
353 1773 497 1835 miramus
516 1773 715 1850 vigilantium
736 1774 861 1850 colligit,
881 1789 981 1834 unum
1003 1772 1168 1835 Lutlrerum
1188 1778 1241 1832 rut
1255 1775 1342 1835 AEto·

258 1874 451 1953 lampadium
470 1874 505 1935 in
524 1873 664 1935 Ecclesiae
683 1874 796 1951 angulo
814 1873 1033 1950 obloquentem
1048 1873 1164 1947 andire,
1185 1873 1343 1935 univorsos

260 1980 366 2035 autem
378 1978 509 2053 majores
526 1979 644 2037 nostros
657 1989 756 2051 usque
770 1974 809 2034 ab
824 1972 973 2053 Apostolio
987 1979 1209 2035 contemnerer
1227 1970 1278 2053 (a).

302 2076 446 2151 ordoque
456 2080 504 2135 est
511 2073 895 2152 solummodoexplodendr
903 2075 1030 2135 istorum
1040 2074 1227 2136 nebulonum
1239 2090 1344 2135 amen
1366 2104 1368 2110 v

262 2176 317 2252 lie,
331 2173 385 2234 sed
408 2172 621 2237 damnendset
640 2172 814 2250 castiganda
828 2173 917 2233 eliam
943 2174 1119 2252 improbitas
1140 2179 1169 2235 et
1195 2176 1340 2251 nequitia.

260 2274 445 2350 chunque
458 2274 541 2334 enim
555 2273 636 2333 riros
650 2273 831 2350 integritatis
843 2279 873 2335 et
887 2274 1064 2335 innocentie
1079 2274 1160 2334 lama
1170 2276 1345 2353 conspicuos

262 2372 426 2435 insimulat
439 2372 617 2452 proditionis
628 2381 658 2433 at
669 2372 833 2449 sacrilegii,
847 2373 906 2432 nisi
921 2372 1077 2437 manliana
1091 2374 1125 2433 ln
1132 2372 1266 2433 medium
1281 2390 1345 2452 prn-

262 2474 368 2535 tulerit
391 2478 571 2550 argumenta
586 2487 651 2533 rem
672 2473 839 2535 certissime
862 2472 1030 2551 probantia,
1051 2472 1346 2535 scelestissimum

261 2572 432 2634 lumniator
447 2572 608 2633 habendum
625 2579 686 2652 est,
711 2573 915 2650 congruisque
933 2574 1031 2651 pmnls
1052 2571 1239 2635 afficiendos.
1255 2574 1345 2650 lltqui

262 2672 524 2749 pmtestantismus
537 2672 571 2731 in
583 2671 640 2733 hoe
653 2677 735 2732 totus
753 2678 811 2746 est,
822 2677 859 2732 ut
872 2672 1095 2749 unusquisque,
1104 2672 1161 2733 sibi
1178 2672 1232 2732 uni
1251 2670 1344 2733 eonfi-

262 2762 331 2848 srm,
344 2772 378 2831 in
392 2775 543 2841 Romanoa
557 2768 716 2833 Pontifiees
726 2778 758 2832 et
774 2772 832 2833 sub
846 2772 911 2832 illis
932 2772 965 2832 in
979 2773 1142 2855 lipisoopos
1154 2788 1273 2849 omnes,
1288 2770 1346 2835 sub

262 2874 365 2951 iisque
375 2873 476 2935 sdlruc
488 2875 521 2934 in
537 2873 671 2936 doctores
684 2889 790 2935 omnes
803 2873 959 2950 theologos
973 2873 1150 2950 gravissimu
1161 2873 1347 2960 proditionis

262 2980 296 3034 et
323 2974 472 3051 sacrilegii
498 2974 629 3034 crimina
651 2972 797 3048 intendat,
810 2973 868 3036 hae
880 2989 942 3034 una
958 2973 1071 3034 ratione
1092 2971 1199 3034 duetus
1213 2973 1293 3050 quod
1308 2975 1347 3034 ita

262 3073 475 3154 sibipriretim
486 3073 633 3136 rideatur'.
650 3075 709 3134 Eos
726 3089 860 3151 namque
872 3089 978 3132 omnes
999 3072 1169 3147 ltontifioes,
1183 3073 1345 3152 episcopos,

262 3172 414 3246 doctores,
428 3175 484 3250 qui
504 3190 538 3234 se
553 3173 724 3234 christiane
742 3173 811 3234 fidei
824 3171 963 3233 custodes
980 3172 1078 3251 palam
1101 3171 1242 3233 fidelibus
1262 3171 1348 3234 esbi-

261 3273 387 3347 bsbant,
401 3281 493 3349 atque
507 3274 545 3334 ab
556 3273 700 3334 omnibus
715 3279 750 3333 ut
763 3272 833 3334 fidei
845 3271 983 3334 custodes
997 3274 1129 3350 ingenue
1147 3272 1346 3352 habebantur,

263 3390 329 3448 sos,
354 3375 495 3450 inquam,
512 3391 620 3436 omnes
633 3375 828 3436 vehomenter
841 3376 983 3436 inaurant
1000 3375 1218 3453 damnantque,
1237 3373 1349 3436 scilicet

259 3473 346 3552 quod
367 3474 527 3553 pristinam
545 3475 715 3536 doctrinam
734 3493 752 3536 a
773 3477 893 3538 Christo
908 3477 1036 3538 Domino
1064 3476 1202 3538 traditam
1225 3477 1345 3556 penitus

261 3574 465 3652 corruperint,
497 3575 696 3652 Eralerimque
722 3576 819 3653 filios,
849 3577 1020 3656 apostoliam
1048 3575 1188 3638 doctrinm
1225 3575 1345 3656 pabulis

262 3673 449 3734 mlutaribus
468 3673 606 3751 desertis,
626 3676 665 3736 ad
685 3678 887 3755 pessimorum
909 3692 1045 3738 erronum
1075 3677 1264 3754 sterquilinia
1289 3683 1346 3738 tra-

261 3771 417 3834 duxerint.
433 3773 603 3838 tinnovero
614 3780 675 3834 tam
687 3775 882 3851 horrendem,
898 3779 962 3835 tam
979 3773 1186 3835 incredibilem
1199 3775 1345 3836 erimina-

263 3875 379 3933 tionsm
398 3873 512 3949 quibus
535 3873 657 3935 tandem
682 3874 812 3946 inditiis,
832 3873 1012 3949 rationibus,
1028 3875 1224 3952 argumentis,
1253 3891 1345 3952 quam

263 3973 375 4049 firmis,
385 3989 479 4050 quam
500 3973 691 4036 evidentibus
708 3977 730 4035 ii
749 3975 961 4055 comprobantt
976 3975 1037 4034 lloo
1051 3989 1113 4035 uno
1126 3973 1249 4050 emicet,
1264 3975 1345 4052 quod
1416 4009 1418 4015 ,

263 4072 433 4149 unicuique
446 4089 553 4135 comm
564 4091 663 4136 sacras
684 4076 846 4154 scripturas
866 4077 981 4155 privato
999 4073 1122 4150 ingenio
1137 4071 1347 4133 meditantibus

261 4174 308 4234 ite
319 4173 421 4235 risum
432 4173 490 4235 sit!
501 4175 720 4249 Qunaudeeis,
731 4175 893 4254 quilnror,
905 4189 972 4252 qun
983 4173 1158 4252 improbitas
1175 4171 1209 4234 in
1225 4173 1348 4252 nequis-

263 4274 346 4336 simo
358 4273 424 4334 ullo
436 4274 654 4337 calumniatore
663 4291 801 4354 unquam
810 4275 945 4351 luerunt,
957 4289 1024 4352 qum
1041 4290 1101 4335 non
1114 4274 1346 4356 protestantismi

262 4380 389 4435 tantum
404 4373 504 4435 seelus
517 4375 696 4453 longissime
709 4379 851 4457 supersit

306 4475 340 4536 'lt
353 4475 598 4554 Quodescunpue
611 4490 716 4539 rerem
731 4476 806 4538 tldsi
818 4473 984 4538 doetrinem
1008 4473 1134 4537 nntehm
1155 4475 1290 4554 ignotam
1303 4493 1349 4539 re·

265 4573 371 4638 relsre
393 4573 571 4638 bominibus
584 4591 625 4639 aa.
645 4575 827 4659 persusdere
852 4591 907 4659 per
927 4575 1002 4640 alies
1034 4573 1183 4656 qnondam
1211 4575 1350 4642 homines
1410 4652 1411 4655 Ἴ

298 4775 337 4841 (a)
350 4775 440 4829 tlelcb.
451 4777 525 4841 Cum,
536 4777 585 4832 loe.
598 4779 643 4832 rit.
656 4779 701 4832 lib.
715 4783 739 4842 t.
750 4791 807 4844 erp.
819 4782 845 4832 t.
