3559 5675
402 789 403 792 =
479 749 538 836 191
877 763 957 810 ruars
975 761 1134 811 rrawnrsrs

474 873 574 948 ciulia,
589 887 657 950 que
671 873 848 953 participant
860 885 967 933 omnes
976 870 1114 936 bouvines
1127 872 1288 947 individui,
1299 878 1364 954 qui,
1374 875 1410 937 ad
1421 875 1527 937 nonies

475 974 732 1052 operationes'jam
749 973 862 1047 idonei5
874 971 987 1032 delicto
998 969 1169 1048 efficaciter,
1182 981 1330 1052 quantum
1341 981 1470 1056 possunt,
1480 993 1526 1036 nni

474 1074 633 1135 obsistunt.
657 1075 758 1152 ltaque
778 1072 888 1151 duplex
903 1072 937 1132 iu
956 1071 1122 1134 individuis
1134 1075 1287 1136 annotans
1309 1075 1528 1137 iunocentiadis

476 1172 638 1250 tinguendo
651 1181 696 1234 est
711 1189 720 1233 ε
735 1173 828 1234 altera
842 1169 1045 1250 uelamento,
1061 1172 1156 1233 altera
1170 1170 1299 1238 muniis.
1319 1176 1444 1250 Quaestio
1455 1175 1529 1251 igitur

475 1273 528 1334 illa
540 1278 675 1351 respectu
696 1272 858 1349 utriusque
881 1271 1059 1332 innocentie
1071 1273 1199 1351 proponi
1214 1280 1312 1352 potest
1324 1289 1335 1334 z
1349 1279 1382 1334 ιο
1395 1273 1530 1335 nunniti-

474 1378 539 1436 ceat
550 1373 577 1434 ei
587 1372 640 1450 qni
652 1369 879 1432 individualiter
893 1373 939 1431 est
952 1371 1109 1449 innocens,
1120 1387 1240 1451 poenaru
1256 1372 1394 1467 infligere
1409 1375 1445 1435 ob
1455 1363 1529 1434 delic-

474 1475 540 1532 tum
561 1487 578 1532 a
597 1469 734 1530 societate
752 1468 788 1528 ad
803 1485 896 1548 quum
919 1467 974 1529 illa
993 1469 1134 1548 pertinet,
1157 1473 1372 1550 commissum
1394 1475 1426 1532 2·
1445 1477 1528 1532 utnon

473 1586 559 1652 poeua
570 1569 598 1628 ei
611 1568 664 1647 qui
676 1569 801 1628 omnino
813 1567 957 1627 innocens
970 1568 1020 1640 sit,
1032 1564 1129 1644 indigi
1140 1565 1222 1644 jaste
1231 1570 1338 1648 possit.

512 1669 582 1732 973.
600 1669 668 1728 Pus.
681 1666 766 1730 478⁸.
789 1697 830 1711 -
845 1669 1005 1743 Nunquam
1021 1667 1153 1728 societati
1172 1665 1242 1729 ficet
1254 1684 1414 1748 pomonam
1426 1669 1531 1730 omuino

473 1769 635 1840 insontem,
645 1779 865 1842 quanqusmsc
878 1765 958 1826 ultro
968 1763 1143 1826 ollaremem
1153 1767 1186 1826 in
1198 1767 1300 1828 locoru
1312 1771 1421 1844 sontis,
1434 1767 1467 1828 ad
1483 1783 1530 1845 pn

473 1885 544 1932 uam
559 1867 660 1928 delicti
671 1863 816 1926 luendam
833 1864 1036 1926 substituere:
1060 1872 1091 1926 at
1103 1871 1200 1944 potest
1220 1869 1477 1947 utiqnaacs'optsri
1488 1883 1532 1928 ro-

472 1969 605 2033 luntsria
628 1967 830 2046 componentia
858 1983 915 2046 pro
938 1966 1059 2028 damnis
1080 1967 1290 2031 materialibus
1320 1969 1422 2030 aliem
1436 1964 1532 2030 'deluto

473 2068 574 2130 illatis.

499 2169 606 2229 'Peon
622 2171 653 2228 1·
664 2178 751 2232 vans.
767 2199 808 2212 -
825 2168 947 2228 Punitio
968 2173 1014 2228 est
1036 2169 1220 2230 auctoritatis
1234 2170 1343 2230 mnodo
1357 2175 1460 2231 muira
1470 2167 1533 2227 ordi

472 2267 519 2326 nis
534 2265 739 2341 individualis,
762 2265 880 2326 socialis
905 2271 936 2324 et
959 2263 1141 2326 universalis
1154 2267 1413 2346 perturbationem
1420 2291 1430 2344 3
1450 2275 1477 2327 et
1494 2269 1532 2346 ju·

472 2367 552 2426 rium
576 2367 715 2428 omnium
741 2365 989 2426 restaurationem
1012 2367 1044 2426 in
1073 2367 1182 2444 triplici
1204 2367 1263 2428 boc
1275 2369 1384 2430 ordine
1405 2367 1533 2428 socialiter

471 2481 641 2545 procurare,
656 2470 701 2525 est
711 2465 780 2524 linis
794 2463 968 2542 edaequatus
981 2481 1076 2542 prens
1089 2466 1253 2542 cujuslibet
1267 2485 1285 2527 a
1297 2469 1438 2528 societate
1448 2467 1484 2528 ob
1494 2466 1534 2525 de

473 2563 576 2622 lictum
591 2563 787 2623 commissum
802 2561 974 2637 infligenda
993 2562 1075 2640 (947,
1089 2559 1179 2640 949).’

515 2665 603 2738 Atqui
620 2661 653 2720 1ο
667 2677 755 2740 poenn
767 2677 901 2739 personae
911 2661 1022 2722 insonti
1043 2657 1154 2724 inflicta
1167 2681 1361 2743 nequaqnam
1377 2671 1422 2726 est
1434 2673 1496 2744 apta
1507 2663 1534 2723 ad

473 2762 610 2824 ordinem
631 2759 847 2822 individualem
862 2761 894 2820 iu
912 2777 948 2820 eo
968 2762 1022 2849 qui
1045 2761 1188 2824 delictum
1208 2766 1362 2831 commisit
1382 2773 1536 2826 murren-

475 2866 549 2925 dum
578 2882 585 2921 ι
606 2877 704 2937 nequo
725 2861 806 2921 eninr
829 2858 946 2921 bouum
971 2862 1114 2923 sensibile
1132 2863 1172 2924 ab
1189 2864 1273 2925 illius
1295 2866 1484 2943 passionibus
1497 2862 1538 2923 de

476 2960 642 3038 linquendo
669 2960 833 3037 appetitum
861 2959 907 3019 illi
932 2958 1092 3020 subtrabit.
1119 2993 1156 3007 -
1181 2962 1263 3035 Quin
1300 2964 1363 3025 irno
1386 2982 1440 3043 per
1462 2962 1535 3023 talen

477 3062 603 3123 insontis
631 3046 683 3137 pro
703 3066 787 3119 sonte
811 3058 1054 3119 substitutionem
1072 3059 1245 3123 audaciores
1267 3062 1345 3123 liunt
1375 3064 1537 3138 delinquen·

477 3165 514 3223 tis
535 3162 701 3239 pensiones,
715 3158 927 3238 impunitatem
948 3157 1048 3219 delicti
1061 3158 1118 3219 boc
1135 3161 1224 3221 modo
1247 3179 1369 3239 semper
1389 3168 1536 3243 sperantes

517 3266 673 3331 l‘raetorea,
691 3257 755 3317 haec
774 3256 948 3317 substitutio
965 3262 1011 3317 est
1032 3266 1132 3333 aperto
1146 3259 1261 3321 ordinis
1274 3261 1408 3335 violatio,
1423 3266 1474 3342 qui
1486 3278 1539 3341 pos·

475 3359 551 3419 tulat
566 3362 599 3417 ut
610 3354 759 3414 innocenti
773 3354 882 3430 cuique
896 3354 1012 3413 bonum
1034 3363 1191 3431 augeatur.
1214 3360 1301 3431 Quod
1316 3379 1389 3423 vero
1411 3366 1539 3423 innocens

477 3472 578 3517 amoro
590 3455 684 3515 sontis
698 3466 730 3513 se
744 3453 824 3513 ultro
834 3451 869 3513 ad
884 3468 988 3531 poenas
1001 3469 1056 3533 pro
1077 3454 1131 3516 illo
1144 3457 1313 3521 tolerandas
1325 3460 1445 3542 offerat,
1459 3464 1539 3537 majo

479 3572 541 3615 rem
554 3552 737 3615 auctoritatis
748 3552 930 3629 injustitiam
942 3553 974 3612 in
987 3553 1038 3611 tali
1050 3554 1264 3619 substitutione
1276 3556 1419 3623 efficoret.
1438 3565 1505 3625 llam
1516 3565 1538 3619 l.

478 3660 596 3731 semper
607 3652 657 3713 iila
666 3652 851 3711 innocentem
871 3651 1003 3730 puniret.
1018 3654 1048 3713 2.
1064 3654 1142 3713 Eum
1158 3657 1279 3732 puniret
1289 3658 1330 3718 ob
1341 3660 1540 3721 charitatisac·

479 3760 544 3813 tuni
559 3750 833 3832 praeclarissimum.
1308 3782 1315 3791 ·

519 3860 551 3914 n·
574 3854 670 3913 lusus
691 3848 815 3911 inflictio
836 3849 867 3909 in
879 3848 985 3908 ordine
997 3850 1099 3910 sociali
1117 3854 1343 3917 ammaricus
1362 3860 1539 3938 potissimum

480 3953 516 4015 ad
528 3952 694 4013 societatem
706 3954 807 4009 cuntur
821 3946 930 4007 delicta
943 3948 1214 4028 pronunciandam.
1229 3954 1321 4029 Atqui
1337 3972 1377 4015 ex
1396 3959 1455 4019 bac
1464 3970 1542 4019 carras

482 4051 602 4113 nullum
614 4046 743 4109 societati
759 4047 813 4122 lus
836 4044 939 4105 venire
959 4051 1055 4122 potest
1072 4047 1202 4108 insontis
1221 4066 1277 4128 pro
1289 4060 1376 4114 sonte
1390 4055 1455 4115 ulla
1467 4066 1542 4133 pum

483 4148 657 4213 mulctandi.
681 4150 755 4209 liam
777 4144 910 4205 ‹letemin
929 4143 979 4203 set
997 4146 1108 4205 ooeisic
1124 4147 1291 4209 innocentis
1304 4166 1367 4212 nun
1382 4156 1543 4216 solomon

480 4258 581 4325 auget,
596 4250 648 4307 sod
662 4244 794 4311 multum
807 4243 920 4303 minuit
940 4244 1083 4305 anatem
1102 4252 1206 4309 nouus
1223 4248 1331 4311 daticta
1350 4254 1541 4315 cesenaten·

481 4354 581 4422 Quum
594 4346 675 4408 enirn
690 4344 808 4421 pimitio
820 4343 997 4417 bruusmodi
1013 4345 1169 4405 ordinetur
1180 4348 1220 4407 ad
1236 4348 1447 4428 delinquentis
1462 4352 1543 4413 anda·

480 4441 823 4519 namcompesoendnm,
835 4456 888 4518 por
897 4441 983 4501 illem
995 4442 1240 4507 substitutionem
1248 4448 1370 4510 vivnsat
1384 4432 1464 4512 liber
1472 4450 1543 4510 abira

485 4543 702 4623 permitteretur
716 4540 908 4615 delinquens,
923 4546 953 4599 et
972 4541 1066 4617 probo
1083 4550 1174 4621 atque
1195 4534 1319 4610 innoxio
1340 4552 1406 4612 cira
1432 4552 1545 4612 socium

484 4644 662 4727 privaretur.
693 4642 772 4717 Ergo
791 4638 845 4700 iila
870 4640 998 4703 insontis
1019 4657 1073 4721 pso
1097 4650 1188 4705 sonte
1204 4646 1379 4713 substitutio
1409 4652 1545 4731 precipuo

481 4742 604 4825 justitia
630 4738 757 4803 vindicis
787 4738 999 4819 scopodlrecta
1033 4741 1184 4805 inordina
1204 4746 1309 4809 moirti
1336 4748 1544 4813 advenerun-
