3559 5675
564 739 670 787 suant.
691 756 731 769 -
751 740 834 786 crasa
855 738 987 784 naotuns.
1264 718 1322 782 ild

299 840 384 900 Peon.
395 870 437 885 —
450 839 567 900 Utilitas
578 840 724 920 quopiam
733 840 846 919 duplici
857 840 945 902 modo
957 846 1050 920 potest
1062 838 1193 901 societati
1207 837 1318 912 afferri,

264 940 360 999 directe
367 947 395 1000 et
404 939 556 1000 indirecte.
568 942 698 1018 Etenim,
709 958 805 1017 quum
816 942 938 1023 societas
949 942 987 1001 sit
996 942 1148 1003 moraliter
1157 956 1228 1008 uns.
1239 936 1319 1017 quod

263 1039 400 1099 directer'n
414 1040 606 1099 commodum
616 1046 764 1101 certorum
781 1042 1004 1102 individuorum
1021 1042 1063 1111 tit,
1081 1039 1157 1101 illud
1176 1040 1269 1099 simul
1282 1037 1318 1099 ad

262 1154 437 1197 cornmnuem
455 1127 614 1199 utilitatem
634 1140 775 1201 indirecte
789 1128 952 1216 rerlundat5
966 1146 1006 1212 et,
1021 1158 1036 1200 e
1056 1140 1219 1214 contrario,
1233 1137 1320 1215 quid·

262 1237 323 1313 perid
337 1236 444 1298 directe
461 1238 498 1298 ad
521 1256 711 1323 communem
731 1240 890 1299 utilitatem
910 1231 1009 1314 ursan
1026 1240 1215 1316 singulorum
1229 1237 1320 1297 etiam

261 1336 468 1397 individuorum
484 1339 677 1399 commodum
696 1338 838 1399 indirecte
850 1338 962 1399 reiicit.
979 1342 1017 1399 nt
1030 1338 1248 1414 magnotameir
1262 1335 1320 1395 dis-

261 1436 370 1495 crimine
385 1436 466 1497 binae
483 1438 547 1497 istae
565 1438 673 1515 agendi
688 1440 817 1499 rationes
836 1444 1021 1519 separantur.
1040 1440 1115 1499 Nam
1129 1438 1242 1497 bonurn
1259 1452 1319 1511 quo

261 1535 354 1594 directe
367 1540 569 1597 corrrmunitas
582 1538 721 1612 adicitur,
738 1542 773 1599 in'
784 1541 887 1601 ornnia
901 1545 930 1601 et
948 1540 1069 1616 singula
1089 1539 1172 1598 illins
1186 1536 1321 1596 membra

261 1638 339 1711 mitris
359 1640 601 1715 proportionibus
627 1657 681 1700 sua
695 1647 799 1717 sponte
821 1626 1032 1701 distribuitur:
1056 1646 1085 1699 at
1105 1640 1218 1699 bonnm
1239 1634 1319 1713 quod

259 1736 332 1794 certis
346 1737 511 1797 individuis
523 1739 632 1814 directe
643 1738 775 1813 affertur,
796 1741 827 1799 in
840 1740 900 1800 alia
915 1740 1070 1801 individua
1080 1736 1320 1817 proportionibus

261 1836 341 1910 magis
352 1853 385 1895 ac
395 1839 495 1914 magis
510 1836 750 1899 decrescentibus
770 1842 914 1917 pervenit.
931 1841 1020 1916 Atqui
1033 1838 1104 1917 ordo
1116 1838 1238 1916 justitia
1249 1852 1319 1915 pos-

259 1933 333 2007 tulat,
353 1941 387 1995 ut
405 1936 520 1996 tributa
534 1937 570 1996 iis
588 1939 779 2016 potissimum
800 1928 1003 2017 imponantur,
1026 1938 1136 2015 quibus
1156 1936 1318 2015 presertim

261 2032 436 2094 ntiltalntura
447 2038 521 2107 sint,
539 2041 664 2111 servata,
678 2030 826 2113 quantum
837 2038 902 2098 lieri
917 2042 1022 2116 potest,
1033 2053 1119 2114 aeque
1131 2035 1319 2115 proportione

261 2128 325 2189 inter
340 2148 415 2193 onus
429 2136 542 2210 crriquc
562 2135 735 2213 impositum
756 2144 845 2213 atque
863 2136 1021 2206 utilitatem
1037 2136 1074 2196 ab
1090 2135 1142 2195 illo
1155 2134 1319 2213 percipien-

261 2226 326 2287 dam.
340 2232 426 2307 Ergo,
440 2241 500 2293 etc.

295 2331 371 2389 roos.
385 2334 451 2393 Pos,
468 2334 554 2394 5382.
571 2334 687 2394 taxi&
710 2367 740 2378 -
755 2335 878 2395 Tribola
892 2336 933 2394 ita
945 2334 1126 2413 imponenda
1140 2337 1220 2401 sunt,
1237 2336 1270 2391 ut
1284 2348 1319 2391 aa

263 2443 398 2505 nunquam
410 2450 549 2492 summas
563 2434 706 2511 capitales
720 2433 769 2493 sed
782 2434 860 2493 solos
870 2432 1005 2493 redditus
1015 2432 1154 2493 afficiant.

293 2528 377 2587 Paos.
394 2563 430 2574 -
442 2530 568 2590 Tribuia
578 2530 613 2590 ad
630 2536 767 2609 sumptus
782 2529 1013 2610 improductivos
1027 2528 1129 2609 (1093)
1143 2532 1245 2607 suapte
1259 2542 1317 2587 na-

263 2628 313 2682 tura
324 2628 526 2688 conteruntur.
537 2632 624 2705 Ergo,
639 2630 665 2689 si
675 2630 728 2689 iila
738 2648 873 2691 summas
886 2630 1025 2707 capitales
1038 2628 1179 2705 alliciant,
1194 2627 1319 2689 sociales

263 2720 353 2785 diutia
370 2728 399 2787 in
414 2737 557 2807 sumptus
570 2731 803 2808 improrluctiros
826 2733 962 2809 abibunt,
978 2732 1111 2807 adeoque
1131 2730 1184 2790 has
1199 2728 1318 2790 divitias

263 2823 386 2898 paulatim
405 2829 552 2889 imminui
576 2846 694 2891 rrecesse
721 2830 788 2905 erit,
810 2830 890 2908 quod
913 2832 1049 2910 potestati
1072 2830 1229 2892 areentivae
1246 2828 1317 2888 dili·

261 2927 344 2993 genter
359 2927 530 2988 carendum
547 2945 611 2988 esse
627 2931 693 3005 jam
707 2930 837 2989 vidimus
854 2929 969 3007 (1091).
986 2931 1062 3005 Ergo
1082 2935 1135 2989 etc.

294 3025 369 3084 111111).
386 3028 522 3089 sonoro.
542 3051 583 3073 ,.„
600 3029 697 3089 Facile
716 3030 805 3089 multi
817 3029 866 3090 hic
884 3045 961 3088 sana
979 3029 1110 3089 inritatis
1130 3029 1227 3106 specie
1241 3026 1319 3086 deci-

262 3119 377 3200 piuntur,
389 3129 598 3187 existimantes
610 3129 732 3187 nullum
750 3123 928 3189 societatini
949 3127 1069 3188 tributis
1079 3127 1317 3204 quantiscunque

263 3217 388 3284 damnum
406 3212 577 3305 provenire.
593 3228 683 3287 modo
695 3227 757 3289 hacc
770 3227 853 3305 'apud
865 3227 1001 3288 eamdem
1017 3228 1185 3287 societatem
1200 3227 1318 3304 impen-

263 3315 362 3383 dantur.
377 3330 454 3386 b'arn
463 3332 593 3404 potestas
601 3327 989 3403 exsecutiva,inquinntilli,
998 3343 1051 3404 per
1059 3325 1239 3404 multiplices
1248 3341 1318 3384 suos

263 3425 381 3499 sumptus
391 3427 487 3486 altera
498 3437 589 3486 mann
601 3427 829 3506 redditpopulo,
844 3427 923 3504 qnod
939 3429 1030 3488 altera
1042 3444 1134 3486 manu
1148 3427 1184 3488 ab
1201 3427 1251 3486 illo
1266 3441 1319 3504 per

264 3518 357 3580 tributa
366 3529 489 3604 aceepit.
507 3533 644 3588 Attamen
656 3545 725 3588 cnm
740 3531 867 3606 veritath
876 3528 905 3587 id
924 3528 1048 3588 minime
1070 3525 1225 3587 consentit.
1244 3525 1316 3585 Nam

265 3621 328 3689 quod
338 3623 426 3686 altera
438 3642 530 3686 uranu
541 3633 670 3704 potestas
682 3629 848 3687 exsecutiva
857 3627 1014 3704 impendit,
1027 3631 1120 3687 totum
1132 3625 1192 3685 abit
1200 3627 1318 3684 inmer-

264 3729 302 3773 tts
312 3736 380 3795 quas
393 3727 447 3784 illa
461 3726 575 3802 improd
580 3729 674 3786 notive
683 3723 845 3786 consumit.
859 3729 937 3802 Ergo
948 3725 1026 3801 quod
1039 3726 1131 3785 altera
1145 3741 1237 3784 manu
1251 3739 1320 3784 auc·

266 3818 350 3879 toritas
361 3826 503 3902 percepit.
521 3833 565 3884 est
583 3841 660 3885 onus
672 3825 801 3886 subditis
817 3825 1005 3900 incumbens,
1021 3823 1100 3900 qrrod
1123 3825 1208 3883 nulla
1225 3809 1319 3886 ferme

268 3922 392 3982 materiali
406 3925 537 3984 utilitate
551 3932 704 4002 pensatur,
725 3925 775 3984 sed
792 3923 895 3983 solnm
906 3939 940 3982 eo
959 3924 1036 3982 bono
1050 3923 1168 3994 morali,
1186 3923 1266 4000 qnorl
1288 3923 1319 3983 in

267 4010 331 4074 borsa
340 4023 379 4080 rei
390 4025 518 4102 publica
531 4011 787 4085 administratione
801 4023 945 4083 consistit.
957 4023 1044 4098 Ergo,
1054 4021 1245 4081 materialiter
1254 4039 1318 4081 rem

268 4121 418 4192 spectando,
428 4123 536 4182 tributa
546 4138 668 4200 prorsus
679 4129 898 4183 consumuntur
911 4137 944 4180 ac
953 4126 1096 4198 pereunt;
1110 4137 1142 4180 ac
1156 4127 1317 4200 propterea,

268 4212 288 4267 si
300 4231 330 4274 ur
342 4221 513 4299 capitalibus
527 4225 656 4283 summis
669 4223 877 4296 educerentur,
893 4221 1032 4301 capitales
1046 4222 1115 4300 ipsa
1130 4237 1269 4298 summae,
1287 4222 1318 4282 in

269 4313 363 4384 quibus
380 4329 408 4381 et
428 4322 551 4383 sociales
568 4328 597 4382 et
615 4323 735 4401 privatae
758 4341 828 4402 opes
846 4319 952 4384 omne's
969 4323 1071 4402 positas
1090 4327 1176 4396 sunt,
1197 4321 1317 4384 tandem

269 4409 418 4481 delicerent.
1259 4417 1263 4426 “

303 4515 380 4580 1100.
400 4525 467 4584 Pes.
491 4525 574 4585 5392.
595 4527 667 4586 lex.
688 4523 730 4585 5.
753 4559 792 4570 -
810 4526 1001 4587 tributorum
1023 4525 1156 4588 collectio
1173 4523 1268 4587 laoilis
1292 4531 1321 4586 11

270 4625 346 4683 luam
359 4623 481 4684 minime
495 4632 670 4702 sumptuosa
683 4643 748 4687 esse
760 4624 856 4687 debet

304 4715 384 4782 isos.
407 4755 445 4769 -
461 4725 572 4786 Unicus
594 4727 774 4787 tributorum
794 4725 864 4787 linis
890 4735 938 4788 est
953 4729 1119 4790 auctoritati
1139 4725 1318 4806 gubernanti
