3559 5675
494 690 554 751 tou
903 701 982 749 turris
1002 704 1162 751 aurumne

494 811 614 893 praecise
628 825 645 869 a
659 806 768 869 damno
780 812 898 885 accepto
913 810 1060 885 provenit,
1077 824 1266 887 nequaquam
1285 810 1533 873 consideraturum

494 910 574 971 natio
582 923 650 985 quae
660 904 806 967 damnum
819 906 932 983 intulit,
944 908 1088 969 moralem
1099 908 1220 987 culpam
1232 909 1365 971 nocendo
1373 913 1532 985 commiserit,

494 1011 545 1071 sed
567 1008 665 1069 solum
686 1006 800 1085 quanto
818 1004 997 1067 detrimento
1011 1006 1151 1086 affecerit,
1177 1026 1229 1069 seu
1249 1026 1313 1069 rem
1329 1028 1478 1089 possessam
1491 1014 1533 1071 eri·

493 1107 616 1189 pianda,
629 1122 682 1167 seu
696 1120 760 1165 rem
781 1103 913 1165 debitam
926 1106 1074 1182 negando.
1098 1110 1202 1185 ltaque
1216 1110 1404 1187 perspicuum
1419 1118 1467 1188 eet,
1480 1112 1534 1171 banc

493 1211 619 1273 alteram
630 1206 701 1267 belll
713 1220 844 1277 caueam,
859 1206 885 1265 si
898 1206 963 1267 sola
972 1205 1061 1283 adsit,
1076 1208 1199 1268 nullum
1209 1210 1263 1285 jus
1274 1209 1358 1271 aliud
1368 1213 1470 1272 nationi
1481 1212 1535 1272 laea

494 1307 638 1382 tribuere,
653 1322 746 1384 qnam
765 1306 802 1367 ad
816 1303 996 1366 tantumdem
1013 1308 1241 1386 recipiendum3
1257 1310 1331 1387 quia
1351 1311 1535 1388 internuntia

491 1410 609 1489 justitia
623 1404 779 1467 intercedit
792 1403 982 1465 distributiva
998 1404 1102 1483 tutet:
1120 1408 1157 1466 ad
1168 1407 1249 1485 quod
1262 1408 1442 1469 tantumdem
1452 1410 1534 1470 nihilo

493 1512 598 1571 minus
606 1508 755 1587 pertinent
764 1504 852 1565 ctiam
864 1520 971 1566 omncs
981 1504 1105 1566 effectus
1114 1514 1268 1587 utcunque
1277 1510 1373 1581 noxii,
1383 1511 1432 1586 qui
1445 1510 1477 1571 ab
1487 1514 1533 1587 eju

494 1611 537 1673 rei
551 1608 598 1669 vel
608 1614 714 1686 ereptae
729 1606 775 1667 vel
786 1610 908 1665 retentoe
917 1608 1032 1683 jactura
1043 1606 1229 1684 prodierunt.
1242 1610 1280 1667 At
1292 1608 1412 1685 quaudo
1422 1608 1533 1671 damuun

494 1706 570 1771 illud
581 1720 649 1766 cum
661 1702 863 1781 moralioulpa
873 1703 991 1763 illatum
1001 1720 1066 1765 csse
1079 1710 1205 1779 constat,
1219 1711 1326 1783 prater
1335 1706 1390 1768 boc
1399 1706 1533 1767 tnrtuuder

494 1805 657 1869 materialis
668 1802 780 1879 damni,
792 1800 848 1861 alia
859 1800 982 1879 insuper
990 1802 1206 1882 compensatio,
1219 1804 1251 1864 in
1260 1804 1360 1866 delicti
1370 1806 1533 1885 punitionem,

494 1906 573 1982 exigi
588 1920 658 1965 eane
675 1919 693 1963 a
707 1901 777 1961 laesa
790 1900 909 1960 natione
923 1906 1028 1979 petest.

535 2007 630 2083 Atque
643 2000 692 2062 bio
705 2002 813 2060 iterum
829 2000 1000 2059 notabimus
1012 2001 1045 2060 in
1058 2002 1206 2062 materiali
1220 2001 1332 2065 damno
1352 2004 1533 2084 compensando

496 2103 608 2167 ustioni
624 2104 701 2163 lases
711 2100 798 2163 licere
810 2116 964 2161 armorum
979 2100 1008 2161 ri
1022 2116 1157 2180 premere
1170 2102 1320 2181 populum
1333 2105 1490 2181 quemlibet,
1498 2104 1533 2180 qui

495 2204 622 2279 nationi,
637 2218 654 2263 a
667 2218 728 2279 qua
740 2200 886 2261 damnum
905 2200 1024 2260 illatum
1041 2206 1098 2277 cet,
1112 2216 1197 2280 opem
1213 2202 1288 2262 terat
1306 2203 1343 2263 ad
1355 2220 1423 2283 ¹rem
1436 2202 1532 2263 alienun

495 2302 695 2375 retinendam,
712 2298 878 2377 iisdemque
901 2298 983 2359 bunc
996 2300 1145 2380 populum
1159 2300 1282 2363 subesse
1302 2302 1533 2365 conditionibusu

495 2402 643 2486 populum
655 2400 756 2462 damni
770 2404 930 2475 auctorem,
949 2396 1039 2461 relute
1056 2400 1105 2460 rel
1118 2400 1155 2461 ad
1177 2401 1272 2463 solius
1282 2402 1386 2463 damni
1399 2416 1533 2480 campense

495 2504 621 2576 tionem,
642 2500 690 2561 rel
711 2498 749 2559 ad
775 2498 874 2559 delicti
900 2515 1022 2579 quoque
1048 2500 1254 2579 punitionem,
1279 2518 1373 2579 quam
1397 2502 1468 2562 natio
1486 2499 1532 2557 lau

495 2602 638 2679 requirat.

536 2700 664 2763 11011011.
682 2704 759 2760 1.-
777 2684 915 2759 Diximus
926 2698 1031 2759 eadem
1041 2701 1112 2777 lum
1126 2702 1239 2761 nationi
1254 2701 1334 2763 lasa
1346 2700 1440 2781 quoad
1448 2697 1531 2761 belim

497 2800 686 2866 inferendum
698 2802 863 2880 competere
877 2803 908 2860 et
919 2798 951 2860 in
964 2799 1118 2861 nationem
1132 2816 1201 2878 qun
1210 2800 1359 2863 damnum
1373 2802 1471 2877 attulit,
1482 2805 1503 2857 ot
1513 2796 1531 2853 in

495 2904 646 2964 nationem
658 2913 870 2978 quamcunque
883 2898 975 2959 aliam
986 2917 1054 2978 qua
1063 2900 1134 2961 huic
1147 2901 1180 2961 in
1191 2900 1302 2964 damno
1315 2900 1457 2963 atterendo
1465 2899 1531 2958 laren
1569 2934 1570 2981 ,

495 3011 523 3064 et
537 3009 721 3082 cooperetur.
736 3001 874 3062 tamrero
887 2999 986 3076 gravis
1002 2999 1053 3062 bic
1066 3006 1096 3062 et
1109 3001 1216 3062 multis
1232 3001 1451 3064 difficultatibus
1462 2996 1530 3075 inpl-
1568 3038 1569 3065 r

494 3111 559 3166 cata
575 3101 703 3165 occurrit
721 3099 858 3180 quaetio,
885 3097 998 3160 scilieet
1018 3101 1049 3159 in
1073 3117 1134 3178 quo
1156 3101 1240 3162 laror
1258 3103 1315 3163 iste
1335 3107 1365 3164 et
1386 3098 1528 3180 cooperatio
1567 3112 1568 3147 l

495 3221 586 3283 quam
597 3203 666 3280 quis
679 3201 846 3281 praestiterit
858 3198 949 3275 boeti,
964 3200 1259 3262 consisteredicenda
1270 3203 1310 3264 eit
1319 3216 1330 3280 ;
1345 3219 1416 3264 num
1426 3202 1529 3260 fautore
1566 3202 1567 3231 l

495 3307 666 3383 cooperator
687 3299 837 3378 ejusmodi
860 3301 974 3360 censeri
997 3299 1102 3361 debeat
1119 3303 1295 3381 quicunque
1316 3301 1441 3384 populus
1459 3295 1529 3358 enuit
1565 3266 1566 3317 ¹

496 3409 609 3464 mutuas
628 3415 699 3462 cum
718 3415 753 3460 ea
766 3397 885 3460 uatioue
900 3399 1040 3460 amicitia
1053 3401 1234 3462 commercia
1246 3417 1309 3462 uon
1323 3402 1477 3479 abrumpu-
1488 3396 1529 3466 pn

495 3501 526 3562 in
541 3517 573 3562 re
586 3499 666 3579 quod
681 3498 865 3577 praecipuum
880 3503 970 3575 atqua
984 3497 1146 3560 indubium
1159 3507 1216 3576 est,
1230 3501 1336 3580 paucis
1355 3505 1504 3561 statuemus

538 3603 625 3662 1196.
643 3603 710 3663 Pns.
728 3601 811 3661 591¹.
830 3631 866 3642 -
878 3599 951 3671 Quas
964 3599 1047 3660 natio
1059 3598 1150 3661 babet
1164 3602 1218 3678 jus
1229 3601 1266 3661 ad
1280 3601 1402 3664 alteram
1415 3599 1526 3660 nanuum

495 3701 575 3766 bello
588 3699 799 3782 appetendam,
811 3698 902 3759 babet
912 3699 1001 3760 etium
1011 3701 1065 3776 jns
1076 3699 1205 3776 vetandi,
1216 3717 1255 3762 ue
1263 3700 1331 3763 ulla
1343 3715 1413 3778 gene
1421 3697 1459 3758 illi
1470 3688 1526 3753 alteri

494 3820 608 3865 merces
622 3819 675 3882 pec
685 3817 717 3862 se
732 3799 769 3862 ud
782 3797 1024 3876 belligerandum
1043 3801 1131 3862 utiles
1152 3800 1337 3880 suppeditet3
1352 3781 1448 3876 nequit
1459 3801 1525 3852 tana

490 3908 504 3982 J
509 3923 561 3968 ure
574 3911 686 3978 vetere,
700 3919 739 3964 ue
752 3917 823 3963 cum
838 3899 893 3960 illa
903 3917 1018 3962 meroes
1036 3918 1089 3980 per
1103 3919 1135 3962 se
1149 3903 1286 3964 innocue
1297 3899 1524 3964 communicentur·

535 4007 627 4068 Pseu.
644 4007 673 4065 1·
685 4017 771 4066 runs.
780 4033 821 4048 -
831 4002 904 4075 Qua}
914 4017 988 4078 gens
1005 4001 1096 4062 babet
1103 4005 1156 4079 jus
1166 4003 1204 4062 ad
1217 4003 1310 4064 aliam
1324 4003 1462 4062 nationem
1473 3987 1524 4052 belli

494 4105 740 4186 oppugnandam,
754 4108 788 4163 ut
797 4103 932 4179 suajura
944 4101 991 4160 rel
1003 4107 1121 4160 tuentur·
1133 4102 1181 4162 vel
1195 4101 1364 4179 ulciscatur,
1378 4091 1522 4160 debetcum

490 4207 544 4282 jnn
557 4203 676 4266 velandi
690 4205 798 4280 nequis
812 4203 892 4262 alius
911 4201 1042 4280 populus
1055 4203 1170 4263 nationi
1186 4202 1231 4261 illi
1254 4203 1364 4279 injuste
1383 4193 1480 4260 nocenti
1493 4203 1522 4246 tl

494 4313 632 4384 operetur
640 4321 650 4384 3
662 4311 691 4366 et
700 4303 795 4380 siquis
804 4302 936 4381 populus
950 4301 1048 4362 eidem
1057 4301 1093 4362 ad
1108 4301 1252 4380 injuriam
1265 4303 1348 4362 illius
1360 4289 1520 4362 sustinendam

494 4405 670 4484 opituletur,
689 4405 772 4464 natio
786 4401 857 4462 laesa
872 4402 962 4462 babet
970 4404 1022 4478 J'us
1036 4402 1074 4462 ad
1091 4419 1176 4464 arma
1190 4408 1292 4463 contra
1312 4401 1392 4462 buuc
1403 4389 1518 4476 populum.

494 4513 637 4581 tauquam
651 4505 769 4582 injuriae
781 4503 930 4564 leuiorem
944 4510 974 4563 et
994 4501 1182 4582 complicem,
1196 4501 1399 4574 conuertenda,
1413 4502 1442 4555 ut
1456 4499 1519 4563 „pu

494 4603 598 4666 coroll.
610 4607 651 4679 1⁰,
663 4621 693 4664 n.
708 4601 798 4680 1195,
811 4603 1037 4682 explicavimus.
1053 4605 1144 4682 atqui
1158 4621 1270 4664 meroes
1283 4603 1320 4664 arl
1329 4588 1517 4674 belligerantium

494 4707 598 4782 suopte
625 4711 731 4766 natura
755 4704 905 4766 ordinatas
932 4707 1044 4766 nationi
1064 4704 1181 4768 bellmu
1207 4705 1320 4782 gerenti
1342 4692 1516 4782 apportart‹lul
