3559 5675
429 736 470 797 40
829 756 910 803 tuurs
931 752 1091 801 1111111111

429 854 594 915 mutatione
613 854 781 917 rolrrutaria
796 863 868 918 sunt
887 858 1042 937 occupatio
1060 859 1125 935 post
1140 854 1308 935 simplicem
1326 855 1507 933 possessuris

428 952 646 1033 dimissionem,
662 964 691 1017 et
705 964 873 1020 contractus
886 958 934 1021 vel
948 957 1135 1019 uuilateralis
1146 957 1193 1019 vel
1207 955 1378 1017 bilateralis.

467 1055 589 1118 Exsere.
605 1090 648 1103 -
664 1059 840 1138 cujuspiam
862 1060 907 1119 rei
931 1074 1092 1139 possessor,
1118 1058 1171 1135 qui
1194 1063 1281 1118 autea
1303 1060 1355 1134 jus
1376 1054 1508 1117 habehat

426 1172 639 1236 quemcunque
653 1159 749 1219 alium
767 1176 785 1220 a
804 1176 860 1221 sua
873 1161 1053 1239 proprietate
1066 1157 1256 1233 excludendi,
1271 1159 1297 1217 si
1317 1156 1504 1220 voluntatem

424 1271 486 1333 qua
499 1257 541 1319 rei
553 1260 771 1337 possessionem
785 1260 843 1321 sibi
855 1260 1066 1335 vindicaverat,
1081 1264 1229 1335 retractet,
1241 1264 1336 1337 potest
1349 1258 1380 1319 id
1391 1258 1506 1339 duplici

425 1360 540 1421 ratione
553 1360 671 1422 allicere
691 1380 698 1421 :
717 1364 747 1421 l·
762 1363 860 1422 Potest
876 1378 943 1422 earn
960 1378 1024 1422 rem
1047 1359 1231 1438 simpliciter·
1242 1358 1402 1435 dimittere,
1428 1361 1506 1437 qrrin

336 1442 340 1449 ¹
424 1460 554 1539 alicujus
572 1463 707 1540 personae
719 1463 816 1539 gratia
830 1462 859 1523 id
878 1462 968 1523 iaciat
983 1483 990 1518 :
1006 1466 1078 1521 tunc
1091 1476 1127 1521 ea
1147 1476 1195 1521 res
1218 1456 1331 1521 dicitur¹
1348 1458 1504 1521 derelicta.

424 1566 458 1622 2⁰
471 1563 502 1623 Si
515 1560 641 1623 liberam
656 1568 723 1623 eam
738 1580 803 1623 rem
824 1578 977 1641 possessor
992 1560 1175 1622 itadimittat
1188 1566 1222 1621 ut
1235 1560 1329 1620 simul
1346 1559 1420 1621 velit
1437 1562 1508 1637 eius

421 1662 593 1723 dominium
607 1662 645 1723 ad
662 1669 773 1724 certam
787 1663 878 1723 aliam
899 1678 1057 1741 personam
1079 1658 1219 1735 transire,
1237 1668 1268 1721 et
1281 1658 1344 1722 1111
1361 1660 1421 1722 alla
1432 1678 1508 1741 per-

421 1778 495 1825 1111
514 1778 568 1841 per
589 1764 812 1841 nucupationem
833 1768 965 1841 acceptet
987 1763 1029 1823 rci
1047 1761 1267 1841 proprietatem,
1293 1759 1355 1821 laec
1375 1760 1506 1822 dominii

423 1861 579 1922 translatio
594 1861 628 1921 tit
640 1867 694 1941 per
706 1869 898 1936 contractum,
920 1862 997 1922 idest
1017 1864 1069 1939 pc‘r
1083 1876 1263 1921 consensum
1275 1860 1411 1941 plurium
1432 1876 1507 1941 per-

427 1974 569 2023 sonarum
589 1976 658 2039 qun
680 1969 787 2024 mutuo
807 1978 873 2024 sese
893 1962 1040 2039 obligant,
1055 1960 1187 2021 alienans
1208 1960 1332 2039 quidem
1352 1961 1389 2021 ad
1407 1961 1507 2023 alium

427 2076 487 2122 non
501 2061 724 2123 excludendum
737 2080 755 2124 a
767 2064 811 2125 rei
821 2062 956 2125 dominio
968 2069 998 2125 et
1009 2078 1079 2139 usit,
1091 2062 1245 2143 nequirent
1257 2078 1328 2124 varo
1339 2078 1393 2143 per
1401 2078 1508 2144 accep

425 2162 569 2225 tationem
579 2162 617 2223 ad
633 2164 853 2226 mccedendum
867 2166 898 2224 in
913 2164 965 2225 tali
980 2164 1106 2225 dominii
1119 2166 1202 2241 jura.

468 2266 669 2327 Necessarium
694 2271 795 2326 autem
815 2266 995 2342 adquirentis
1015 2264 1244 2344 acceptationem
1267 2264 1410 2345 dicimus,
1433 2268 1508 2345 quia

429 2376 582 2445 possessor
603 2367 726 2427 nonnisi
748 2366 946 2427 conditionate
968 2366 999 2425 in
1014 2366 1071 2425 isto
1088 2374 1235 2427 1111111111
1254 2364 1387 2439 dimittit,
1409 2366 1508 2429 nimi-

429 2482 499 2527 rum
513 2473 547 2527 ut
566 2484 615 2527 res
629 2466 666 2527 ad
683 2468 776 2527 aliam
799 2482 957 2545 personam
979 2472 1118 2526 transeat.
1142 2468 1230 2541 Ergo,
1252 2467 1278 2526 si
1299 2464 1362 2527 haec
1376 2482 1507 2545 persona

429 2582 492 2627 uon
514 2571 656 2647 acceptet,
676 2565 806 2626 conditio
824 2566 994 2625 essentialis
1016 2580 1077 2627 non
1098 2566 1281 2642 verificatur,
1300 2584 1390 2628 nemo
1407 2568 1445 2627 in'
1461 2570 1506 2630 rei

428 2668 599 2729 dominium
619 2667 712 2728 veteri
727 2668 890 2746 possessori
903 2666 1043 2743 succedit,
1060 2666 1191 2745 adeoque
1206 2684 1252 2729 res
1270 2668 1362 2746 priori
1380 2666 1506 2731 dominc

428 2772 496 2828 stat.
511 2768 589 2844 Ergo
600 2766 665 2827 sine
676 2768 874 2846 acceptatione
884 2766 1051 2827 dominium
1064 2768 1190 2828 minime
1204 2768 1389 2829 transfertur.

469 2869 617 2945 lamvero,
630 2869 774 2946 quoniam
786 2867 829 2928 rei
847 2867 988 2928 alienatio
1003 2868 1182 2946 supponitur
1190 2885 1255 2930 esse
1269 2868 1437 2930 voluntaria
1447 2887 1504 2932 seu

428 2965 536 3042 libera,
562 2965 654 3030 libere
675 2965 811 3029 alienans
829 2972 924 3050 potest
943 2983 1090 3047 apponere
1114 2967 1286 3040 alienationi
1309 2985 1505 3048 quascunque

427 3065 498 3146 sciit
511 3064 706 3128 conditiones.
723 3069 835 3145 ltaque,
851 3068 876 3129 si
887 3085 978 3128 suum
999 3068 1030 3128 in
1044 3085 1109 3128 rem
1126 3065 1260 3145 aliquam
1270 3071 1322 3147 jus
1336 3067 1421 3129 cedat
1432 3066 1505 3130 'cum

426 3165 597 3228 conditione
616 3166 770 3228 obtinendi
792 3169 823 3227 in
843 3169 935 3228 aliam
950 3183 1014 3228 rem
1024 3169 1094 3244 jura
1113 3167 1197 3227 illius
1209 3183 1280 3228 cum
1302 3185 1362 3244 quo
1375 3169 1506 3246 pacisci·

426 3273 488 3343 tur,
502 3272 676 3329 contractus
685 3270 739 3329 iste
753 3267 862 3328 dicitur
873 3266 1037 3328 bilaterad'a
1052 3275 1115 3345 .··at,
1132 3269 1157 3328 si
1171 3271 1325 3345 jussuum
1338 3269 1423 3330 cedat
1437 3271 1504 3331 sine

426 3366 595 3427 conditione
615 3368 864 3446 compensationis
881 3367 977 3428 ullius
992 3367 1116 3429 lucrosae
1137 3367 1316 3445 obtinendae,
1335 3375 1504 3431 contractus

426 3463 759 3527 uuilateralirvccatur.
1430 3489 1435 3496 ’

462 3565 535 3629 787.
557 3569 744 3629 0111111.-
758 3563 966 3647 Compensatio
988 3567 1105 3630 lucrosa
1121 3574 1164 3629 est
1183 3585 1217 3629 ea
1238 3584 1306 3646 quae
1324 3567 1361 3629 fit
1379 3586 1433 3648 per
1453 3587 1504 3632 res

422 3681 490 3743 quae
512 3668 607 3746 pretio
622 3673 765 3753 reneunt.
788 3669 927 3729 lamverc
941 3668 972 3728 in
985 3675 1137 3729 contractu
1149 3669 1257 3746 quovis
1270 3668 1455 3749 uuilaterali,
1470 3671 1504 3731 in

424 3778 486 3843 quo
497 3769 700 3846 compensatio
714 3768 863 3846 ejusmodi
876 3769 995 3830 lucrosa
1009 3769 1095 3830 nulla
1109 3769 1154 3845 fit,
1169 3769 1229 3830 alia
1248 3771 1504 3849 compensationis

425 3865 564 3929 officiosae
585 3886 639 3930 scu
660 3869 735 3948 grati
754 3871 847 3931 animi
864 3871 1008 3947 obligatio
1024 3861 1165 3948 succedit,
1181 3887 1249 3947 quae
1265 3887 1282 3930 a
1292 3867 1417 3948 justitia
1435 3869 1504 3949 lege

424 3965 568 4029 dimanat.
596 3969 664 4031 llaec
683 3971 805 4048 quidem
830 3971 976 4048 obligatio
994 3971 1097 4030 minus
1118 3972 1218 4030 stricta
1237 3975 1299 4045 cst,
1324 3971 1395 4049 quia
1414 3971 1504 4033 nulla

424 4065 505 4129 clara
517 4071 666 4148 proportio
679 4071 853 4149 quantitatis
866 4072 898 4131 in
912 4069 981 4131 dcto
995 4079 1025 4132 et
1038 4069 1203 4151 accipiendo
1221 4071 1299 4132 inter
1316 4068 1505 4133 contrahen-

423 4171 469 4228 tes
483 4167 575 4231 adest.
598 4172 663 4232 Non
676 4167 776 4233 tamen
798 4172 939 4234 idcircoa
959 4170 1009 4233 tali
1026 4177 1176 4233 contractu
1197 4167 1384 4252 reciproeitas
1401 4173 1504 4235 omnis

424 4267 529 4331 abesse
542 4271 675 4351 putanda
685 4279 739 4333 est.
762 4273 914 4335 Naturalis
927 4275 1038 4354 quippe
1051 4273 1211 4356 homin-um
1226 4273 1382 4352 nqrralitas
1398 4279 1505 4354 postu·

425 4368 479 4445 lat,
495 4376 529 4431 ut
541 4359 672 4434 inomni
686 4372 821 4435 humana
834 4375 978 4436 relatione
991 4376 1101 4455 paritas
1112 4374 1250 4454 quadam
1264 4375 1343 4434 inter
1354 4373 1459 4435 datum
1472 4383 1504 4437 et

423 4466 576 4551 acceptum
596 4480 738 4536 serretur.
759 4475 863 4549 Quum
887 4477 979 4554 igitur
1000 4473 1188 4536 collateralis
1207 4473 1270 4536 11111
1291 4474 1502 4536 contractuum
1620 4509 1621 4538 l

306 4614 311 4622 1
421 4571 536 4649 species
549 4571 668 4650 dicitur,
684 4574 747 4636 11111
756 4579 855 4634 unitas
867 4580 977 4654 spectat
988 4573 1154 4636 humanam
1166 4575 1347 4636 veluntatem
1356 4575 1419 4651 juri
1430 4591 1500 4654 pro·

417 4672 486 4750 prin
496 4675 734 4750 renuntiantem,
756 4675 874 4736 nullam
897 4676 1123 4753 aequivalentem
1151 4693 1203 4755 per
1227 4677 1303 4737 bona
1326 4674 1501 4736 materialia

418 4775 687 4861 compensationem
715 4775 870 4854 exigendo.
898 4775 935 4846 At
956 4775 1113 4846 nicetiana
1143 4783 1325 4852 contractus,
1349 4775 1500 4862 complete
