3559 5675
480 783 542 844 stt
887 773 965 838 jusu
986 793 1146 840 uiroaaus

480 903 629 982 proposito
651 901 826 980 ‹lessactare;
850 899 955 960 litteris
976 899 1063 960 editis
1086 897 1124 958 ab
1148 901 1320 962 innocentio
1335 903 1370 962 xl
1388 903 1530 964 attician-

481 1003 535 1062 dro
551 1002 611 1062 l'lll
626 1019 717 1080 super
731 999 894 1082 praemissis
907 1013 939 1058 sa
953 1005 1123 1058 constanter
1136 999 1284 1061 inhaerere
1298 1009 1326 1061 et
1340 1001 1375 1062 ad
1390 1010 1530 1062 exueruun

477 1117 574 1178 usquc
597 1103 737 1178 spiritum
751 1099 955 1172 adhaesurum,
981 1105 1015 1156 ut
1034 1095 1192 1175 pontiuciae
1217 1101 1370 1176 potestatis
1391 1099 1530 1178 plenitudi-

477 1215 550 1260 nam
569 1197 716 1260 illibatam
734 1204 830 1258 servet
842 1217 873 1255 i.
889 1195 980 1270 Ergo,
994 1211 1029 1254 er
1051 1193 1218 1254 lnuocentii
1240 1199 1302 1276 llll,
1326 1201 1356 1260 S.
1379 1202 1424 1272 P,
1443 1201 1530 1276 serbis,

476 1314 581 1358 omnes
604 1297 697 1376 liqui
717 1295 788 1356 sotis
811 1293 887 1352 uotis
910 1293 1038 1354 comitiis
1056 1293 1267 1372 interfuerant,
1287 1305 1316 1358 ct
1331 1297 1373 1358 ibi
1389 1301 1472 1374 gustis
1484 1317 1531 1358 uc·

475 1399 532 1458 rito
546 1400 682 1459 assueta
696 1397 770 1458 Sede
785 1391 946 1474 reprobatis
959 1391 1114 1454 ullatenus
1128 1405 1329 1474 assenserant,
1347 1399 1458 1474 indigni
1469 1415 1532 1478 pror·

477 1515 530 1558 sus
552 1499 724 1576 episcopatu
743 1503 898 1555 evaserant
922 1499 951 1550 et
974 1491 1095 1570 publica
1115 1491 1180 1552 lube
1203 1499 1442 1558 maculabantur.
1463 1500 1532 1574 atqui

476 1598 596 1659 violatio
619 1599 786 1658 formarum
809 1595 1023 1655 canonicarum
1044 1608 1106 1653 non
1126 1603 1242 1671 poterat
1264 1601 1396 1676 prolecto
1417 1599 1493 1658 taleni
1507 1601 1533 1658 iis

476 1698 653 1756 bominibus
667 1697 766 1756 labem
788 1695 920 1769 inurere,
943 1699 977 1752 ut
999 1693 1172 1771 episcopatu
1187 1693 1305 1773 indigui
1326 1699 1365 1758 ob
1386 1715 1449 1759 sani
1461 1715 1532 1757 unuin

476 1813 600 1856 oausam
619 1799 758 1856 asancta
772 1791 847 1853 Sede
860 1791 1044 1852 haberentur
1052 1808 1062 1868 ;
1079 1795 1208 1855 maiiiue
1229 1813 1299 1857 varo
1322 1799 1353 1858 id
1366 1805 1472 1878 poterat
1483 1797 1533 1858 doc·

477 1897 557 1954 trina
578 1897 643 1974 ipsa
662 1893 882 1969 declarationis,
906 1899 941 1950 ut
953 1908 1022 1968 quaa
1038 1893 1204 1952 manifestae
1224 1895 1400 1957 rebellionis
1413 1899 1532 1974 principia

475 1995 619 2054 continet.
639 1995 730 2070 Ergo,
751 2007 850 2068 quum
863 1993 1056 2051 innocentius
1080 2009 1130 2052 eos
1154 1995 1234 2054 viros
1257 1997 1384 2056 damnat
1405 2001 1531 2073 mquam

479 2098 650 2172 episcopatu
664 2093 804 2168 indignos
817 2091 856 2152 ob
868 2109 904 2151 ca
918 2099 1001 2167 gesta
1010 2095 1076 2169 jani
1092 2095 1198 2154 merito
1211 2093 1380 2174 reprobato,
1395 2097 1531 2158 doctrinan

476 2209 574 2273 ipsam
599 2193 806 2253 declarationis
826 2193 920 2250 luisse
940 2191 1129 2269 reprobatam
1151 2195 1311 2270 significat,
1335 2203 1425 2272 atque
1447 2197 1531 2256 iterun

477 2299 541 2375 ipse
554 2297 588 2354 in
598 2295 647 2354 liis
660 2293 777 2355 clericis
791 2293 942 2369 reprobat.

518 2399 567 2454 12⁰
582 2395 754 2456 innocentio
766 2394 817 2452 llll
832 2395 864 2450 in
876 2393 982 2452 cadem
995 2389 1178 2453 allocutione
1194 2393 1274 2455 idem
1288 2403 1335 2456 est
1348 2395 1482 2457 inherere
1493 2399 1531 2455 in·

475 2497 643 2576 probationi
663 2496 730 2554 latas
744 2495 781 2553 ab
803 2493 976 2552 innocentio
992 2493 1028 2552 lll
1042 2497 1071 2551 et
1090 2491 1258 2554 llaiouuio
1273 2495 1339 2555 t‘tlt
1362 2503 1458 2556 contra
1473 2505 1532 2572 gasti

475 2603 638 2655 conventus
657 2594 798 2672 gallicani
809 2636 820 2666 ,
843 2601 873 2650 ct
899 2593 1055 2668 poutibciar
1080 2595 1230 2668 potcstatis
1252 2595 1468 2672 plenitudinum
1488 2595 1533 2652 illi·

475 2701 578 2754 batam
592 2711 722 2754 servare.
743 2695 835 2770 Atqui
848 2691 906 2750 boc
926 2693 1084 2750 iuaiiil'osto
1101 2693 1223 2770 indunt,
1239 2699 1316 2753 duos
1336 2715 1390 2756 cos
1404 2693 1530 2754 Pontinus

479 2796 589 2857 idcirco
609 2795 795 2872 improbasse
816 2791 985 2867 illapsus,
1007 2791 1078 2868 quia
1092 2791 1273 2869 plenitudini
1296 2797 1448 2873 potestatis
1460 2793 1531 2873 ponti·
1575 2797 1576 2800 ’

475 2900 548 2957 lida
563 2898 809 2971 adversabantur,
823 2894 945 2955 uiolatio
967 2900 1068 2953 autem
1087 2892 1150 2953 sola
1162 2894 1332 2954 formarum
1347 2898 1530 2957 canonicarum

477 2997 555 3056 uilul
573 3014 646 3057 sane
660 2996 840 3075 plenitudini
854 2994 950 3071 liujus
966 2994 1119 3071 potcstatis
1134 2992 1275 3067 detrabit,
1292 3004 1322 3054 at
1339 3000 1405 3057 sola
1424 2998 1529 3056 doctina

476 3098 685 3158 declarationis
707 3112 774 3157 cani
787 3098 1009 3174 plenitudinem
1033 3096 1183 3173 potcstatis
1205 3096 1332 3157 omniuo
1351 3100 1453 3157 aulcrt.
1474 3097 1530 3168 Euo

477 3214 516 3258 cx
530 3200 703 3258 innocentio
716 3198 781 3270 xli,
801 3198 831 3254 S.
852 3196 899 3267 P.,
919 3194 1097 3271 improbatio
1111 3196 1235 3255 illorum
1249 3204 1406 3271 gestorum
1429 3198 1479 3255 luit
1497 3212 1531 3271 pr

479 3300 634 3357 tissimum
650 3296 828 3375 improbatio
842 3294 984 3353 doctrinm
1005 3308 1037 3352 in
1048 3294 1246 3357 declaratione
1261 3308 1419 3357 contentu.

520 3402 569 3457 13ο
578 3400 665 3457 duno
678 3398 754 3455 1692
767 3398 847 3454 idern
859 3394 1049 3454 nmooautius
1059 3396 1123 3472 llll,
1135 3398 1274 3472 precibus
1285 3398 1417 3457 ducruin
1426 3398 1530 3456 l'rauco

481 3516 552 3558 runi
567 3499 784 3569 cardinalium,
798 3494 939 3555 Ludovici
954 3510 1034 3569 regis
1048 3498 1172 3555 nominc
1187 3511 1251 3555 reru
1268 3500 1433 3575 agentium,
1445 3502 1526 3559 nictus,

479 3597 606 3657 indulsit
617 3600 748 3672 undem,
763 3604 797 3655 ut
815 3597 917 3656 clerici
929 3596 967 3653 ad
980 3603 1185 3671 episcopatum
1205 3614 1223 3655 a
1242 3612 1313 3672 rege
1333 3598 1481 3672 designati,
1491 3606 1527 3667 pu

477 3704 548 3758 totu
567 3706 634 3756 scoto
652 3698 811 3758 couventui
826 3696 1035 3769 inurfueruit,
1056 3711 1230 3755 canonicam
1244 3700 1465 3757 iustitutionem
1476 3702 1529 3751 ouu-

479 3806 584 3861 nerent
610 3800 796 3859 retractando
820 3812 957 3874 expresse
980 3804 1009 3855 at
1033 3796 1202 3871 humiliter,
1225 3800 1314 3875 juxta
1340 3802 1487 3858 lormulain
1504 3804 1528 3847 ut

479 3900 746 3979 proscribendum,
776 3914 845 3976 qua
872 3902 906 3956 iu
931 3912 966 3957 eo
988 3903 1137 3956 conventu
1170 3908 1253 3974 gesta
1284 3902 1410 3960 luerent.
1438 3898 1466 3955 ln
1486 3906 1527 3967 qut

477 4000 610 4061 l'ormula
633 4002 655 4059 ii
678 4001 779 4061 clerici
806 3998 1013 4077 «profitentur
1040 4006 1070 4056 ct
1096 3996 1247 4058 declarant
1270 4016 1302 4059 sc
1325 4002 1495 4059 vehementer
1509 3998 1527 4047 et

478 4118 570 4179 supra
584 4116 674 4161 cinna
694 4102 725 4159 id
738 4097 819 4177 quod
832 4100 891 4159 dici
905 4100 1013 4177 potest,
1028 4112 1064 4157 ox
1079 4096 1166 4157 corda
1180 4098 1281 4159 dolere
1302 4101 1339 4161 de
1360 4100 1444 4160 rebus
1459 4092 1524 4171 gestu

479 4204 513 4261 iu
526 4218 561 4262 eo
574 4209 736 4276 conventu,
757 4216 825 4277 quae
850 4204 1022 4258 tunoccuuo
1046 4196 1110 4277 llll,
1132 4206 1167 4261 ut
1188 4206 1256 4279 ejus
1279 4200 1521 4263 predecessoribus,

480 4316 671 4378 summopere
689 4301 903 4379 displicuerant
916 4320 926 4375 5
941 4312 975 4358 uc
992 4302 1117 4377 proinde
1137 4300 1301 4377 declarant,
1315 4299 1454 4380 quidquid
1466 4296 1489 4355 in
1502 4308 1522 4348 eo

479 4407 619 4460 rosamo
630 4407 729 4460 contro
740 4398 964 4460 eccbricsrr'ccm
976 4405 1145 4477 potestator
1159 4412 1186 4459 et
1192 4398 1376 4483 pontificium
1396 4400 1520 4459 autoru-

482 4508 539 4559 tem
552 4507 697 4562 decretum
710 4505 822 4561 cenam
834 4500 942 4582 potuit,
958 4516 989 4561 sc
1002 4500 1113 4561 nabere
1130 4500 1340 4562 etliabcudum
1351 4516 1411 4563 esse
1426 4502 1520 4579 prtddl

482 4602 600 4662 decreto
615 4622 642 4664 i.
658 4634 698 4648 -
719 4602 801 4662 tlnde
822 4604 865 4662 sic
887 4602 1003 4662 eruitur
1024 4608 1260 4678 argumentum:
1283 4602 1358 4665 lllud
1376 4603 1410 4663 ab
1429 4597 1520 4659 naim

483 4700 536 4761 dro
551 4702 613 4763 vul
638 4702 839 4781 improbatum
852 4710 909 4779 est,
924 4700 1005 4781 quod
1024 4702 1074 4762 isti
1087 4702 1187 4764 clerici
1201 4704 1376 4783 poenitentes
1393 4698 1518 4778 agnuam

485 4816 679 4885 summopere
692 4800 881 4885 displicuisse
896 4802 1068 4866 innocentio
1081 4803 1133 4867 llll
1144 4806 1271 4887 ejusque
1283 4794 1516 4871 canussius
