3559 5675
490 686 551 747 bil
898 703 977 748 roan
998 701 1157 748 erroneus

492 806 640 867 toritatem
659 806 790 884 recipere
816 804 1004 869 decretorum
1027 807 1205 868 Pontificum
1219 808 1303 870 Sedis
1318 811 1446 874 Romana
1460 815 1520 892 (aps

489 903 646 967 coufirmat
656 901 705 965 ille
716 905 909 968 vehementer
920 907 1059 986 epistolas
1072 903 1236 972 decretales
1246 911 1440 976 Romanorum
1448 917 1524 976 Pouli-
1578 943 1579 980 l

491 1004 581 1066 ticum
603 1023 620 1064 a
641 1021 674 1064 se
692 1019 813 1082 prorsus
824 1007 928 1086 recipi,
944 1003 1008 1080 sed,
1023 1007 1101 1088 turpi
1114 1011 1247 1070 versutia
1269 1028 1353 1090 usus,
1372 1013 1431 1076 hec
1447 1017 1524 1076 stelin

489 1098 614 1163 subdit:
641 1094 728 1180 qliae
752 1098 956 1182 suscipiendas
971 1101 1037 1166 dieo
1050 1112 1080 1166 et
1103 1102 1212 1184 scribo,
1230 1115 1260 1170 et
1273 1127 1370 1174 sacros
1389 1121 1525 1176 uncorum

488 1197 685 1266 conciliorum
708 1217 839 1262 mnooes
856 1216 927 1264 cum
941 1203 1068 1266 decretis
1090 1199 1267 1286 lposrolieae
1282 1211 1367 1274 Sedis
1386 1229 1420 1274 er
1439 1213 1526 1274 delen

488 1297 654 1366 canonibus
667 1298 878 1382 promulgalis,
891 1309 922 1362 et
932 1300 1117 1384 recipiendos
1130 1312 1161 1366 sl
1173 1304 1383 1374 custodiendos
1393 1319 1421 1374 et
1431 1329 1527 1374 servu

488 1396 553 1478 dos,
569 1401 645 1461 sicut
657 1417 750 1480 supra
761 1393 887 1472 orandi,
899 1397 1038 1482 profiteor
1054 1427 1068 1457 ι
1085 1399 1141 1484 (ὁ).

529 1498 743 1579 Nequesolum
766 1501 871 1562 statuit
893 1503 1030 1584 pervicax
1052 1501 1144 1566 homo
1159 1499 1363 1570 Romanorum
1386 1512 1528 1572 Pondfieun

489 1602 605 1664 decreta
620 1599 663 1662 sio
682 1597 889 1663 tantummodo
912 1621 978 1664 esse
999 1601 1182 1684 accipienda,
1196 1607 1222 1667 si
1253 1624 1289 1670 ex
1312 1611 1468 1672 canonibus
1489 1611 1527 1672 sil'

486 1697 642 1762 irindicenl
662 1701 883 1775 auctoritatem,
906 1701 959 1765 sed
987 1719 1023 1764 aa
1042 1711 1113 1766 tunc
1137 1703 1238 1768 solum
1258 1709 1360 1772 valere
1376 1709 1529 1785 affirmati

488 1799 653 1881 privilegiis
675 1795 870 1879 coaluerint
887 1795 1020 1864 ecclesiis
1034 1805 1265 1884 particularibus
1288 1809 1409 1886 coliata,
1423 1826 1475 1872 uon
1491 1809 1529 1870 ad·

490 1906 655 1960 versentur.
667 1897 971 1980 «dinomarus,quod
983 1905 1069 1964 estin
1081 1899 1529 1988 arg'urnenloepistolaeabeodeu

488 1999 604 2078 scriptas
615 1990 652 2058 sd
666 1997 826 2079 Episcopos
839 1993 1019 2062 Rhemensis
1037 1999 1260 2084 provinciale),
1272 2009 1475 2090 utssEpisoopus
1486 2011 1527 2070 lle·

491 2095 686 2178 tropolilanus
698 2095 809 2160 indicat
817 2093 1014 2177 suffraganeis
1029 2092 1182 2184 Episcopis
1195 2123 1227 2166 se
1240 2123 1375 2188 suosque
1385 2109 1497 2190 capitula
1506 2125 1530 2168 u

491 2197 582 2258 sacris
592 2189 759 2260 canonibus
768 2193 1043 2264 collectaaloanne
1052 2199 1115 2264 t'lll
1127 2193 1204 2286 Papa
1213 2205 1252 2268 ad
1262 2209 1423 2292 Episcopos
1433 2211 1530 2272 land
1578 2243 1579 2248 κ

490 2297 587 2358 inissa
597 2297 767 2360 reverenter
778 2301 943 2380 suscipere,
958 2301 1011 2364 sed
1025 2319 1059 2365 ea
1079 2304 1262 2384 conditione,
1283 2316 1320 2370 ut
1334 2299 1530 2390 'lletropolitaois

489 2415 544 2459 sua
557 2399 681 2476 antiqua
685 2398 771 2476 jura,
782 2407 818 2460 ut
831 2399 964 2463 ecclesiis
975 2407 1075 2464 vetera
1083 2397 1242 2486 privilegia
1251 2399 1337 2472 salsa
1348 2418 1378 2474 et
1390 2412 1531 2474 nwnsusu

490 2503 692 2580 permaneant.
704 2519 720 2553 s

529 2595 631 2671 Quium
647 2603 748 2658 aulem
762 2595 888 2660 Carolus
902 2596 1012 2662 calvus
1020 2647 1030 2678 ,
1048 2591 1208 2671 lllncsnaro
1226 2611 1416 2688 connivente,
1437 2627 1532 2696 moon

493 2689 631 2775 lotharii,
641 2688 893 2776 liudovicolrujus
904 2695 967 2762 lilio
976 2697 1112 2784 spoliato,
1124 2711 1466 2790 peraperlaminjurian
1473 2727 1533 2772 ocn-

489 2798 598 2878 passel,
612 2793 838 2875 scripsissetque
850 2784 1021 2863 Hadrianus
1033 2812 1110 2885 papa
1129 2793 1155 2869 ll
1168 2805 1206 2871 sd
1220 2796 1420 2877 lllncmarunr
1432 2819 1534 2875 cento

491 2913 549 2974 que
572 2892 732 2975 Episcopos
744 2894 775 2956 in
788 2912 881 2975 regno
888 2892 988 2963 Caroli
1013 2892 1189 2969 constitutos
1202 2909 1279 2972 illud
1291 2912 1455 2987 inculcans,
1474 2910 1533 2987 ulli

490 2994 614 3059 sarolus
626 2994 830 3077 obtemperare
849 2994 919 3059 Sodi
938 3002 1113 3079 Apostolicss
1134 3018 1297 3089 recusaret,
1312 3014 1373 3093 ipsi
1390 3030 1421 3077 sa
1438 3013 1472 3073 al
1487 3014 1532 3091 eju
1578 3036 1579 3047 ι

489 3094 703 3157 communione
717 3096 921 3175 sejungerent,
935 3106 966 3161 el
975 3100 1032 3182 ipsi
1046 3104 1212 3185 alioquina
1228 3112 1305 3175 Sede
1318 3114 1481 3195 Apostolica
1494 3126 1532 3171 re
1578 3144 1579 3175 ;

491 3187 616 3275 pnendi,
633 3195 747 3257 nedum
755 3204 899 3277 precepto
912 3208 1030 3281 psrerel
1051 3207 1233 3291 apostolica,
1253 3212 1479 3279 sudanssiraan
1495 3226 1534 3271 ns
1578 3202 1579 3273 l

491 3294 594 3375 cripuit
610 3294 750 3355 Pontifici
758 3294 929 3373 epistolam,
950 3298 988 3360 iis
1006 3306 1159 3368 errorillus
1174 3310 1331 3389 refertam,
1347 3328 1423 3392 quos
1436 3308 1534 3394 pseudo-

491 3392 603 3473 politicl
623 3394 875 3471 comeqoentibus
897 3398 1017 3460 seculis
1041 3409 1071 3464 et
1093 3400 1233 3482 gallicani
1258 3428 1384 3474 summo
1406 3405 1533 3474 studiosi

491 3492 674 3569 pontificiam
696 3492 907 3556 declinandam
930 3502 1140 3567 auctoritatem
1164 3524 1316 3591 eampum.
1340 3515 1415 3587 Qum
1442 3508 1534 3589 quoru

490 3598 624 3651 muas
634 3592 1533 3684 nimmtstsaorssllsnsdspronsmseslnutrrsau

489 3699 559 3751 men
581 3690 847 3771 approbanr‚dnm
869 3702 906 3755 sa
928 3700 1082 3777 tamquam
1103 3706 1288 3784 sapientium
1305 3706 1386 3774 diae
1397 3712 1534 3785 eluto

488 3784 1438 3873 qusutlopaeroredargsitsauaauetaltuamsaiirlisessa
1447 3812 1533 3869 enon

491 3889 565 3950 tiam
581 3908 589 3947 :
607 3908 623 3946 ι
644 3894 741 3950 omne
761 3905 902 3968 regnum,
924 3895 968 3954 all
991 3892 1043 3958 ille
1066 3894 1119 3979 (r),
1143 3902 1232 3967 bellis
1252 3910 1411 3987 quantur,
1432 3900 1532 3973 sisois

492 3995 685 4069 propagatur,
695 3996 723 4049 er
732 4003 794 4049 non
803 3990 981 4070 apostolicis
994 3998 1043 4059 sel
1055 4000 1272 4083 Episcoporurn
1283 4004 1533 4075 mussantis

490 4088 580 4150 nibus
594 4089 756 4150 obtinetur.
769 4108 787 4145 a
803 4090 957 4154 lltilarurn
972 4094 1013 4177 (s)
1024 4112 1035 4158 c
1048 4116 1064 4157 a
1075 4103 1110 4163 Et
1122 4106 1214 4183 petite
1232 4106 1397 4171 Dominum
1412 4101 1531 4187 Apostoli.

490 4202 573 4258 cum,
597 4192 628 4247 st
640 4186 712 4265 quia
726 4184 787 4246 Rex
809 4192 839 4247 el
858 4186 1024 4275 Episcopus
1052 4201 1145 4265 simul
1169 4223 1235 4269 esse
1258 4225 1321 4271 non
1334 4212 1439 4291 polest,
1459 4194 1531 4266 etsui

491 4294 694 4348 antecessores
717 4283 951 4353 ccdesiastiouas
977 4296 1129 4379 ordinem,
1159 4306 1240 4383 quad
1262 4326 1357 4371 eccm
1371 4314 1427 4383 ast,
1449 4310 1531 4366 sss
1578 4320 1579 4323 ¹

492 4384 721 4463 rempublicam,
735 4384 816 4462 quod
829 4398 937 4464 regom
958 4400 1015 4471 est,
1034 4398 1259 4481 disponlemnl.
1280 4420 1296 4467 s
1325 4408 1439 4485 Quibus
1459 4398 1531 4463 vulis

521 4536 559 4601 (a)
576 4536 791 4601 Ilid.,aon.s'llt.
808 4550 835 4590 n.
847 4540 888 4593 ld.

489 4608 1528 4745 „pgffi-‹tlmse-usaa.‚u„.sa‚a.2=..s>1cau·.
