3559 5675
460 747 520 812 tib
873 763 953 812 ruem
972 763 1133 812 emunitus

459 883 521 946 qus
534 865 671 945 singulos
688 867 827 932 mulmis
838 866 962 928 camnis
976 865 1145 930 afficiendos
1156 865 1362 946 'aptissimum
1378 867 1458 942 Ergo,
1468 869 1513 926 cte.

500 969 533 1028 2·
548 967 719 1033 murdrum
739 965 962 1044 est'cnjuslibet
983 967 1123 1045 sophistes
1141 967 1346 1030 deliramentis
1369 969 1516 1046 permittere

459 1066 537 1129 illuri
550 1065 632 1145 quod
649 1066 846 1138 immutsbilie
860 1069 991 1134 reritstie
1010 1066 1127 1142 legibus
1143 1067 1455 1146 jam··ueterminnum
1472 1073 1515 1128 est

460 1166 548 1244 tiqui
556 1166 637 1245 quod
650 1167 764 1232 bonum
773 1174 802 1229 et
809 1171 926 1246 justum
941 1167 973 1228 in
985 1166 1090 1229 ordine
1103 1167 1222 1246 politico
1235 1173 1290 1242 est,
1301 1168 1466 1230 certissimis
1477 1183 1517 1226 re

459 1267 556 1328 ritrrtis
576 1266 695 1344 legibus
709 1263 776 1344 ism
794 1274 840 1330 est
858 1268 1065 1331 consitutum.
1085 1267 1204 1328 Etenim
1217 1283 1322 1330 rerum
1342 1267 1466 1330 bominis
1478 1265 1520 1326 bo

460 1383 537 1430 num
550 1368 583 1430 in
604 1369 743 1448 presenti
757 1369 816 1430 riu
830 1373 876 1430 est
896 1367 1011 1438 bonum
1028 1363 1190 1432 tmuium
1204 1365 1298 1444 (utu).
1327 1367 1465 1430 lloneetss
1479 1383 1518 1427 ru·

460 1473 521 1528 tem
541 1467 573 1531 in
591 1465 788 1530 relationibus
808 1466 970 1556 soeielibns
987 1467 1126 1530 universe
1145 1471 1275 1544 spentsts
1299 1465 1378 1530 nihil
1400 1465 1475 1528 eliud
1487 1473 1522 1528 est

454 1581 552 1642 quem
570 1561 818 1646 socialiqlustitis
837 1562 932 1641 (bt).
953 1567 1031 1642 Ergo
1050 1561 1165 1630 bonurn
1179 1565 1286 1630 scente
1302 1565 1334 1626 in
1346 1563 1521 1626 relationibus

460 1664 590 1742 politicis
610 1665 687 1724 nibil
711 1665 792 1726 aiiml
815 1670 861 1725 est
879 1680 972 1740 quam
992 1664 1111 1741 justitio
1135 1664 1169 1724 in
1189 1663 1293 1726 ordine
1317 1663 1445 1742 peloro,
1461 1663 1523 1724 sieut

460 1761 575 1824 bonum
591 1763 624 1824 in
642 1761 837 1826 mistionibus
849 1761 952 1824 ciricis
972 1757 1047 1826 nibil
1062 1759 1144 1824 eliud
1160 1766 1206 1820 cet
1218 1777 1310 1840 quem
1323 1761 1439 1838 justitie
1450 1761 1477 1822 in
1487 1776 1523 1818 or·
1583 1763 1584 1774 ¹

461 1860 532 1925 cirre
546 1859 652 1926 eirico.
669 1861 782 1938 lisque,
802 1859 878 1926 sicut
890 1859 1007 1936 justitia
1026 1860 1057 1920 in
1068 1859 1174 1926 ortline
1188 1860 1279 1932 cirino
1292 1857 1422 1938 postulet
1434 1867 1467 1920 ut
1480 1874 1525 1920 sm
1583 1941 1584 1958 χ

458 1961 530 2036 jure
551 1959 661 2036 cuique
684 1958 840 2020 individuo
862 1963 1019 2019 serventur
1040 1959 1168 2031 intente,
1190 1959 1231 2018 ite
1251 1959 1370 2036 justitie
1391 1959 1421 2020 in
1440 1957 1525 2020 ordine

460 2059 580 2139 politico
599 2059 726 2136 requirit
743 2065 779 2122 ut
795 2059 873 2122 inter
894 2075 1035 2138 personne
1048 2058 1183 2138 politicus
1201 2057 1271 2138 iurs
1288 2065 1317 2118 ct
1329 2057 1428 2120 officis
1443 2057 1525 2121 omnir

458 2159 607 2240 reciproce
626 2158 832 2221 observentur.
854 2160 947 2236 Atqm
961 2160 1080 2236 justitie
1100 2159 1132 2221 in
1153 2157 1258 2218 erolus
1277 2158 1399 2233 politico
1418 2173 1474 2220 nou
1491 2159 1525 2218 eet
1583 2157 1584 2160 ’

462 2257 593 2338 prolecto
609 2257 724 2336 aliquid
740 2259 781 2320 ita
794 2257 965 2322 abstrusum
980 2265 1010 2322 et
1020 2257 1217 2334 reconditum,
1232 2263 1266 2318 ut
1279 2273 1347 2322 eam
1363 2259 1528 2336 inquirentes

462 2357 613 2418 soe-iorum
630 2364 759 2431 menne,
770 2357 905 2436 sucoque
921 2349 1146 2434 etsvcluntitsq
1159 2363 1303 2438 perpetuo
1317 2357 1438 2420 incertis
1452 2355 1526 2418 bere

463 2473 496 2520 re
513 2456 658 2532 debemt3
683 2472 738 2518 nec
758 2455 960 2521 tnrrmirretu
974 2455 1126 2519 uitlicilior
1143 2455 1206 2518 ullo
1220 2463 1305 2536 pecto
1322 2463 1369 2518 est
1378 2454 1527 2534 justitium

463 2555 569 2620 ordine
587 2554 704 2634 politico
716 2571 809 2634 qutun
830 2556 862 2616 in
882 2555 1197 2619 cressementum
1218 2557 1329 2630 sutus,
1347 2573 1402 2616 seu
1424 2555 1528 2620 muium
1583 2595 1584 2632 p

462 2653 595 2734 politice,
617 2659 663 2714 est
677 2653 975 2730 succietioqumdam
1000 2652 1185 2732 particularis
1199 2653 1422 2726 uniuersalibus
1440 2653 1529 2714 hume

463 2752 566 2819 elutis
579 2759 609 2812 et
618 2749 743 2828 iustitie
758 2751 876 2832 legibus
888 2753 1040 2830 adsutum,
1056 2769 1117 2816 uon
1134 2770 1221 2819 tenus
1237 2769 1271 2818 su
1282 2753 1411 2816 mcisus
1423 2751 1527 2814 uirilis:

466 2860 495 2919 et
505 2850 616 2930 mosius
631 2848 795 2932 emturum
807 2869 870 2931 qun
884 2871 903 2915 e
916 2852 1059 2933 sophistis
1071 2852 1185 2931 sutus,
1200 2872 1254 2925 eeu
1274 2854 1395 2933 politica
1409 2854 1529 2923 ,societur
1583 2872 1584 2931 1

465 2949 658 3035 confingitur,
677 2958 738 3014 mm
759 2951 909 3014 absurdus
932 2958 987 3025 est,
1008 2970 1102 3031 quem
1120 2953 1333 3031 commentitie
1356 2952 1530 3032 hypotheses,
1583 2948 1584 3007 i

465 3050 576 3132 quibus
589 3051 729 3125 cumulem
741 3050 787 3113 illi
796 3050 925 3118 fundere
936 3050 1057 3117 emnem
1069 3050 1161 3131 (libi,
1175 3060 1205 3117 et
1215 3052 1329 3129 quibus
1340 3054 1448 3117 soeisle
1457 3066 1531 3113 omne
1583 3030 1584 3057 ¹

462 3152 517 3232 ins
529 3150 701 3215 etoiiiciurn
715 3165 837 3231 prorem
849 3153 1001 3223 esuritur.
1020 3154 1097 3230 Ergo
1109 3152 1220 3221 lelium
1234 3159 1279 3217 ost
1293 3154 1451 3231 opiniones
1463 3152 1496 3215 de
1508 3164 1531 3211 re

467 3250 589 3327 politice
600 3267 665 3313 esse
676 3249 801 3330 liberas3
815 3258 887 3312 sunt
899 3250 979 3312 eninr
995 3252 1126 3326 ueritatis
1135 3251 1253 3329 legibus
1266 3251 1406 3315 obnoxiis
1417 3268 1425 3313 r
1438 3252 1531 3313 lrlsrm

466 3356 515 3421 est
526 3350 655 3414 liberem
667 3366 732 3413 esse
749 3353 897 3430 seriusque
917 3349 1069 3431 loquelam
1089 3351 1121 3415 in
1135 3368 1169 3421 re
1186 3352 1321 3430 politinsq
1337 3352 1410 3427 quia
1433 3347 1533 3427 loquele
1583 3402 1584 3407 ,

470 3450 641 3537 debetcum
660 3458 761 3522 mente
781 3453 898 3515 reritsti
913 3450 1097 3529 obsequente
1111 3453 1291 3519 consentire.
1306 3454 1396 3529 Ergo.
1413 3458 1465 3527 ete.

512 3551 600 3611 1028.
617 3550 782 3631 Pusilli&
798 3582 837 3607 -.
855 3548 945 3611 ilatio
958 3548 1060 3615 Status
1077 3550 1161 3627 licite
1179 3552 1338 3628 uniceest,
1353 3552 1532 3628 scilicetjus·

471 3649 533 3713 titis
546 3648 585 3711 sd
598 3649 734 3716 ominem
750 3650 905 3733 politicum
925 3652 1079 3731 eppllusts.

513 3746 869 3809 uror-limosum
880 3750 1049 3827 appellstm
1060 3750 1136 3811 ratio
1148 3755 1370 3829 propterquam
1383 3756 1534 3824 cerisque

472 3848 543 3920 clem
555 3865 603 3910 res
617 3848 748 3931 publica,
764 3847 945 3924 eeuStotne,
959 3848 1050 3913 telem
1064 3849 1293 3914 nenrmimum
1303 3849 1432 3913 iormnm
1444 3846 1535 3919 bebere

472 3964 506 4022 su
516 3955 595 4034 certe
607 3949 745 4029 quedem
760 3948 859 4013 merlis
872 3948 1134 4019 submersionem
1147 3948 1184 4011 sd
1199 3965 1265 4011 sese
1278 3948 1535 4012 mmsrvsurlsnu

472 4050 691 4129 perficientium.
706 4052 784 4132 Ergo
795 4049 980 4118 retioststus
993 4049 1081 4114 debet
1092 4065 1157 4111 esse
1171 4048 1306 4113 medium
1319 4048 1535 4127 quoddamque

471 4150 621 4217 meierum
641 4157 757 4221 mentes
774 4167 808 4213 ec
829 4150 998 4213 uoluntates
1017 4152 1242 4229 conjungantur
1261 4148 1297 4225 ecl
1316 4149 1405 4211 talem
1426 4150 1534 4209 tormen

474 4249 625 4329 politicam
638 4256 667 4313 et
685 4250 758 4313 telin
774 4250 874 4316 medis
890 4249 1030 4315 rolende
1047 4251 1108 4315 Nisi
1127 4251 1210 4313 euim
1224 4249 1280 4313 boe
1293 4248 1382 4314 moto
1394 4252 1502 4309 mentes
1511 4256 1536 4303 u

474 4348 644 4429 voluntates
658 4352 813 4415 sociorum
834 4354 1070 4429 conjungentur,
1093 4350 1290 4431 impossibilis
1310 4348 1437 4413 eflicitur
1452 4340 1535 4419 enuit

476 4446 577 4518 Stetere
601 4468 656 4518 sen
684 4451 803 4533 politice
828 4452 994 4517 associatio.
1023 4450 1122 4513 Status
1147 4451 1230 4521 enim
1257 4450 1392 4511 consistit
1413 4448 1446 4507 in
1468 4456 1536 4504 metr

476 4551 551 4613 tium
566 4568 601 4615 ec
613 4552 802 4616 voluntatum
814 4552 1027 4631 conjunctione
1044 4550 1100 4613 sub
1122 4550 1212 4615 certis
1225 4548 1330 4613 lormis
1342 4564 1360 4609 e
1370 4550 1439 4626 jure
1452 4544 1535 4607 deter-

476 4648 598 4717 minutis
625 4650 722 4730 (472).
744 4651 833 4731 Atqui
858 4653 950 4717 unies
970 4668 1024 4713 srs
1044 4649 1245 4713 mentium-ec
1265 4648 1449 4709 voluntatum
1474 4658 1533 4705 cou-

473 4752 698 4839 jungendorum
714 4760 772 4831 est,
784 4759 938 4817 certemet
953 4752 1138 4843 perspicuum
1154 4748 1379 4815 illicientium
1392 4745 1532 4813 exhibent
