3559 5675
559 750 666 799 sunus.
687 768 727 781 -·
748 750 830 797 erese
852 750 983 796 nectuus.
1261 730 1320 793 tls

299 850 380 912 luca.
392 882 433 895 -
447 850 562 912 Utilitas
574 852 719 931 quapiam
729 850 842 931 duplici
854 852 942 913 ruodo
953 858 1048 931 potest
1058 850 1191 913 societati
1204 848 1316 922 afferri,

267 952 390 1011 directeet
400 950 552 1011 indirecte.
565 953 694 1029 Etenim,
705 970 801 1029 quum
812 952 935 1035 societas
945 952 1226 1019 sitmoraliteruna,
1236 948 1316 1027 quod

266 1050 356 1109 directe
367 1052 396 1109 in
410 1051 602 1111 commodum
613 1058 760 1112 certorum
777 1052 1001 1113 individuorum
1017 1053 1061 1123 nt,
1078 1050 1154 1112 illud
1174 1048 1316 1111 simulati

265 1164 433 1209 corrrmunem
452 1138 610 1210 utilitatem
630 1151 771 1213 indirecte
785 1152 948 1228 redundat3
963 1156 1003 1224 et,
1017 1170 1033 1212 e
1052 1150 1216 1225 contrario,
1230 1148 1318 1226 quid·

264 1248 321 1325 qtdd
335 1248 439 1309 directe
457 1248 494 1309 ad
517 1266 707 1335 communem
728 1252 886 1311 utilitatem
905 1250 1007 1326 tit,'ed
1023 1250 1212 1328 singulorum
1226 1248 1317 1309 etiam

264 1348 464 1409 individuorum
480 1350 673 1409 commodum
693 1350 834 1411 indirecte
847 1350 960 1410 retluit.
976 1352 1013 1410 nt
1027 1349 1245 1425 maguotame'n
1259 1346 1318 1406 dis·

263 1448 367 1507 crimine
383 1448 462 1509 binae
480 1450 543 1508 istae
562 1450 669 1526 agendi
684 1451 814 1510 rationes
833 1456 1018 1529 separantur.
1037 1450 1112 1510 Nam
1126 1449 1239 1508 bonum
1256 1462 1317 1524 quo

262 1546 351 1607 directe
364 1551 565 1609 coturnunitas
579 1548 718 1624 afficitur,
734 1552 765 1611 in
781 1552 883 1612 omnia
898 1557 927 1612 et
945 1550 1066 1627 singula
1086 1550 1169 1609 illius
1182 1548 1318 1607 membra

262 1650 337 1723 uptiis
357 1650 597 1727 proportionibus
624 1668 677 1711 sua
692 1660 796 1729 sponte
818 1652 1029 1712 distribuitur:
1053 1658 1083 1710 at
1101 1650 1215 1711 bouum
1236 1645 1316 1725 quod

261 1750 330 1806 cerlis
345 1750 507 1809 individuis
519 1750 629 1827 directe
640 1748 772 1825 affertur,
793 1754 824 1811 in
838 1752 897 1813 alia
911 1750 1067 1812 individua
1077 1748 1318 1829 proportionibus

262 1848 338 1922 uagis
350 1864 381 1908 ac
392 1851 492 1927 magis
506 1848 747 1911 decrescentibus
767 1853 911 1928 pervenit.
929 1852 1018 1928 Atqui
1030 1850 1102 1927 ordo
1113 1848 1235 1927 Justitia
1246 1864 1317 1927 pos-

261 1946 331 2019 tulat,
351 1955 384 2007 ut
404 1948 516 2008 tributa
530 1949 566 2008 iis
585 1950 776 2028 potissimum
797 1940 1001 2029 imponantur,
1023 1950 1134 2027 quibus
1153 1948 1316 2026 praesertim

261 2044 326 2105 utilia
335 2044 432 2106 itrtura
444 2049 517 2119 sint,
535 2053 661 2123 servata,
675 2058 824 2125 quantum
836 2048 899 2110 lieri
913 2054 1020 2127 potest,
1030 2064 1117 2125 aequa
1127 2046 1317 2126 proportione

261 2142 322 2201 inter
337 2162 412 2205 onus
426 2145 538 2223 urique
559 2146 731 2225 impositum
753 2156 842 2225 atque
860 2148 1019 2209 utilitatem
1034 2148 1073 2207 ab
1087 2146 1141 2207 illo
1154 2145 1317 2224 percipien-

260 2239 323 2301 dam.
338 2244 423 2320 Ergo
437 2252 496 2305 etc.

294 2344 368 2403 tous.
382 2346 448 2404 Pus,
466 2346 551 2407 5382.
568 2349 631 2407 Lux
642 2346 684 2405 4¹.
707 2378 737 2391 -
752 2348 874 2407 Tributa
889 2348 931 2406 ita
943 2344 1124 2425 imponenda
1136 2348 1218 2412 sunt,
1235 2348 1268 2404 ut
1281 2358 1317 2402 ea

261 2456 394 2517 nunquam
407 2462 546 2505 summas
561 2446 702 2523 capitales
716 2444 765 2507 sed
778 2446 857 2505 solos
867 2444 1002 2505 redditus
1012 2444 1152 2505 afficiant.

291 2540 372 2601 isos.
391 2574 427 2587 -
440 2542 564 2602 Tribu'ta
575 2542 610 2602 ad
627 2549 764 2621 sumptus
780 2542 1010 2622 improductivos
1025 2540 1126 2620 (tout)
1140 2544 1243 2618 suapte
1256 2554 1315 2599 ua·

260 2642 309 2697 tura
320 2640 523 2701 conteruntur.
534 2644 621 2717 Ergo,
636 2643 662 2701 si
673 2642 725 2701 illa
736 2660 870 2703 summas
884 2642 1023 2720 capitales
1036 2640 1176 2717 alliciant,
1192 2638 1317 2699 sociales

259 2736 348 2799 divitia·
365 2740 395 2800 in
411 2749 553 2820 sumptus
568 2743 801 2820 improduetis'os
824 2746 960 2819 abibunt,
976 2744 1109 2819 adeoque
1129 2741 1182 2802 has
1197 2740 1316 2801 divitias

260 2837 382 2914 patulatim
402 2843 548 2902 imminui
573 2859 691 2904 necesse
718 2843 785 2917 erit,
808 2843 887 2921 quod
910 2845 1047 2922 potestati
1070 2843 1227 2903 executivae
1244 2840 1316 2900 dili·

259 2943 342 3008 gentar
357 2941 527 3002 cavendum
544 2957 608 3002 esse
625 2943 690 3018 jam
705 2941 835 3001 vidimus
852 2941 966 3019 (1091).
983 2944 1060 3016 Ergo
1080 2947 1134 3000 etc.

292 3039 367 3100 1099.
384 3041 519 3102 tonost.
539 3043 580 3086 -f-
598 3041 693 3102 Facile
712 3042 800 3101 multi
814 3041 863 3102 hic
881 3059 958 3100 vana
976 3042 1108 3100 veritatis
1128 3041 1225 3118 speeie
1239 3037 1317 3098 deei-

259 3137 375 3214 piuntur,
387 3141 595 3201 existimantes
608 3141 730 3200 nullum
747 3141 875 3201 societati
891 3135 926 3200 eft
946 3139 1067 3200 tributis
1076 3139 1316 3215 quantiscunque

259 3231 385 3298 damnum
405 3241 574 3318 provenire.
591 3241 680 3300 modo
692 3241 754 3300 base
771 3239 849 3318 apud
862 3239 999 3300 eamdem
1015 3239 1183 3299 societatem
1198 3239 1316 3315 impen-

259 3332 359 3398 dantur.
375 3344 450 3400 Nam
460 3339 1049 3418 potestasexsecutita,inquiuntilli,per
1057 3337 1237 3415 multiplices
1246 3351 1316 3396 suos

259 3443 378 3514 sumptus
388 3441 483 3500 altera
495 3451 586 3500 manu
598 3440 695 3501 reddit
705 3439 826 3520 populo,
842 3439 921 3516 quod
937 3441 1028 3500 altera
1040 3455 1133 3498 manu
1146 3437 1183 3498 ab
1198 3437 1250 3498 illo
1264 3453 1317 3515 per

260 3533 486 3617 tributaaccepit.
503 3543 641 3601 Attamen
654 3557 723 3601 eum
737 3539 903 3617 veritateitl
922 3540 1047 3599 minit'ue
1067 3536 1223 3598 consentit.
1242 3537 1315 3595 Nam

259 3637 324 3706 quui
334 3638 422 3698 altera
435 3656 527 3699 uranu
539 3645 667 3718 potestas
679 3641 846 3700 exsecutiva
855 3639 1012 3716 impendit,
1025 3643 1118 3698 totum
1130 3637 1316 3696 abitinrner-

259 3745 296 3790 ces
306 3751 376 3810 quas
391 3738 443 3796 illa
458 3739 671 3815 improductive
681 3735 842 3799 consumit.
857 3741 936 3813 Ergo
946 3737 1024 3813 quod
1037 3737 1129 3796 altera
1143 3752 1236 3794 manu
1248 3749 1318 3793 anc-

261 3833 346 3894 toritas
357 3839 500 3914 percepit.
519 3845 562 3897 est
580 3854 657 3897 onus
670 3837 798 3898 subditis
815 3839 1003 3912 incumbens,
1019 3835 1098 3912 quod
1121 3835 1206 3894 nulls
1224 3835 1317 3898 ierme

261 3936 388 3994 ntateriali
405 3937 534 3996 utilitate
549 3945 701 4014 pensatur,
723 3937 772 3996 sed
790 3935 886 3996 solum
903 3951 937 3995 eo
956 3937 1034 3994 bono
1047 3934 1166 4004 morali,
1184 3933 1264 4012 quod
1286 3935 1317 3993 in

260 4027 325 4090 bona
334 4037 375 4094 rei
387 4037 516 4114 publicas
528 4035 785 4097 administratione
799 4036 942 4096 consistit.
954 4035 1043 4110 Ergo,
1051 4032 1243 4092 materialiter
1252 4049 1316 4092 rem

260 4133 414 4205 <perunna
426 4135 533 4194 tributa
544 4151 665 4213 prorsus
676 4142 895 4195 consumuntur
908 4150 942 4194 ac
951 4139 1094 4211 pereuntr
1107 4147 1140 4191 ac
1153 4137 1316 4210 propterea,

260 4229 280 4284 si
294 4247 323 4290 er
337 4233 510 4312 capitalibus
524 4237 652 4297 summis
667 4235 874 4308 educerentur,
891 4233 1030 4313 capitales
1044 4233 1113 4311 ipsae
1128 4247 1267 4308 summa,
1285 4231 1317 4290 in

260 4329 357 4401 utribus
377 4341 404 4394 et
424 4335 548 4394 sociales
566 4343 594 4395 et
612 4337 733 4414 privatae
756 4353 825 4415 opes
844 4331 949 4396 omne's
967 4335 1070 4414 positas
1087 4338 1174 4406 sunt,
1194 4331 1316 4392 tandmu

261 4425 415 4494 tlefioerent.
1257 4427 1261 4435 ’

296 4531 376 4594 ilco,
398 4539 465 4597 los.
489 4537 571 4597 5392.
593 4539 664 4599 bsx.
686 4535 727 4597 5⁰.
750 4571 789 4581 -
808 4537 999 4598 'tributorum
1021 4534 1155 4596 collectio
1171 4533 1267 4595 facilis
1290 4540 1319 4594 et

262 4643 341 4702 uuam
355 4637 478 4696 minime
492 4643 668 4715 sumptuosa
682 4655 745 4699 esse
757 4637 853 4698 debet.

297 4731 381 4794 Paos.
404 4767 443 4782 -
459 4737 570 4798 Unicus
593 4737 771 4798 tributorum
793 4737 862 4797 frtris
888 4745 932 4798 est
952 4737 1117 4798 atteteritati
1137 4733 1316 4813 gubernanti
