3559 5675
573 772 682 817 suunt.
709 786 745 801 -·
765 772 849 818 trssn
870 768 1001 817 urrisun.
1269 750 1328 815 cte

264 892 317 955 quc
329 875 458 957 impositi
469 878 625 959 proportio,
636 880 667 937 et
677 894 696 938 a
706 877 822 938 viribus
835 878 949 937 iltiuss
964 892 1025 953 quo
1036 872 1216 955 portandum
1230 879 1286 949 est,
1299 878 1329 936 et

265 976 299 1036 rb
310 974 437 1046 aliorum
456 992 582 1037 onerum
598 978 664 1053 jem
681 976 779 1037 eidem
801 976 1010 1055 impositorum
1025 976 1188 1053 quantitate
1207 974 1328 1053 pendet,

266 1075 393 1135 idcircoa
406 1075 528 1135 militari
541 1075 757 1154 conscriptione
766 1077 837 1151 J'urc
846 1092 881 1137 cc
893 1076 1000 1137 merito
1014 1077 1183 1136 eximentur
1197 1078 1262 1133 tum
1274 1073 1329 1151 qui

263 1174 320 1249 ism
335 1174 401 1233 atiis
413 1172 591 1235 muneribus
603 1174 647 1235 rei
663 1175 791 1253 publice
802 1175 948 1250 serviunt,
965 1181 1029 1235 tunr
1040 1176 1092 1251 qui
1104 1174 1148 1235 rei
1162 1174 1331 1237 domestice

267 1274 380 1334 unicum
393 1276 426 1335 in
437 1292 494 1335 eun
506 1274 621 1335 inmitis
633 1274 806 1353 presidium
820 1282 902 1351 sunt,
916 1280 981 1335 tum
993 1276 1047 1352 qui
1060 1274 1096 1335 cd
1110 1273 1250 1335 militaris
1263 1274 1331 1341 rite

265 1371 423 1433 functiones
436 1375 529 1452 inepti
541 1390 664 1451 prorsus
677 1372 846 1434 videantur.

299 1476 355 1531 2⁰²¹
366 1476 421 1535 itei
434 1472 564 1553 publice
577 1474 709 1535 detonsio
725 1488 786 1533 non
806 1466 907 1533 sutum
925 1474 1055 1552 corporis
1068 1473 1183 1533 uiribus
1200 1473 1238 1534 ed
1252 1472 1332 1536 miii·

267 1570 329 1630 titur
337 1572 492 1647 adhibitio,
503 1571 555 1631 sed
565 1571 634 1651 eliis
644 1586 765 1649 quoque
775 1570 913 1649 pluribus
927 1571 1071 1632 subsidiis
1087 1571 1210 1648 indiget.
1230 1574 1334 1648 itaque

267 1670 377 1749 justitie
391 1672 439 1731 tex
450 1672 540 1748 jubet
548 1671 657 1731 borum
674 1669 879 1735 subsidiorum
893 1671 964 1748 plus
973 1671 1011 1731 ab
1025 1670 1087 1731 illis
1098 1671 1186 1731 sociis
1204 1671 1333 1747 exquiri,

268 1770 312 1845 qui
324 1770 453 1847 corporis
467 1770 547 1829 vires
559 1768 597 1827 ad
607 1784 800 1829 cnmmunem
814 1768 940 1829 tutelam
961 1769 1063 1829 minus
1076 1768 1238 1829 coniurent.

302 1870 355 1925 ³¹¹³
369 1869 447 1928 Sunt
459 1867 516 1944 qui
529 1868 701 1928 existimant
711 1868 826 1928 nemini
840 1866 1076 1947 permittendum
1091 1880 1168 1945 esse,
1181 1872 1242 1926 uta
1254 1865 1334 1925 mili·

270 1968 313 2041 tia,
333 1968 453 2029 bomine
466 1968 566 2029 valido
585 1975 713 2047 apioque
735 1970 828 2029 insui
849 1970 949 2030 iocum
967 1967 1100 2047 suffecto,
1124 1970 1189 2031 sese
1200 1969 1330 2029 eximet:

269 2066 310 2125 his
321 2069 399 2127 enirn
412 2068 653 2143 suffectionibus,
676 2070 761 2130 aiunt
777 2069 832 2147 ilii,
855 2070 1001 2130 exercitus
1013 2094 1016 2099 ·
1027 2069 1148 2148 optimis
1168 2084 1247 2148 stupe
1263 2068 1334 2129 duo

270 2168 369 2229 teribus
381 2187 415 2231 ec
428 2170 729 2248 praeioctisprivutur.
744 2173 783 2231 nt
793 2186 875 2246 vero,
887 2170 968 2247 quod
978 2169 1015 2229 ed
1025 2172 1078 2246 jue
1090 2170 1189 2249 ipsum
1201 2177 1230 2229 et
1241 2168 1334 2245 inqui·

270 2271 347 2325 tstcm
355 2269 474 2342 attinet,
488 2269 679 2329 menifestum
690 2275 746 2335 est,
757 2284 951 2345 nequaqnam
960 2284 1024 2329 esse
1032 2286 1103 2329 cum
1113 2268 1166 2345 qui
1176 2267 1332 2339 renitatur,

270 2362 302 2421 ui
317 2366 453 2427 mititiam
470 2367 650 2443 cogendum,
670 2368 788 2444 quoties
812 2366 891 2427 nlius
913 2368 958 2427 vir
979 2380 1064 2444 neque
1078 2364 1196 2425 validus
1215 2365 1248 2423 in
1267 2366 1333 2441 ejus

271 2462 357 2525 iocum
366 2468 529 2529 succedere
541 2468 1114 2549 uitroconseutit.Quodautemepectst
1125 2468 1332 2529 adreimiiitn-

271 2561 305 2622 rie
319 2565 492 2641 utilitatem,
520 2583 582 2629 uon
600 2567 703 2628 minus
720 2568 844 2629 evidens
855 2575 901 2629 est
919 2570 1003 2629 iilius
1025 2570 1121 2646 gratie
1143 2566 1333 2630 reflectiones

272 2663 535 2729 mititarerminirne
544 2673 609 2728 esse
618 2669 820 2745 respuendas:
836 2670 951 2743 t⁰Quie
966 2670 1079 2731 utilitas
1092 2686 1160 2746 quse
1170 2670 1332 2733 ersuiien-

275 2760 341 2823 tibus
351 2765 800 2845 obtinendneperatur,incertn
817 2774 848 2828 et
858 2786 926 2829 rare
937 2773 998 2844 est;
1009 2784 1071 2829 non
1084 2784 1188 2829 omnes
1199 2780 1331 2846 nemque

272 2865 415 2928 enitentes
436 2867 485 2926 illi
501 2867 574 2927 fient
593 2868 702 2944 egregii
726 2869 919 2930 centuriones
932 2883 967 2928 ec
981 2868 1053 2928 beili
1067 2868 1171 2944 duces3
1184 2868 1332 2930 damnum

272 2976 330 3023 tero
341 2967 540 3028 renitentibus
568 2965 707 3040 illatum,
735 2967 789 3026 ubi
807 2968 1033 3028 substitutiones
1054 2983 1157 3030 omnes
1183 2973 1331 3042 vetentur,

272 3075 372 3125 certum
384 3075 428 3128 est
445 3073 537 3144 etque
557 3065 747 3139 universale3
761 3071 796 3126 2⁰
809 3069 888 3140 Quis
901 3067 936 3127 ed
957 3067 1063 3128 altiora
1075 3081 1203 3144 qunque
1215 3065 1332 3128 militis

272 3173 381 3224 nurrcra
389 3164 660 3243 permultisemper
667 3165 778 3225 adsunt
787 3181 851 3225 sese
859 3166 939 3225 ultro
946 3163 1116 3238 offerentes,
1126 3173 1256 3240 quorum
1265 3162 1333 3240 pie-

273 3259 358 3338 tique,
381 3267 441 3326 nisi
470 3265 527 3324 hnc
550 3265 703 3326 occasione
723 3265 765 3325 rei
781 3265 922 3325 militaris
935 3265 1103 3326 exercende
1117 3265 1329 3338 excitarentur,

273 3359 413 3435 ingenium
426 3372 459 3426 et
472 3363 650 3424 industriam
663 3411 672 3435 ‚
687 3365 798 3442 quibus
814 3365 851 3426 ad
870 3365 948 3427 banc
962 3371 1057 3426 artem
1081 3364 1211 3443 pollent,
1227 3365 1286 3425 otio
1300 3370 1330 3425 et

272 3453 365 3523 inertis
376 3462 601 3542 consepeiirent.
614 3463 723 3524 Gontrs
745 3481 827 3540 veru,
849 3467 903 3542 qui
922 3466 1022 3526 animo
1035 3469 1138 3526 sunta
1157 3481 1189 3525 re
1210 3463 1332 3524 militari

273 3556 368 3636 meno,
395 3563 484 3625 nulle
500 3563 590 3625 etism
616 3563 728 3640 ingenii
752 3565 782 3624 vi
805 3564 842 3626 ed
868 3565 948 3626 banc
974 3572 1069 3626 artem
1094 3563 1332 3639 accommodate,

274 3660 506 3737 utplurimum,
529 3664 643 3739 vigent.
672 3663 715 3722 td
738 3680 815 3739 quse
840 3681 973 3742 nemque
998 3673 1075 3726 artes
1098 3666 1227 3746 quisque
1249 3667 1335 3742 aptus

275 3762 320 3832 tit,
338 3762 373 3821 ed
395 3763 518 3824 eusdem
541 3779 663 3840 quoqne
676 3770 791 3824 nature
803 3767 1002 3843 propensione
1016 3765 1120 3825 fertur.

308 3856 361 3915 4⁰⁸¹
376 3862 424 3924 vrb
437 3862 552 3922 beiiicn
564 3853 789 3923 stetus'sociaiis
804 3880 823 3924 e
836 3869 915 3924 statu
929 3864 1040 3922 uirium
1055 3864 1154 3923 cirion
1168 3869 1196 3922 et
1209 3861 1335 3941 petitione

276 3955 392 4020 melmin
404 3959 515 4022 differt.
535 3961 653 4022 Etenim
666 3962 742 4026 vires
755 3963 848 4024 civice
859 3970 890 4022 et
903 3962 1021 4040 politica
1036 3962 1100 4022 suis
1114 3961 1200 4036 iungi
1224 3977 1335 4023 mune-

276 4053 348 4117 ribus
360 4068 495 4138 possunt,
513 4061 590 4138 quin
605 4063 772 4124 soccietate
790 4065 840 4127 cui
866 4063 1021 4134 serviunt,
1046 4059 1148 4140 procui
1174 4057 1291 4133 abeunt,
1306 4067 1337 4120 st

278 4155 427 4234 quidquem
435 4161 472 4221 de
482 4162 551 4220 vitm
561 4161 658 4221 civilis
666 4162 845 4222 utilitatibus
856 4161 1029 4240 deperdunt.
1040 4162 1078 4221 itt
1093 4161 1139 4218 vie
1155 4157 1336 4231 beilics‚seu

279 4251 353 4314 nites
371 4260 485 4338 proprie
505 4257 615 4332 dictus,
641 4276 739 4336 quum
762 4262 912 4340 perpetuis
928 4258 1170 4336 ,migrationibus
1195 4255 1232 4316 ad
1262 4254 1336 4330 eliae

279 4347 396 4431 utiusque
411 4359 547 4436 regiones
557 4376 638 4438 serpe
649 4365 680 4420 et
693 4359 799 4437 lingua
809 4367 839 4421 et
859 4361 995 4429 moribus
1009 4365 1038 4419 et
1059 4359 1202 4436 religione
1216 4357 1273 4435 ipsi
1288 4366 1338 4416 e'x·

281 4451 382 4516 tineus
394 4460 547 4535 proticisci,
562 4459 664 4536 ibique
678 4460 926 4538 diu-quandoque
940 4461 1118 4522 commorari
1128 4457 1248 4534 debent,
1263 4455 1337 4518 dum

282 4545 311 4602 ui
329 4553 459 4616 militium
469 4557 682 4632 subscribitur,
703 4557 761 4619 hoc
779 4560 844 4636 ipso
866 4576 941 4638 pene
956 4559 1096 4620 omnibus
1108 4557 1242 4636 privatur
1254 4571 1337 4618 conr-

282 4647 364 4710 modis
380 4655 504 4718 ebcirili
529 4657 679 4731 socieute,
704 4658 740 4718 ad
761 4660 849 4734 cujus
863 4659 976 4723 bonum
1000 4658 1077 4719 vires
1099 4674 1171 4718 suas
1186 4657 1339 4731 vitamque

284 4738 364 4817 ipsam
384 4754 526 4830 insumit,
553 4759 806 4835 provenientibus.
835 4761 1023 4836 Quapropter
1049 4757 1151 4818 multis
1173 4755 1338 4816 rubonibus
