3559 5675
609 733 716 780 scus.
739 746 779 766 α-
800 731 885 778 ema
903 731 1007 782 sonus
1277 712 1342 788 'lat

310 853 343 908 ³¹·
354 845 387 906 in
403 843 510 908 ordina
525 837 687 901 universali
708 837 762 900 ilia
774 837 947 900 ssdstltutio
965 847 1010 901 est
1021 843 1154 905 socieuti
1168 860 1292 923 proruis
1309 846 1343 908 il·

270 947 357 1016 licite.
382 951 447 1006 tum
461 928 536 1022 quia
559 927 716 1005 cucm'ritas
739 937 856 1000 socialis
870 939 903 998 in
917 939 1023 1002 ordine
1041 943 1205 1004 universali
1219 961 1280 1006 non
1298 944 1345 1008 est

270 1047 429 1106 anctodtas
449 1049 622 1124 competent,
639 1037 750 1118 quippe
768 1055 836 1115 qno
848 1039 887 1099 ad
902 1040 1112 1117 particularem
1125 1055 1212 1104 suam
1223 1047 1346 1108 sociau-

271 1151 328 1206 tam
338 1142 542 1224 opimandam
555 1146 602 1201 est
626 1139 763 1212 limitata,
779 1127 844 1198 tum
864 1138 938 1215 qnia
955 1139 1106 1202 inordina
1124 1143 1346 1208 universalius·

270 1244 396 1306 latioues
409 1243 559 1317 cujusque
573 1237 652 1297 entis
661 1235 832 1298 immediate
842 1236 1008 1314 respiciunt
1020 1254 1197 1324 supremum
1211 1241 1347 1304 Ordina-

271 1350 363 1404 brun
376 1341 447 1415 (lib.·
455 1356 489 1413 rr,
502 1338 586 1414 1111),
600 1337 652 1414 qui
668 1337 705 1396 ab
730 1353 915 1414 unoquoque
929 1342 997 1398 eute
1010 1339 1102 1414 erigit
1119 1339 1346 1405 individualiter

272 1447 400 1504 suornm
414 1439 601 1500 decretorum
623 1436 859 1510 exsecutionem,
880 1443 911 1498 et
922 1435 960 1496 ab
974 1451 1158 1514 unoquoque
1167 1445 1262 1519 potest
1273 1457 1360 1522 prou,

271 1541 475 1619 portionalem
485 1535 729 1608 mdsiaetioucm,
741 1533 778 1602 ,si
795 1531 850 1592 illa
869 1532 1035 1612 violaverit,
1049 1533 1195 1598 oblinere
1209 1539 1287 1616 Ergo
1299 1557 1348 1603 so·

270 1641 362 1716 cistas
377 1643 459 1698 caret
471 1637 540 1713 J'ure
556 1633 638 1696 iliius
652 1633 873 1696 substitutionis
884 1633 1085 1696 admittenda.

308 1739 411 1798 mon.
429 1732 461 1792 2·
477 1749 563 1795 rans.
580 1765 620 1778 -
635 1733 668 1792 in
684 1732 788 1794 ordina
810 1733 913 1794 sociali
928 1734 1097 1819 praecipuus
1111 1748 1205 1813 ponae
1222 1737 1291 1798 linis
1304 1745 1351 1799 ert

272 1836 388 1898 damna
404 1833 642 1896 illaiaresaroire
655 1840 683 1894 et
697 1833 866 1894 societatem
878 1841 980 1895 contra
991 1834 1148 1896 interemit
1157 1837 1348 1914 praemunire.

271 1937 319 2010 tt,
334 1935 461 2012 quoties
475 1934 575 2010 agitur
588 1931 632 1994 de.
646 1931 824 1994 utilitatibus
834 1932 881 1996 rel
899 1931 1020 1994 damnis
1034 1923 1252 2008 materialibus,
1263 1939 1352 2015 ortis·

271 2051 331 2112 que
356 2034 441 2096 ridet
460 2034 601 2122 inscitus,
624 2033 705 2094 siout
722 2029 801 2094 alirn
814 2035 1035 2112 nunnunquc,
1049 2036 1209 2114 pecuniam
1223 2054 1288 2104 esse
1300 2055 1353 2118 ap.-
1370 2102 1372 2105 ,

273 2139 336 2194 tam
351 2132 389 2196 ad
401 2131 513 2194 damna
522 2133 587 2209 jam
604 2131 689 2192 illata
703 2131 889 2194 resarcienda
900 2137 932 2194 et
945 2132 982 2192 ad
993 2132 1098 2200 lutura
1109 2135 1221 2197 damna
1231 2137 1354 2216 propul÷

272 2232 382 2294 sanda.
415 2235 493 2308 Ergo
521 2234 552 2292 in
585 2230 641 2292 lroc
665 2232 814 2293 bonorum
841 2237 870 2292 et
894 2231 1077 2294 damnorum
1100 2250 1211 2310 ponere
1232 2237 1355 2314 sponsio

273 2333 513 2409 iunocentispro
526 2348 577 2391 reo
591 2329 670 2391 nulli
688 2329 819 2390 naturali
834 2329 893 2406 legi
903 2329 1090 2392 adversetur.
1107 2332 1232 2396 Nullum
1254 2341 1356 2412 prete

272 2449 324 2492 rea
335 2433 392 2509 jus
401 2447 438 2492 sa
451 2430 613 2509 sponsione
631 2430 777 2494 violatur·
795 2431 921 2510 Semper
934 2432 1017 2492 enim
1032 2437 1126 2510 potest
1141 2434 1198 2510 qui
1212 2434 1356 2494 innocens

274 2536 333 2604 cst,
367 2528 505 2604 minuam
524 2545 649 2590 suarum
671 2529 862 2604 ior-tuncrum
893 2537 1007 2608 partem
1028 2533 1125 2592 amico
1141 2530 1259 2592 aedera
1279 2533 1357 2609 sepo
1413 2549 1416 2553 ’

275 2629 446 2690 materialis
462 2629 615 2705 musmodi
626 2628 808 2690 damnorum
817 2631 1033 2710 compensatio,
1044 2647 1112 2709 quc
1122 2631 1162 2692 ab
1173 2631 1291 2692 insonte
1303 2647 1356 2712 pro

276 2733 367 2791 sonte
382 2729 446 2804 liat,
463 2729 746 2800 omuinoiicitaest.
824 2791 828 2796 ,

319 2835 421 2897 Potest
449 2837 554 2895 sutem
578 2829 760 2909 quandoque
787 2829 902 2893 eadem
918 2829 1120 2911 compensatio
1135 2831 1176 2893 ab
1199 2833 1358 2897 innocente

279 2935 346 2997 lieri
368 2932 528 3013 prunonio
550 2933 639 2993 etiam
662 2931 694 2993 in
709 2930 796 2991 bonis
816 2932 931 2991 externi
945 2930 1068 2991 horroris
1080 2937 1110 2991 et
1128 2931 1282 2998 libertatis.
1300 2932 1358 2993 ilo·

280 3053 350 3097 rum
372 3048 507 3110 namque
526 3032 673 3093 bonorum
695 3030 879 3107 imminutio,
894 3044 992 3107 quam
1008 3030 1079 3107 quis
1100 3045 1153 3107 pro
1167 3031 1360 3107 amiropae·

284 3152 384 3197 surus,
400 3135 451 3203 sit,
465 3136 567 3211 potest
589 3130 752 3208 aliquando
774 3146 838 3189 esse
857 3129 966 3194 idoneo
977 3130 1078 3191 mutio
1092 3129 1129 3189 ad
1146 3128 1295 3189 societatis
1314 3146 1361 3191 se·

282 3237 444 3299 cumulem
467 3238 569 3293 contra
591 3228 699 3313 delicta
720 3230 885 3297 efficaciter
901 3228 1124 3311 protegendam.
1151 3228 1211 3301 Qui
1234 3228 1359 3305 quidem

284 3339 409 3408 meone,
439 3350 493 3411 pro
520 3340 604 3393 sonte
631 3331 687 3413 sicv
700 3330 901 3413 satisfaciens,
930 3336 1026 3409 potest
1047 3329 1163 3391 bonore
1189 3334 1359 3393 exteranei

283 3437 373 3516 plena
405 3433 544 3495 libertate
571 3432 666 3508 hrdru
693 3431 740 3495 vsi
767 3431 932 3510 propinqui·
958 3430 1003 3491 rei
1029 3430 1120 3493 amici
1143 3430 1240 3507 magis
1270 3444 1358 3507 egere

283 3554 316 3599 ac
346 3536 446 3611 magis
474 3533 605 3611 gaudere
635 3550 728 3611 quam
758 3532 822 3593 suis
846 3531 974 3609 propriis
1007 3530 1120 3593 honore
1144 3544 1180 3591 ac
1210 3528 1357 3595 liberate.

284 3642 370 3717 drgo,
383 3644 441 3701 etc.
761 3688 766 3695 .

322 3738 396 3801 cn.
411 3738 478 3799 Pus.
503 3734 587 3797 lida
607 3766 644 3779 -
657 3734 716 3807 Qui
734 3732 960 3795 individualiter
973 3730 1116 3797 lucerius
1128 3734 1185 3805 eet,
1197 3734 1294 3809 potest
1307 3746 1358 3791 eo·

284 3839 400 3901 cialiter
413 3837 527 3915 puuirl,
541 3834 567 3895 si
581 3832 731 3895 socialiter
741 3832 908 3893 situoaius.
1315 3872 1329 3895 2

324 3942 418 4001 Paos.
438 3968 463 3981 -
495 3932 640 4009 Quaelibet
661 3931 784 3995 seuleus
798 3931 887 3991 babet
900 3930 1054 4009 proprium
1070 3944 1160 3987 snum
1174 3944 1251 4005 esse,
1271 3942 1358 3988 arram

287 4038 444 4118 propriam
465 4034 652 4103 unitatamet
664 4018 750 4092 ruant
766 4028 924 4107 proprium
938 4028 1082 4097 morulern'
1101 4026 1249 4099 actionem
1262 4024 1355 4103 (425).

285 4140 363 4213 Ergo
378 4139 486 4215 potest,
501 4142 650 4210 quaternus
665 4138 709 4191 est
725 4129 861 4203 societas,
875 4126 923 4189 cel
937 4125 1095 4206 praemium
1106 4124 1153 4183 vei
1168 4138 1288 4201 poenam
1297 4139 1360 4185 mee

285 4237 352 4297 reri.
365 4235 605 4295 Smlemsautcuc
615 4231 720 4306 nequit
728 4228 887 4307 prunriuur
895 4237 947 4287 eut
955 4240 1075 4302 porram
1085 4224 1181 4301 nisiiu
1192 4225 1359 4295 autumem·

287 4338 346 4397 bris
355 4334 480 4407 mereri,
493 4333 570 4393 siout
578 4346 666 4407 agere
680 4330 737 4413 uisi
750 4343 869 4407 persua
882 4325 1018 4386 membra
1033 4340 1093 4383 nou
1106 4328 1202 4402 potest
1216 4318 1308 4400 (llis).
1321 4317 1359 4396 Et

284 4436 421 4499 mulctati
435 4439 631 4511 cooperantur
645 4430 746 4489 omnia
760 4426 810 4488 iila
834 4426 971 4487 membra
981 4441 1048 4503 quas
1068 4424 1106 4485 ab
1121 4423 1243 4485 illiceat
1259 4422 1317 4483 line
1328 4425 1359 4486 el

284 4536 394 4603 mediis
426 4533 588 4595 extrinsece
612 4530 728 4607 agendo
743 4544 804 4589 uon
825 4525 969 4588 recedunt
992 4522 1083 4603 (427),
1109 4526 1186 4600 Ergo
1205 4520 1360 4600 quodlibet

285 4636 493 4711 individuum,
507 4632 587 4711 quud
599 4631 774 4693 neomeniis
783 4628 940 4707 ordrrsdam
951 4626 1117 4687 inustione
1129 4632 1158 4686 ct
1167 4624 1283 4686 aclibus
1294 4634 1359 4683 sess

288 4739 408 4821 publice
430 4750 491 4799 rron
505 4740 631 4813 coprem,
653 4732 814 4813 premium
835 4744 904 4791 cum
927 4726 984 4789 illa
1004 4726 1051 4788 rel
1071 4738 1190 4807 ponam
1215 4724 1358 4797 meretur,
