3559 5675
528 705 636 753 susus
661 724 694 737 -
721 702 805 752 mern
826 703 997 751 mantuus.
1239 690 1299 754 318

265 810 341 875 olm
353 812 453 891 maiali,
467 829 501 875 cr
513 812 609 875 solius
621 818 708 876 recte
727 812 854 875 rationis
873 811 994 891 legibus
1009 812 1216 891 considerato,
1229 830 1299 879 vere

264 916 287 971 et
296 909 431 974 efficaciter
446 912 609 975 conterunt.
1307 962 1309 969 ,

293 1013 322 1073 bt
332 1014 464 1091 quoniam
477 1013 551 1077 idea
564 1031 640 1095 pure
653 1014 816 1077 rationales
833 1020 905 1077 eunt
919 1020 1024 1097 suapte
1042 1025 1152 1079 natura
1164 1023 1301 1081 constan-

263 1118 328 1173 teset
337 1113 501 1192 uniformes,
526 1113 608 1177 unde
630 1114 664 1175 tit
685 1116 775 1177 etiam
796 1121 831 1175 ut
853 1115 985 1186 scientie
1007 1117 1129 1198 proprie
1146 1115 1231 1179 dictae
1248 1116 1301 1181 ob-

258 1215 350 1289 iectum
374 1214 451 1287 sint;
466 1221 621 1295 propterca
633 1214 751 1276 utilitas
769 1214 891 1295 politica
905 1232 1095 1295 nequaquam
1109 1233 1126 1277 a
1140 1217 1231 1278 variis
1244 1216 1300 1279 bo·

260 1314 353 1373 ninum
366 1313 473 1391 indole,
486 1314 718 1391 consuetudine,
742 1312 929 1387 educatione,
954 1314 1079 1379 libidine
1091 1316 1212 1397 pendet,
1226 1318 1305 1381 sicut

258 1413 589 1491 urimutilitasetvalor‚
612 1414 663 1477 sed
678 1432 715 1478 er
728 1415 953 1478 universalibus
964 1416 1120 1496 principiis
1142 1417 1304 1481 socialibus

258 1513 521 1579 eldebrminanda.
532 1518 680 1594 Attamen,
688 1534 784 1595 quum
793 1519 846 1597 jus
858 1533 949 1579 omne
959 1516 1114 1597 politicum
1123 1517 1160 1579 ad
1168 1516 1305 1581 ordinem

255 1612 359 1675 ciricum
371 1616 562 1678 emtuendum
582 1621 611 1678 et
632 1616 873 1679 confirmandum
887 1616 1084 1679 essentimitsr
1104 1624 1236 1697 spectare
1248 1614 1304 1679 da-

257 1712 310 1774 lert
321 1712 410 1795 (ilo),
424 1717 526 1795 aliqua
540 1733 659 1797 semper
670 1718 703 1778 in
710 1719 782 1794 iuro
790 1717 913 1804 politico
923 1716 1151 1779 determinando
1166 1716 1305 1781 habenda

254 1814 363 1876 stratio
374 1815 610 1878 individuallum
623 1804 803 1893 utilitatum,
813 1834 881 1897 quaa
897 1817 950 1880 illo
958 1820 1030 1896 jure
1044 1818 1174 1896 dirigiat
1185 1823 1304 1885 susten-

253 1912 411 1993 trridcbent,
428 1932 561 1995 qumque
575 1934 719 1995 magnum
732 1920 897 1997 saepissime
912 1920 945 1981 in
957 1919 1066 1981 studiis
1085 1925 1115 1979 et
1130 1917 1305 1999 propensio·

250 2010 321 2073 nibus
345 2015 552 2093 singularibus
570 2016 701 2078 maxime
717 2017 810 2078 variis
832 2024 1023 2079 momentum
1046 2016 1169 2080 habent.
1192 2020 1305 2101 Quam-

249 2109 331 2173 obrem
342 2115 450 2193 politici
468 2116 594 2178 dominii
603 2117 728 2195 juribus
739 2122 769 2177 et
779 2118 918 2182 universe
931 2119 983 2179 toti
1000 2118 1164 2197 etiamjuri
1176 2119 1307 2179 interna·

248 2209 422 2279 lionrlitento
443 2217 617 2279 amuratius
639 2223 670 2278 et
693 2213 805 2278 arctius
827 2216 877 2280 lex
895 2217 1061 2281 collisionis
1081 2218 1202 2295 jurium
1221 2216 1304 2295 (stt)

246 2311 397 2389 applicanda
413 2322 477 2395 est,
490 2320 605 2395 quanto
625 2316 753 2377 istorum
770 2316 891 2392 jurium
906 2316 1032 2379 materia
1048 2321 1094 2379 est
1114 2314 1301 2393 abstractior,

246 2411 359 2493 adeoque
372 2417 537 2481 scientifice
550 2418 650 2495 magis
661 2402 914 2479 determinabilis.

609 2625 815 2689 sustentus
835 2626 874 2687 ll.

241 2810 755 2883 commemoraremus
765 2812 923 2976 aaut
941 2812 1036 2878 meas
1049 2792 1214 2880 remearat
1223 2830 1306 2896 rpe-

688 2914 766 2978 aao·
819 2959 828 2978 .

271 3109 351 3173 11³7.
367 3112 559 3174 Nostrone.
574 3140 614 3156 -
634 3108 666 3172 si
679 3107 838 3188 specialem
850 3107 932 3184 juris
952 3107 1088 3185 gentium
1103 3109 1305 3172 tractationem

235 3211 476 3290 suscepissemus,
496 3209 714 3288 principiorum
727 3209 760 3269 in
772 3207 927 3288 superiore
941 3207 1036 3286 capite
1059 3211 1089 3296 et
1102 3207 1135 3267 in
1147 3206 1243 3289 hujus
1252 3224 1305 3270 ca-

233 3306 291 3384 pitis
301 3311 401 3389 primo
413 3308 545 3374 articulo
554 3311 622 3386 iam
634 3309 865 3370 constitutorum
879 3305 1039 3390 applicatio
1053 3307 1243 3388 particularis
1254 3307 1305 3372 bic

232 3403 449 3474 laciendeesset
462 3409 592 3489 singulis
613 3403 716 3470 rerum
738 3407 908 3488 speciebus,
928 3423 996 3487 qua
1016 3405 1055 3470 ad
1076 3424 1235 3472 commune
1247 3407 1306 3472 bo-

230 3518 296 3568 num
309 3517 441 3590 possum
451 3513 539 3591 juxta
550 3509 633 3585 leges
644 3508 756 3570 amoris
768 3505 1042 3570 internatioualiea
1064 3508 1185 3588 politica
1197 3511 1304 3589 cujus·

230 3611 432 3680 quaestionis
454 3610 627 3672 auctoritate
645 3607 790 3669 ordinari.
807 3610 845 3669 st
863 3624 970 3670 eorum
990 3625 1059 3687 qum
1073 3607 1138 3688 jam
1160 3609 1215 3671 lib.
1231 3610 1305 3676 xde

226 3689 400 3772 civilibuset
415 3709 546 3790 politicis
560 3707 691 3770 fortunis
714 3704 924 3782 disseruimus,
950 3701 1094 3786 pleraque
1113 3715 1242 3796 possunt
1253 3709 1304 3774 bie

226 3804 299 3868 laeili
311 3810 442 3889 negotio
457 3809 494 3871 ad
506 3806 666 3870 relationes
677 3805 923 3868 intemationales
935 3805 1088 3887 applicari.
1102 3809 1301 3890 Quapropter,

223 3923 258 3970 ne
278 3909 409 3990 longius
427 3909 462 3970 in
476 3909 526 3971 his
535 3907 787 3987 applicationibus
805 3904 1021 3986 persequendis
1042 3895 1245 3980 excurramus,
1261 3917 1304 3970 at·

224 4022 277 4084 que
287 4017 323 4071 ut
332 4027 449 4074 mmm
461 4013 560 4071 umen
569 4005 694 4085 aliquod
707 4006 881 4088 exemplum
895 4003 1066 4082 aderamus,
1079 4005 1222 4084 quoniam
1233 4007 1304 4084 jura

221 4115 247 4168 et
259 4111 359 4174 otiieia
371 4108 621 4172 intemationalia
632 4107 671 4168 ad
681 4113 829 4170 tenorum
844 4107 1015 4168 dominium
1029 4106 1193 4186 spectantia
1206 4105 1304 4168 multo

221 4209 456 4286 elaborarunt,
470 4207 720 4272 desolationibus
738 4205 1021 4270 internetionalibus
1039 4203 1078 4268 ed
1094 4205 1186 4268 maris
1203 4205 1302 4270 domi·

218 4312 301 4376 nium
314 4310 549 4393 pertinentibus
561 4309 757 4390 questiorm
767 4307 819 4370 bic
831 4308 1036 4372 instituemus.

254 4415 323 4476 buo
336 4413 518 4491 suntigitur
528 4409 608 4474 banc
620 4411 652 4472 in
664 4425 729 4474 rem
739 4407 937 4488 disputanda:
950 4411 1004 4470 l¹¹¹¹¹
1016 4425 1055 4470 an
1069 4424 1152 4470 mare
1165 4407 1260 4488 possit
1270 4409 1303 4470 in

215 4513 410 4593 cujusquam
424 4511 572 4576 individui
583 4510 630 4575 rel
644 4512 747 4593 populi
761 4509 972 4591 proprietatem
985 4508 1170 4572 exclusivam
1178 4507 1301 4590 cadere3

212 4619 436 4699 2¹¹·quisnam
458 4623 489 4681 et
508 4632 641 4699 monam
656 4615 747 4692 prodo
768 4614 865 4694 possit
884 4613 1071 4680 benemoria
1092 4614 1300 4714 proprietatem

212 4719 270 4780 ribi
284 4718 466 4804 acquirere.
