3559 5675
550 723 658 772 sum.
682 743 721 755 -
742 722 828 770 marr
849 721 1037 770 ouonscums.
1277 705 1334 769 cst

258 826 382 901 regalia
395 828 514 904 negotio
524 829 643 903 molari,
657 847 697 892 ne
710 829 829 890 hiscens
842 828 978 908 quidem,
993 828 1114 908 patitur,
1129 827 1193 909 ipse
1206 829 1259 906 qui
1275 848 1335 893 uno

258 924 354 986 verbo
369 943 483 1002 regem,
496 931 677 1007 ceteroquin
691 929 729 989 ad
743 926 919 1004 religionem
931 930 1129 1008 pietatemque
1142 947 1335 1008 propensum,

258 1033 378 1106 poterat
394 1029 559 1092 absterrere
575 1029 615 1110 (a)
628 1047 640 1108 ;
654 1033 816 1093 Summum
830 1031 1003 1091 Pontificem
1019 1029 1153 1090 Ecclesiae
1167 1032 1238 1108 jura
1250 1030 1338 1092 liber·

259 1134 414 1206 tatemque
433 1130 631 1192 francicarum
645 1132 838 1194 ecclesiarum
849 1147 885 1190 ea
899 1129 997 1191 officio
1015 1146 1070 1191 suo
1089 1135 1119 1190 et
1134 1148 1253 1190 summa
1270 1147 1339 1192 cum

259 1227 408 1288 modestia
426 1235 561 1289 tuentem
580 1235 700 1291 accusat
716 1229 876 1306 violentias,
895 1230 1080 1303 temeritatis,
1102 1228 1260 1289 calumnias
1280 1225 1339 1306 (d);

259 1326 296 1384 in
315 1332 434 1386 tantum
452 1329 647 1406 impudentiae
663 1330 757 1403 venit,
778 1333 812 1388 ut
831 1328 984 1389 decretum
1009 1327 1159 1390 pontificis
1174 1329 1292 1388 irritum
1311 1334 1340 1388 et

259 1437 383 1481 cassum
399 1439 493 1501 perse
508 1421 607 1502 ipsum
621 1442 685 1485 esse
700 1423 839 1496 affirmet,
853 1431 1015 1500 contraque
1029 1425 1154 1501 legitimi
1169 1427 1340 1502 summique

260 1521 313 1580 sui
333 1521 447 1596 judicis
465 1524 644 1583 sententiam
664 1538 726 1584 uno
745 1524 867 1601 privata
885 1539 947 1583 sua
969 1525 1154 1584 conscientie
1172 1523 1340 1588 testimonio

261 1637 297 1679 se
308 1624 498 1681 communiat
510 1621 548 1700 (c)
556 1637 567 1698 ;
583 1629 714 1700 quatuor
728 1622 872 1684 articulos
886 1623 968 1696 illos,
980 1623 1091 1700 quibus
1104 1623 1201 1685 loedus
1213 1622 1342 1682 maclia-

263 1719 416 1780 bellismae
431 1721 463 1781 in
476 1721 632 1801 politicum
647 1722 795 1798 regimen,
816 1721 1013 1799 absolutaque
1030 1721 1169 1783 artarchis
1190 1725 1221 1783 in
1245 1723 1343 1783 Eccle-

263 1822 342 1881 siam
362 1822 558 1899 inducuntur,
578 1838 715 1900 quosque
734 1823 797 1901 ipse
815 1820 924 1882 odiosos
943 1821 1053 1900 sapius
1072 1823 1268 1903 appellaverat
1286 1819 1342 1899 (d),

264 1937 330 1980 non
344 1921 445 1982 solum
457 1939 528 1982 cum
544 1922 613 1983 aliis
631 1923 820 2002 presulibus,
834 1923 924 2000 regias
938 1923 1084 2002 superbiae
1099 1923 1342 2001 assentatoribus,

260 2017 382 2098 jubente
396 2038 474 2100 repe,
492 2023 616 2101 suscipit
632 2022 807 2100 judicioque
827 2039 883 2083 suo
897 2022 1081 2100 comprobat,
1098 2023 1148 2084 sed
1166 2022 1228 2104 ipse
1249 2023 1344 2102 capita

267 2118 323 2177 illa
332 2125 460 2194 quatuor
469 2117 628 2198 perniciosi
639 2103 748 2180 erroris
757 2121 891 2198 disponit
901 2136 934 2181 ac
945 2123 1054 2201 scripto
1063 2121 1190 2199 digerit3
1205 2121 1343 2182 eamdem

265 2217 399 2294 denique
410 2220 600 2298 pestilentem
616 2219 864 2292 declarationem,
883 2236 976 2297 quam
992 2221 1030 2281 ab
1039 2220 1181 2281 omnibus
1193 2221 1344 2283 catholicis

265 2319 407 2396 populis,
431 2318 620 2393 doctoribus,
646 2318 798 2397 Episcopis
821 2335 942 2379 summa
970 2321 1000 2378 vi
1023 2326 1053 2380 et
1077 2322 1273 2381 consensione
1295 2337 1345 2379 ex-

268 2414 431 2496 plosam,a
449 2418 524 2480 Sede
538 2419 706 2497 Apostolica
726 2417 925 2498 improbatam
945 2417 1075 2494 ridebat,
1090 2420 1166 2498 ipse,
1182 2417 1345 2479 catholicus

270 2514 445 2594 Episcopus,
470 2522 506 2576 ut
527 2519 590 2594 regi
610 2518 805 2596 obtemperet,
825 2517 1043 2578 defendendam
1066 2518 1205 2594 assumit,
1227 2523 1345 2592 totoque

269 2615 378 2690 viginti
400 2632 550 2676 annorum
570 2600 665 2694 spatio
686 2617 779 2677 vitam
796 2617 936 2694 viresque
954 2633 1026 2677 suas
1041 2617 1072 2676 in
1095 2616 1260 2696 hocopus,
1280 2631 1346 2694 repe

262 2712 398 2793 jubente,
420 2715 559 2790 insumit,
578 2717 807 2794 protestantium
823 2733 855 2779 ac
873 2719 1023 2796 precipue
1047 2717 1345 2794 Magdoburgensium

269 2814 507 2877 centuriatorum
527 2815 681 2878 mendacia
700 2834 856 2895 nugasque
879 2815 1040 2879 corradens
1060 2833 1093 2877 ac
1111 2817 1193 2877 varie
1212 2815 1346 2894 compin-

272 2930 361 2990 gens,
372 2921 407 2973 ut
417 2914 566 2989 ostendat,
581 2916 659 2976 Petri
674 2909 808 2993 Apostoli
822 2914 1007 2993 fidem,'quas
1021 2914 1111 2975 totius
1130 2914 1268 2975 Ecclesia
1282 2914 1349 2972 lun-

272 3013 452 3073 damentum
466 3020 523 3088 est,
543 3030 734 3092 nequaquam
747 3031 812 3075 esse
826 3020 887 3074 tam
899 3014 1029 3084 firmam,
1045 3019 1152 3073 utnon
1167 3013 1283 3091 possint
1296 3010 1348 3069 ad-

272 3129 380 3172 sersus
399 3129 467 3172 eam
488 3112 648 3189 aliquando
668 3112 792 3173 infernae
813 3119 970 3192 potestates
991 3113 1162 3191 prevalere,
1184 3111 1264 3188 quod
1284 3110 1347 3169 beri

274 3227 435 3288 nunquam
453 3228 538 3291 posse
558 3229 593 3272 ex
612 3210 722 3273 Christi
742 3212 862 3274 Domini
883 3213 1079 3293 promissione
1097 3210 1167 3271 alibi
1180 3212 1247 3288 jam
1266 3226 1349 3287 aper-

275 3310 392 3371 tissime
406 3310 504 3371 luerat
515 3310 671 3371 confessus
685 3312 738 3393 (εΗ

317 3411 384 3470 lam
409 3409 460 3470 hic
482 3410 585 3485 homo,
609 3427 679 3487 erga
695 3412 878 3487 Jansenistas
903 3408 1056 3475 hereticos
1083 3418 1143 3472 tam
1168 3407 1348 3485 misericors,

276 3527 349 3587 erga
362 3509 525 3588 superbum
540 3527 573 3569 ac
588 3512 780 3571 temerarium
793 3528 895 3589 regem
908 3518 968 3573 tam
983 3514 1078 3587 mitis,
1092 3516 1153 3572 tam
1169 3508 1349 3584 imbecillus,

274 3616 392 3686 quanta
413 3609 521 3669 ferocia
540 3610 764 3688 pertinaciaque
785 3612 907 3672 fratrem
925 3611 1145 3679 venerabilem,
1169 3610 1230 3669 imo
1253 3608 1351 3668 silium

276 3726 383 3784 suum,
403 3708 598 3783 senatorem,
618 3703 882 3789 Arcbiepiscopum
901 3709 1162 3783 cameracensem,
1179 3726 1270 3785 quem
1288 3707 1352 3766 suis

278 3810 344 3887 ipse
355 3807 496 3868 manibus
508 3807 603 3868 voluit
615 3826 796 3877 consecrare,
811 3810 860 3869 cui
875 3812 1017 3868 aternam
1030 3808 1225 3886 spoponderat
1239 3807 1353 3865 erraris·
1371 3886 1375 3893 Ι

278 3910 451 3986 simamque
462 3908 637 3983 amicitiam,
651 3910 754 3987 paucis
766 3914 833 3986 post
843 3907 931 3967 annis
943 3909 1090 3968 vexaverit
1099 3923 1134 3967 ac
1142 3906 1229 3985 plane
1241 3906 1353 3965 contri-

278 4009 366 4084 verit,
390 4008 460 4084 quis
480 4008 620 4083 ignoratn
645 4009 756 4070 Omitto
781 4005 872 4083 igitur
893 4004 1046 4066 crudelem
1068 4004 1200 4064 bominis
1218 4002 1354 4063 obstina-

280 4108 396 4168 tionem
420 4108 452 4167 in
480 4109 546 4184 ejus
573 4108 752 4168 sanctissimi
777 4106 912 4185 Episcopi
938 4096 1127 4165 damnatione
1155 4100 1353 4181 postulanda,
1432 4140 1435 4147 -

282 4282 304 4329 si
323 4282 498 4344 imponantes,
508 4282 529 4328 st
544 4279 671 4341 capitato.
685 4285 743 4328 sont
760 4277 925 4327 snttercmcnt
936 4274 1102 4333 dissimultate,
1112 4278 1161 4325 soit
1171 4274 1234 4325 dans
1247 4274 1272 4323 la
1284 4272 1355 4323 Poti-

282 4351 352 4413 tique
365 4351 396 4399 de
415 4352 527 4410 Bossuct,
537 4354 584 4401 soit
602 4352 664 4400 dnos
675 4350 795 4400 l’lrlstoire
808 4352 839 4398 de
852 4350 943 4400 Franco
955 4346 1051 4407 rectane
1065 4362 1123 4399 sous
1135 4362 1174 4398 ses
1186 4361 1247 4410 peux
1261 4360 1322 4411 pour
1333 4348 1358 4395 le

282 4422 409 4482 dauphin.
421 4423 581 4487 ll'estcepas
592 4422 615 4471 la
627 4422 706 4472 trahlr
722 4420 746 4471 lo
762 4419 839 4471 rerttd
854 4424 880 4471 et
895 4426 1005 4482 tromper
1017 4418 1051 4469 les
1071 4422 1184 4482 princes?
1198 4440 1209 4465 ι

316 4494 356 4558 (ο)
365 4514 378 4538 ι
388 4494 453 4543 Tout
462 4494 487 4544 le
496 4494 584 4554 clerae.
593 4492 776 4552 centratamont
787 4492 894 4554 pariant,
906 4490 943 4540 lut
952 4490 1065 4541 antralnd
1075 4504 1119 4555 par
1126 4491 1197 4542 l'arls
1206 4492 1236 4541 de
1244 4490 1356 4551 Eussnet,

283 4573 310 4619 et
328 4570 386 4617 erut
400 4564 460 4627 qu’tl
473 4578 505 4614 ne
515 4564 598 4614 lallatt
611 4579 654 4627 pas
666 4565 765 4614 risister
778 4577 812 4611 au
821 4565 867 4612 rot.
881 4582 894 4607 ι
907 4562 974 4612 ibid.
987 4576 1013 4626 p.
1025 4565 1079 4613 tto.
1092 4590 1123 4600 -
1136 4564 1170 4626 (b)
1183 4563 1249 4613 ibid.
1262 4575 1286 4625 p.
1300 4563 1355 4614 bit.

281 4664 315 4676 -
328 4637 362 4702 (c)
374 4637 440 4687 ibid.
453 4662 484 4673 -
493 4636 530 4699 (d)
543 4636 609 4686 ibid.
622 4650 645 4699 p.
660 4639 718 4702 tlt.
728 4661 759 4672 -
772 4634 803 4698 (a)
813 4634 883 4685 lbid.
897 4648 924 4697 p.
938 4636 984 4685 ³55
995 4638 1020 4685 et
1029 4646 1096 4699 seqq.
