3559 5675
630 696 739 745 suum.
763 717 800 729 -
823 696 908 747 stem
931 696 1063 747 oremus.
1329 682 1390 747 385

315 800 347 865 de
369 802 455 863 illius
469 803 591 882 justitia
604 804 766 868 dubitatur.
783 806 862 881 Ergo
875 806 966 876 etiam
982 805 1033 867 ille
1046 808 1099 883 qui
1116 807 1226 885 injusta
1241 808 1388 872 sententia

316 922 344 966 se
354 906 452 983 premi
467 907 630 983 existimat,
643 924 763 986 semper
775 907 864 967 habet
874 911 928 985 jus
944 908 1133 985 conluglendi
1152 908 1189 971 ad
1203 909 1388 989 superiorem

316 1008 530 1082 auctoritatem,
541 1015 574 1067 ut
584 1008 649 1082 bac
657 1010 837 1071 sententiam
849 1008 968 1087 penitus
977 1016 1145 1087 cognosset,
1158 1015 1199 1086 et,
1213 1011 1239 1071 si
1251 1028 1326 1089 opus
1338 1011 1387 1086 sit,

315 1106 464 1167 relormct.
475 1110 554 1185 Ergo
568 1114 624 1174 eto·
1144 1130 1147 1137 ’

351 1208 446 1268 Peos.
462 1211 495 1268 2·
511 1224 597 1271 rans.
612 1242 653 1255 -
666 1211 817 1283 Quoniam
838 1226 955 1288 semper
976 1208 1044 1269 licet
1057 1210 1095 1271 ab
1116 1211 1264 1273 inferioris
1284 1217 1388 1275 ariolo-

313 1306 408 1367 ritatis
416 1310 567 1369 sententia
579 1308 615 1369 ad
626 1310 812 1387 superiorem
822 1309 988 1388 appellare,
998 1309 1056 1371 nisi
1067 1310 1174 1371 modus
1184 1311 1294 1387 uliquis
1306 1312 1389 1373 hisce

313 1404 564 1483 appellationibus
575 1407 759 1485 imponatur,
777 1424 882 1469 omnes
898 1405 1113 1486 propemodum
1127 1422 1224 1475 causas
1241 1410 1321 1489 apud
1335 1427 1385 1471 or-

314 1503 430 1565 dinaria
449 1504 614 1565 tribunalia
633 1506 776 1581 judicatae
801 1505 839 1565 ad
863 1522 1036 1591 supremam
1056 1506 1260 1581 auctoritatem
1284 1526 1388 1571 rursus

313 1602 496 1665 delerentur.
518 1606 643 1665 Perraro
663 1621 796 1683 namque
814 1604 858 1675 nt,
884 1610 919 1665 nt
942 1604 995 1683 qui
1012 1604 1132 1683 iudicio
1146 1604 1312 1679 ¹damnatus
1331 1613 1387 1680 est,

307 1704 391 1780 justo
406 1702 564 1784 sejudicio
577 1703 754 1766 damnatum
765 1704 997 1780 esseexistimct.
1020 1704 1111 1783 Atqui
1127 1704 1311 1784 impossibile
1322 1722 1388 1771 om·

312 1804 386 1865 nino
404 1810 462 1877 est,
478 1810 513 1866 ut
530 1822 672 1885 suprema
689 1806 848 1867 auctoritas
863 1822 974 1883 ,ornnes
994 1796 1141 1883 ejusmodi
1161 1821 1265 1867 causas
1286 1823 1338 1885 per
1357 1822 1388 1869 se

311 1906 376 1985 ipsa
396 1909 566 1981 cognoscat,
584 1912 619 1965 ut
627 1906 693 1982 jam
711 1906 851 1983 superius
870 1904 1150 1967 animadvertimus.
1165 1906 1243 1983 Ergo
1258 1904 1388 1985 appella·

311 2006 411 2068 tiones
422 2006 495 2066 istas
506 2022 648 2086 suprema
657 2007 815 2067 auctoritas
828 2005 916 2067 debet
930 2005 977 2065 vel
990 2020 1041 2068 eas
1055 2021 1160 2070 omnes
1173 2022 1327 2085 respuere,
1341 2005 1388 2069 vel

308 2105 347 2167 sd
358 2104 563 2181 aliosjudices
580 2104 638 2165 sibi
647 2104 858 2166 subordinatas
875 2120 994 2181 semper
1003 2102 1076 2165 alios
1093 2103 1268 2179 atquealios
1280 2104 1390 2167 indeli-

308 2208 373 2267 nite
388 2206 554 2279 remittere,
569 2203 615 2267 rel
631 2222 682 2265 eas
698 2202 904 2265 tantummodo
918 2204 997 2263 intra
1012 2209 1105 2264 certos
1122 2202 1232 2265 limites
1244 2205 1385 2283 accipere.

303 2307 376 2367 Jam
393 2310 452 2363 1⁰¹¹·
467 2321 529 2365 non
543 2304 631 2365 licet:
649 2303 836 2371 ostendimus
849 2304 932 2373 eninr
946 2302 1083 2372 naturale
1095 2304 1260 2377 sociislesse
1271 2307 1324 2379 Jus
1337 2320 1389 2381 ep-

305 2404 522 2483 pellationnm.
545 2403 576 2463 Si
594 2398 649 2459 2⁰²¹
674 2403 777 2477 deret,
802 2400 958 2463 indefinita
979 2399 1384 2483 ejtrsmodipppellationum

304 2506 404 2565 series
420 2503 502 2562 totali
513 2501 699 2578 judiciorum
712 2500 903 2579 suspensioni
913 2499 1114 2579 aequivaleret.
1129 2500 1245 2561 Utilitas
1256 2517 1385 2588 namque

303 2603 432 2667 socialis
443 2601 629 2678 indiciorum
644 2607 703 2667 tota
717 2601 854 2680 provenit
867 2599 905 2662 ab
918 2616 1023 2661 eorum
1036 2601 1223 2679 essecutipnc
1231 2616 1241 2676 ;
1252 2600 1315 2667 lraec
1325 2603 1386 2666 sci-

301 2705 379 2765 licet
388 2718 453 2763 una
464 2708 583 2779 estque
594 2704 692 2781 reipsa
702 2702 914 2765 dissidentium
925 2719 972 2763 ras
985 2702 1146 2781 componit.
1156 2709 1331 2780 mentesque
1342 2720 1387 2766 re-

301 2802 468 2880 conciliat3
487 2801 549 2864 hac
562 2818 623 2889 uua
639 2808 683 2864 est
694 2818 762 2881 quas
775 2801 881 2866 deleta
891 2800 1046 2873 efficaciter
1057 2802 1235 2882 comprimit.
1247 2805 1348 2881 Atqui,
1359 2805 1386 2866 sl

297 2920 395 2966 norae
407 2919 527 2980 semper
536 2918 570 2964 ac
581 2919 664 2964 noras
675 2902 889 2982 appellationes
901 2903 1012 2984 opponi
1022 2908 1153 2980 possent,
1163 2919 1322 2980 uultquam
1332 2906 1386 2980 ju-

299 3003 461 3064 diciorum
473 3002 623 3062 exsecutio
637 3000 832 3063 obtineretur.
844 3003 933 3076 Ergo,
945 3015 1040 3076 quum
1055 3017 1159 3082 omues
1174 3000 1386 3080 appellationes

300 3117 457 3180 suprema
469 3101 628 3160 auctoritas
639 3101 703 3180 ipsa
714 3099 920 3176 solanequeat
933 3114 1106 3174 cognoscere
1125 3114 1159 3159 ac
1169 3098 1317 3180 iudicare,
1333 3116 1387 3161 neo

294 3218 397 3263 ‚novar
417 3216 536 3278 semper
555 3197 768 3288 appellationes
789 3215 808 3258 a
828 3197 1061 3274 magistratuum
1081 3197 1257 3282 interiorum
1271 3196 1387 3282 ¹judicio

300 3300 469 3362 indefinite
480 3299 596 3360 admitti
607 3299 734 3376 possint,
746 3314 867 3360 necesse
878 3303 924 3359 est
937 3303 1031 3362 certos
1040 3297 1295 3380 appellationibus
1305 3299 1387 3374 aius-

300 3400 394 3462 modi
410 3400 522 3460 limites
535 3416 553 3459 a
566 3416 708 3478 suprema
719 3395 893 3460 auctoritate
907 3397 1111 3460 determinari.
1128 3399 1215 3476 Ergo,
1231 3406 1285 3460 ete.

354 3498 638 3560 stercorandi.
666 3532 701 3540 -
715 3495 858 3558 Officium
882 3497 974 3574 igitur
1000 3514 1062 3576 qno
1087 3497 1206 3568 socialis
1230 3497 1389 3558 auctoritas

302 3599 527 3680 appellationes
559 3596 692 3676 excipere
716 3604 852 3673 tenetur,
872 3603 917 3658 est
944 3597 1111 3661 necessario
1143 3596 1319 3658 limitatum.
1353 3597 1390 3656 Et

303 3689 455 3778 quamvis
470 3697 508 3758 ob
527 3695 734 3758 humanorum
748 3697 936 3776 judiciorum
954 3696 1167 3780 lallibilitatem
1186 3703 1304 3776 semper
1324 3695 1386 3761 lieri

305 3801 420 3880 possit,
444 3805 478 3858 ut
498 3797 546 3859 vcl
569 3814 631 3856 una
653 3796 751 3860 adhuc
772 3797 934 3876 appellatio
960 3796 1161 3857 innocentiam
1184 3795 1316 3858 hominis
1338 3813 1390 3876 per

304 3900 450 3961 fraudem
464 3897 513 3960 vel
525 3898 726 3974 ignorantiam
742 3897 876 3958 damnati
889 3895 1104 3972 manifestaret,
1120 3899 1252 3982 attamen
1268 3900 1392 3974 possunt

306 4020 346 4063 ae
361 4001 473 4061 debem
487 3999 524 4059 ab
538 3998 712 4060 auctoritate
726 3999 799 4058 certi
814 3994 1067 4076 appellationibus
1082 3991 1192 4067 limites
1205 3995 1329 4072 prmdgi,
1344 3996 1391 4056 ul·

310 4111 359 4163 tra
377 4116 455 4178 quos
466 4099 601 4159 hominis
618 4099 766 4176 cujusque
781 4113 846 4157 sors
862 4096 914 4156 [tei
931 4092 1153 4178 sapientissime
1166 4093 1268 4154 omnia
1282 4093 1391 4168 guber·

310 4203 424 4272 nantis,
440 4199 661 4274 hominumque
675 4202 704 4258 et
718 4197 885 4274 ignorantia
898 4202 926 4256 et
941 4194 1054 4256 scelere
1068 4192 1106 4254 ad
1118 4193 1246 4277 optimos
1260 4191 1333 4252 lines
1348 4209 1393 4254 se·

308 4283 460 4366 cundario
475 4304 504 4358 et
521 4301 737 4375 consequenter
758 4296 883 4372 utentis,
904 4293 1099 4374 providentie
1114 4291 1314 4372 permittenda
1329 4299 1393 4354 tan·

308 4404 386 4466 dem
394 4408 449 4462 est.
1062 4453 1067 4460 .
1149 4453 1152 4460 .

352 4505 488 4566 canons.
497 4502 531 4566 2.
541 4496 822 4578 -Appellationes,
838 4495 864 4556 sl
874 4495 907 4553 in
921 4493 1004 4554 omni
1021 4492 1212 4586 velminima
1225 4509 1394 4580 canescen-

309 4604 473 4680 radantur,
489 4615 617 4660 numero
630 4614 703 4659 sane
716 4591 996 4680 inlinitae‘evadent,
1015 4599 1045 4653 et
1059 4593 1189 4671 societati
1204 4591 1396 4675 schementer

312 4707 480 4772 nocebunt.
502 4703 622 4766 Etenim
640 4700 766 4762 leviores
776 4713 873 4760 causae
891 4705 1049 4758 versantur
1064 4695 1243 4776 plerumque
1258 4697 1334 4760 circa
1347 4714 1395 4762 res
