3559 5675
571 722 679 770 SUUM.
703 743 740 756 -
762 723 846 769 LIBER
868 723 999 772 altulum.

636 930 842 990 ARTlCULUS
864 931 913 990 ΙΙΙ.

543 1105 601 1171 ,De
614 1078 793 1166 tributorum
803 1080 1003 1184 impositione.
1061 1149 1076 1168 .,
1160 1077 1163 1082 ¹

295 1285 382 1353 tost-
400 1289 580 1350 Norsnnuu.
591 1320 631 1332 -
641 1292 770 1350 Potestas
781 1289 960 1358 exsecutus,
973 1288 1130 1365 quoniam,
1144 1292 1176 1346 ut
1190 1285 1328 1366 sirperius

255 1383 354 1473 (1085)
370 1387 570 1464 ostendimus,
586 1393 616 1448 et
627 1387 739 1450 divitiis
751 1388 956 1451 materialibus
967 1387 1092 1464 indiget,
1104 1394 1133 1448 et
1147 1387 1200 1446 bas
1210 1386 1329 1466 divitias

253 1484 347 1566 tebet,
369 1492 521 1563 quantum
540 1493 646 1568 potest,
680 1489 758 1550 intra
778 1490 868 1565 justas
890 1486 1092 1570 proportionis
1113 1485 1189 1568 fines
1206 1476 1328 1560 augere,

253 1592 367 1662 aportat
380 1593 504 1668 conetur
518 1593 547 1647 et
560 1587 626 1674 ipsa
646 1587 778 1648 multum
791 1587 954 1668 producere
969 1597 998 1646 et
1021 1603 1126 1664 parum
1141 1601 1326 1656 oonsumere.

254 1686 378 1756 norales
389 1687 481 1764 igitur
494 1689 684 1770 inquiramus
694 1687 775 1764 leges
786 1705 854 1764 quae
867 1689 904 1748 ab
917 1687 1084 1770 exsecutiva
1097 1691 1249 1764 potestate,
1259 1701 1328 1750 suas

252 1783 373 1846 divitias
387 1793 417 1852 et
428 1785 622 1865 nroduoenbo
632 1793 660 1848 et
673 1787 888 1860 consumendo,
898 1785 1090 1860 observandas
1104 1791 1185 1849 sunt.
1198 1783 1271 1853 Qua
1285 1783 1329 1846 le·

252 1901 300 1958 ges
313 1893 348 1946 ut
367 1887 556 1949 oomruodius
575 1893 754 1961 statuantur,
770 1887 992 1968 inspiciendum
1006 1886 1090 1966 prius
1107 1890 1151 1946 set
1164 1901 1225 1962 quo
1240 1891 1324 1966 paeto

252 1987 563 2064 poossnsasaautiva
575 2004 644 2048 snas
656 2003 727 2069 opes
741 1987 923 2066 etproduoat
937 1991 966 2046 et
978 1992 1144 2046 consumat.
1195 2033 1197 2038 .
1330 2048 1333 2057 Α

289 2087 384 2144 1092.
398 2088 467 2145 Pos.
490 2083 559 2146 534.
586 2089 767 2146 -Potestas
792 2087 957 2148 exsecutiva
983 2085 1072 2146 habet
1094 2100 1199 2146 verum
1214 2091 1242 2144 et
1261 2100 1329 2166 pro-

238 2183 886 2262 ·pnumjusorsuuauaunarmpanenn.
1265 2167 1267 2172 '

287 2286 386 2344 Paos.
410 2316 448 2326 -
463 2283 522 2356 Qui
534 2286 634 2344 striato
654 2284 755 2361 aliquo
769 2289 888 2359 tenetur:
902 2281 1008 2360 officio,
1027 2283 1118 2344 babet
1136 2283 1208 2344 etim
1221 2285 1274 2360 jus
1289 2281 1327 2346 ad

253 2382 347 2443 nstra
362 2384 429 2442 sine
439 2383 552 2459 quibus
565 2384 732 2442 satislaoere
748 2383 792 2442 illi
815 2384 912 2443 ollioio
928 2399 988 2442 non
1009 2389 1114 2461 potest.
1127 2384 1218 2463 Atqui
1231 2388 1325 2462 potes·

252 2484 298 2542 tati
308 2482 488 2546 exsecutus
500 2482 634 2545 oltioiurn
648 2481 1182 2558 incumbit(societatisjgubernandae,
1200 2481 1326 2558 rebelles

251 2581 480 2660 comprimendi,
502 2583 630 2644 crimina
661 2599 850 2660 quacunque
883 2582 1090 2662 impediendi;
1113 2599 1180 2660 qua
1201 2581 1325 2660 quidem

253 2681 312 2740 fieri
330 2682 399 2740 sins
420 2682 538 2758 magnis
552 2682 661 2762 opibus
682 2689 865 2760 nequeunt:
887 2699 958 2762 opes
981 2689 1082 2746 autem
1105 2683 1176 2744 istas
1196 2688 1325 2768 potestas

252 2782 419 2845 ensentiva
432 2780 556 2843 aliunde
570 2781 686 2859 trabere
695 2798 789 2863 quam
799 2798 835 2841 es
849 2782 982 2862 tributis,
998 2797 1065 2859 qun
1081 2782 1209 2843 subditis
1223 2784 1324 2863 impo-

252 2888 309 2952 nat,
319 2881 412 2961 plane
426 2896 486 2943 non
501 2887 605 2960 suunt
619 2882 738 2945 Etenim
749 2899 784 2942 ea
797 2881 844 2949 rel
854 2880 954 2943 nullas
964 2864 1011 2944 vel
1022 2880 1195 2957 longissime
1206 2880 1320 2941 insulti-

253 2981 360 3041 cientes
371 2980 512 3057 capitales
525 2998 661 3041 sommas
684 2998 736 3059 por
759 2970 791 3040 se
806 2980 948 3059 possidet.
977 2979 1031 3039 llla
1044 2996 1176 3055 namque
1190 2980 1269 3041 nihil
1280 2986 1327 3040 est

250 3081 328 3142 auno
338 3097 432 3157 quarn
445 3080 564 3143 sosialis
577 3082 737 3149 auotoritas
749 3084 879 3161 spectata
894 3084 1044 3157 quatenus
1059 3080 1233 3157 exsequitur
1254 3095 1322 3155 qua

253 3178 459 3241 adcommuns
480 3179 595 3241 bonum
607 3179 740 3241 facienda
757 3185 840 3241 sunt,
856 3181 922 3241 tam
937 3178 1054 3241 socialis
1071 3179 1229 3239 auotoritas
1249 3179 1324 3239 siout

253 3294 309 3338 non
328 3279 405 3339 alias
428 3277 631 3353 habetibus,
654 3296 748 3357 quarn
773 3280 922 3340 sociorum
946 3279 1023 3339 vires
1036 3277 1128 3353 simul
1148 3281 1326 3356 conjunctas

255 3376 342 3455 (sar),
357 3378 399 3437 ita
419 3392 479 3437 non
503 3377 577 3438 alias
593 3377 722 3446 divitias.
747 3394 837 3453 qnam
853 3393 921 3455 quas
936 3393 955 3437 a
973 3378 1062 3452 sociis
1082 3376 1324 3461 contribuuntur,

254 3478 389 3555 ponuat.
405 3480 493 3555 Ergo,
506 3484 561 3537 eto.
1190 3534 1199 3541 .

292 3578 376 3641 tosa.
392 3579 578 3641 Coaoat.·-
587 3576 710 3647 Duobus
723 3577 821 3643 nouis
834 3582 930 3656 potest
942 3576 1060 3637 socialis
1070 3575 1228 3637 annositas
1242 3592 1325 3639 exse·

253 3678 346 3738 sutira
361 3694 434 3756 opes
444 3677 502 3737 sibi
517 3679 698 3739 necessarias
715 3678 861 3750 insanire,
875 3677 988 3739 scilieet
1001 3676 1056 3759 rel
1070 3676 1180 3737 landos
1201 3676 1325 3745 stabiles
1370 3704 1374 3711 ¹

255 3792 270 3833 e
289 3777 432 3840 territorio
448 3775 565 3851 sooiali,
582 3776 628 3837 vel
645 3782 755 3853 partem
775 3776 947 3859 divitiarum
965 3776 1125 3843 mobilium
1139 3775 1171 3835 in
1185 3777 1322 3837 societate

254 3873 313 3951 insa
324 3877 576 3954 enoumsuntium
587 3876 644 3935 sibi
657 3874 842 3957 rindioando.
855 3878 893 3937 Et
901 3875 981 3955 prior·
991 3873 1114 3951 quidem
1125 3873 1178 3935 illa
1189 3875 1264 3937 ratio
1276 3890 1324 3939 so-

255 3971 553 4037 ciallnna‘rotdituum
568 3976 673 4037 baberi
689 3976 766 4038 solet
782 3976 815 4038 in
834 3974 1023 4038 societatibus
1039 3973 1242 4048 nascentibus,
1255 3992 1324 4055 qua

256 4081 283 4133 et
295 4076 518 4145 numeroraltls
538 4078 682 4151 limitato,
702 4084 732 4139 et
745 4080 886 4155 organica
910 4076 1102 4154 dispositione
1122 4072 1324 4153 nmplinaat

256 4175 348 4235 sociali
367 4178 544 4254 oneratione
556 4184 725 4254 spontanea
739 4184 820 4238 sunt.
839 4180 942 4253 ltaque
960 4178 992 4237 in
1012 4172 1159 4251 ejusmodi
1177 4168 1322 4234 societati·

257 4272 307 4335 bus
323 4292 401 4339 unus
422 4277 601 4339 autaltera
617 4278 738 4351 moretis
753 4278 881 4355 principi
903 4276 1062 4353 adjunctus
1084 4272 1122 4333 ad
1147 4276 1240 4333 totam
1259 4286 1323 4334 rem

256 4375 394 4449 publicam
406 4376 567 4453 gerendam
584 4376 717 4459 ,suffisia
735 4376 962 4439 patrimoniales
981 4382 1082 4437 autem
1096 4372 1239 4453 principis
1262 4370 1323 4453 lor-

256 4478 328 4540 luuu
343 4478 415 4541 satis
427 4478 520 4553 etiarn
537 4485 609 4540 sunt
629 4478 666 4537 ad
690 4480 756 4555 ejus
769 4494 875 4537 omnes
889 4478 1079 4553 magistratus
1101 4474 1323 4549 exercitumque

257 4569 384 4651 alendos3
404 4576 591 4655 estprincipio
609 4577 705 4653 ipsius
722 4578 851 4638 rnaxirne
865 4576 1001 4663 interest,
1015 4580 1049 4633 ut
1068 4573 1190 4633 societas
1214 4569 1257 4661 ab¹
1269 4568 1322 4628 illo

255 4680 341 4735 uasis
350 4682 550 4743 oonserrstur.
565 4677 663 4751 Quare
677 4676 804 4737 libenter
818 4675 869 4735 ille
883 4690 955 4739 suas
969 4674 1097 4761 priuatas
1112 4670 1237 4747 insumit
1252 4682 1324 4745 opas
