3559 5675
564 787 671 833 sousa.
694 806 731 817 -
755 789 840 833 auen
860 788 995 837 oscarus.
1249 773 1303 837 att

295 895 322 951 2·
331 891 453 953 Libertas
471 892 566 971 ipsius
580 894 827 971 conscriptionis;
843 911 903 971 qua
916 894 1050 954 libertate
1066 894 1194 972 prolecto
1208 892 1309 956 care'nt

255 994 411 1078 *quicunque
422 994 466 1080 vel
478 1010 530 1072 per
539 993 612 1070 rim,
625 993 673 1053 rel
689 1010 741 1082 per
754 993 860 1057 dolum
872 993 910 1054 ad
923 1008 1034 1055 nomeu
1048 992 1163 1055 militia
1175 994 1308 1057 dandum

261 1092 430 1154 inducuntur.
919 1138 920 1143 κ
979 1168 983 1175 ,
1013 1175 1016 1182 ,
1041 1154 1045 1163 .
1126 1160 1128 1168 .

292 1194 332 1264 dt,
343 1193 449 1269 iniquis
462 1194 666 1266 bisceartibus
678 1195 896 1273 pretermissis,
912 1194 1043 1256 honesta
1058 1196 1187 1256 rationes
1199 1196 1310 1273 quibus

258 1292 379 1363 jnrentus
398 1291 432 1352 ad
455 1293 593 1353 militiam
621 1294 818 1355 exercendam
849 1293 1047 1367 adducantur,
1076 1294 1208 1354 societati
1233 1301 1309 1355 recte

258 1393 400 1452 constituta
417 1384 480 1454 non
493 1394 614 1468 desunt,
633 1394 805 1472 euJusmodi
818 1394 865 1457 bae
880 1402 951 1455 sunt
963 1410 1081 1465 :causa
1102 1397 1194 1455 armis
1207 1396 1308 1459 delen·

258 1488 344 1551 denda
362 1494 519 1569 sanctitas3
538 1494 606 1554 laus
620 1494 807 1571 acquirenda
819 1494 856 1554 ab
869 1511 905 1557 eo
922 1495 975 1571 qui
988 1494 1102 1555 fortiter
1116 1496 1183 1555 vitae
1203 1494 1308 1557 discri-

258 1604 312 1649 nen
324 1608 374 1669 pro
384 1594 434 1653 illa
448 1594 568 1669 subeat;
581 1594 704 1676 praemia
716 1598 801 1672 juste
816 1593 1034 1667 distribuenda,
1049 1596 1213 1673 prasertim
1230 1600 1309 1655 trau-

256 1690 360 1763 quitiam
373 1693 617 1771 commodamque
628 1700 811 1755 senectutem
823 1695 955 1756 emeritis
967 1694 1116 1755 militibus
1130 1692 1305 1772 praestando.

257 1790 324 1860 oroi
340 1794 653 1872 premiorum-triplex
668 1810 775 1871 genus,
791 1794 888 1855 tribus
901 1794 1043 1855 humanm
1056 1794 1179 1855 actionis
1194 1794 1308 1873 princi·
1410 1828 1414 1837 ·

256 1887 309 1961 piis,
322 1891 490 1952 moralitatis
504 1891 616 1969 studio,
633 1889 840 1970 passionibus,⁴
849 1892 916 1953 vitae
931 1892 1169 1967 necessitatibus,
1185 1907 1307 1969 respou-

255 1984 324 2062 deas,
337 1998 399 2067 apte
412 1990 595 2064 adhibitum,
611 1991 747 2069 ingentes
761 1996 959 2069 strenuosque
972 1992 1120 2056 exercitus
1139 1991 1306 2051 voluntaria

255 2090 441 2167 conscriptione
453 2092 528 2151 olirn
541 2090 746 2159 celeberrimis
760 2092 887 2153 ducibus
902 2093 1111 2171 suppeditavit.

283 2183 401 2252 macer.
428 2195 455 2252 2.
480 2222 522 2235 -
546 2194 651 2252 Coacta
675 2192 806 2252 militum
831 2192 1007 2269 conscriptio
1035 2191 1119 2252 toties
1143 2191 1223 2273 licita
1249 2198 1305 2265 est,

253 2288 346 2360 quotics
361 2290 389 2349 id
403 2291 525 2351 socialis
542 2290 702 2351 necessitas
715 2292 855 2369 postulat.
873 2290 997 2351 socialis
1011 2296 1111 2351 autem
1126 2289 1189 2350 haec
1207 2307 1306 2351 neces-

252 2383 307 2445 sitas
321 2404 337 2447 a
351 2390 378 2449 vi
396 2390 521 2450 inimica
543 2390 767 2469 comprimenda
784 2391 928 2467 exoritur.
951 2390 1090 2449 lamvero
1104 2388 1167 2451 lraec
1183 2390 1306 2450 inimica

252 2483 294 2552 vis,
307 2488 399 2548 sociali
412 2489 493 2551 bono
507 2490 650 2566 renitens,
663 2490 696 2549 in
706 2490 798 2551 civico
810 2490 916 2551 ordine
930 2505 1047 2567 semper
1061 2486 1206 2548 subsistit.
1217 2487 1305 2549 Sem-

253 2598 293 2658 per
307 2602 428 2665 namqne
447 2589 589 2650 homines
610 2590 670 2666 legi
686 2588 864 2651 reluctantes
887 2588 1018 2649 adsunt.⁸
1030 2590 1064 2649 ln
1085 2586 1188 2648 ordine
1203 2594 1304 2673 autam

251 2685 347 2759 polidco
367 2706 426 2750 non
449 2706 574 2769 semper
593 2691 640 2752 vis
662 2690 715 2751 illa
733 2691 857 2752 adversa
880 2688 1079 2771 propulsanda
1101 2691 1237 2764 occardi,
1252 2689 1303 2751 sed

250 2799 342 2864 nuper
359 2790 572 2876 timenda-est,
594 2797 684 2869 aque
696 2791 735 2852 ab
743 2792 804 2852 illa
822 2796 964 2871 perpetuo
984 2789 1161 2852 carendum.
1183 2789 1306 2869 Semper

250 2887 312 2948 enim
326 2891 439 2968 seditio,
471 2892 585 2953 occulte
607 2891 749 2967 conflata,
773 2892 931 2972 explodere
960 2891 1113 2969 inopinato
1137 2897 1244 2968 potest.
1271 2894 1305 2951 ln

249 2988 331 3052 ordine
343 2992 467 3068 tandem
489 2992 711 3054 intemationali
726 2993 771 3054 vis
790 2994 845 3052 illa
858 2991 981 3053 inimica
992 3007 1056 3062 non
1070 3007 1188 3068 sempor
1202 2992 1302 3066 instat,

249 3093 271 3145 et
280 3093 504 3170 quotiescunque
525 3092 782 3169 illa-exsurgeret,
795 3092 899 3179 multis
913 3091 1092 3167 magnisque
1104 3090 1249 3168 praesidiis
1263 3089 1301 3150 ab
1319 3119 1321 3124 ·

248 3183 315 3271 inste
326 3191 494 3270 apparanda
504 3197 559 3264 est,
576 3209 643 3268 que
657 3192 728 3252 belli
745 3191 893 3254 inferendi
908 3189 1066 3279 consilium
1081 3189 1118 3250 ab
1132 3197 1167 3248 eo
1184 3203 1304 3266 suscep·

249 3289 298 3353 itti
309 3293 471 3354 necessauo
491 3291 632 3370 produnt.
656 3293 745 3369 Ergo,
767 3293 877 3353 virium
903 3291 1096 3352 renitentium
1118 3294 1225 3349 natura
1239 3287 1302 3350 sola

248 3395 363 3467 Souna,
385 3390 508 3452 sociabo
532 3391 715 3451 necessitatis
739 3391 787 3451 lex
812 3391 869 3453 boc
894 3390 1035 3469 postulat,
1055 3394 1089 3448 ut
1110 3389 1155 3448 vis
1177 3387 1300 3465 quidem

246 3486 318 3548 sirica
336 3491 421 3570 pleno
443 3493 493 3551 sui
515 3491 650 3551 muueris
673 3492 810 3552 exercitio
833 3504 950 3572 semper
972 3492 1088 3568 vigeat3
1112 3490 1158 3550 vis
1181 3489 1301 3568 publica

247 3601 342 3664 seraper
352 3590 389 3650 ad
400 3589 547 3652 actionem
561 3590 606 3649 iili
622 3592 772 3668 propriam
791 3591 1023 3668 aggrediendam
1036 3591 1075 3651 sit
1086 3595 1186 3669 parata
1195 3611 1205 3664 ,ς
1219 3588 1300 3648 ruili-

248 3686 709 3767 tarisdeniquetuncedornetur‚
723 3707 818 3767 quum
833 3692 997 3770 periculunr
1014 3691 1114 3750 instat.
1256 3757 1259 3763 ,
1295 3757 1299 3766 ,
1349 3757 1352 3764 ⁴

277 3788 317 3863 tt,
338 3791 480 3866 qnoniam
506 3790 651 3850 exercitus
662 3801 707 3849 'eu
729 3789 873 3852 hodierna
894 3790 1017 3850 militan¹
1044 3794 1106 3849 arte
1132 3789 1297 3866 comparari

246 3891 351 3962 apteque
366 3889 486 3968 disponi
500 3891 565 3950 sine
576 3888 728 3949 diuturnis
746 3889 1005 3950 exercitationibus
1019 3887 1219 3964 diuturneque
1232 3889 1297 3949 dis-

244 3982 336 4058 ciplina
356 3992 534 4065 nequeunt3
559 3992 589 4047 et
611 3989 756 4064 quoniam
780 3989 906 4049 caetibus
930 3986 1111 4065 quibusdam
1135 3985 1298 4048 homiuum

244 4085 365 4156 occuliari
388 4087 555 4149 multarum
577 4104 679 4148 rerum
702 4089 826 4149 scientia
848 4087 1070 4167 prostantium,
1096 4085 1229 4162 adeoque
1250 4086 1294 4146 roi

243 4181 345 4243 militari
366 4192 535 4248 consarrter
554 4185 738 4247 addictorum
752 4188 797 4247 illi
810 4187 935 4248 omnino
953 4185 1107 4262 indigent3
1128 4184 1235 4245 idcirco
1249 4184 1306 4244 ris

244 4279 363 4344 militaris
374 4285 453 4364 apud
465 4285 625 4347 hodiernae
639 4287 791 4348 societates
804 4293 946 4367 perpetuo
960 4284 1046 4346 debet
1056 4283 1170 4361 admse,
1185 4284 1296 4344 caerci-

245 4380 336 4456 tosque
346 4391 551 4463 permanentes
565 4387 724 4448 necessarii
737 4394 829 4449 sunt.-

274 4479 393 4544 Ccaoac.
409 4484 437 4544 3.
450 4518 489 4529 -
500 4487 637 4547 coactam
656 4487 788 4553 militum
807 4489 1055 4570 conscriptionem
1077 4485 1207 4548 dirimas
1222 4494 1295 4548 tunc

244 4577 327 4639 sotum
339 4601 401 4644 csse
413 4584 538 4660 licitam,
552 4586 674 4663 quando
683 4588 850 4649 voluntaria
862 4606 924 4650 non
935 4587 1062 4651 suffieit:
1079 4592 1127 4667 cuj
1132 4606 1167 4648 os
1181 4588 1294 4648 limita-

245 4675 319 4740 tionis
335 4684 477 4745 rationem
491 4685 571 4746 lacili
590 4688 709 4764 negotio
726 4689 855 4765 quisque
869 4695 964 4768 potest
980 4688 1158 4768 perspicere.
1176 4687 1294 4748 Etenim

245 4779 345 4840 sociatis
354 4787 483 4862 operatio
489 4785 566 4846 illuc
578 4803 697 4866 semper
707 4793 836 4867 spectare
848 4789 947 4864 debet,
960 4795 994 4850 ut
1004 4789 1168 4868 unicnique
1181 4786 1292 4848 civium
