3559 5675
442 726 501 791 blo
847 740 928 786 euers
945 738 1109 787 nemesus

443 850 522 911 tione
534 848 670 913 dicemus
683 850 713 909 in
728 846 783 911 boc
797 845 940 923 articulc;
954 845 991 907 de
1002 844 1158 926 potestatis
1173 848 1276 905 ersten
1288 841 1371 902 laice
1383 837 1520 900 suumr-

442 948 560 1011 cotionc
571 947 724 1011 essentiali
742 950 799 1011 sub
813 952 957 1028 potestate
970 946 1170 1008 ecclesiastica
1182 947 1214 1007 in
1229 943 1312 1006 omni
1325 938 1521 1003 ordinereli·

443 1050 528 1126 gioso
540 1056 570 1111 et
581 1049 687 1111 morali
699 1048 883 1110 disseremus
896 1046 927 1107 in
938 1046 1065 1108 articulo
1078 1046 1227 1123 sequenti.

485 1148 574 1213 libb.
590 1154 657 1213 Pos.
674 1151 757 1211 667¹.
771 1182 808 1195 -
819 1149 949 1212 Smietas
962 1148 1159 1209 etauctoritas
1170 1144 1341 1227 spirituales
1354 1141 1523 1205 asccietate

443 1258 472 1314 el
483 1251 656 1313 anctoritate
670 1251 808 1313 ciuilibus
822 1266 856 1312 ac
870 1246 1086 1329 temporalibus
1096 1255 1167 1309 sunt
1174 1247 1297 1325 juribus
1307 1244 1419 1306 diurnis
1432 1248 1524 1303 nain·

443 1351 501 1413 reli
516 1358 546 1413 et
557 1352 694 1431 positivo,
706 1356 796 1430 atque
807 1368 871 1412 esse
882 1348 1002 1421 debent,
1017 1349 1143 1410 omnino
1156 1364 1191 1409 ee
1204 1352 1348 1427 perpetuo
1360 1344 1522 1405 distinctae.

485 1454 579 1514 Peon
596 1456 624 1512 t·
639 1466 729 1528 rrrs,
745 1466 784 1513 ne
797 1466 871 1513 sune
886 1464 1052 1512 urrunnu.
1065 1482 1107 1494 -
1119 1450 1281 1525 Utriusque
1292 1444 1443 1507 societatis
1453 1460 1525 1523 per·

444 1553 550 1614 mirtio
562 1553 723 1631 perniciem
738 1553 900 1629 utriusque
913 1550 1081 1611 necessario
1095 1549 1201 1627 gignit.
1222 1550 1312 1626 Nam,
1324 1546 1380 1607 ubi
1399 1545 1525 1605 societas

443 1650 619 1733 spiritualis
640 1668 701 1714 non
727 1653 765 1713 sit
785 1669 804 1713 a
822 1652 905 1713 civili
923 1668 958 1713 ac
975 1650 1133 1730 temporali
1151 1648 1302 1722 distincta,
1319 1646 1448 1707 altemm
1472 1659 1525 1704 ne·

444 1754 572 1815 cessmic
585 1752 679 1814 altera
692 1750 916 1830 quodammodo
930 1750 1111 1823 absorbebit,
1128 1756 1219 1828 etque
1230 1749 1268 1809 ab
1281 1763 1345 1808 unc
1355 1745 1524 1823 eodemque

444 1854 578 1934 principe
590 1856 855 1932 utraquepctestas
867 1856 998 1928 geretur.
1014 1847 1104 1930 ttqm
1122 1850 1185 1911 hec
1198 1849 1359 1925 utriusque
1370 1843 1526 1926 potestatis

445 1952 615 2029 conjunctio
642 1951 675 2011 in
692 1966 755 2011 une
767 1950 934 2031 eademque
954 1966 1094 2032 persona,
1116 1966 1170 2012 seu
1190 1948 1313 2028 physion
1327 1962 1381 2008 seu
1403 1944 1525 2020 morali,

444 2052 616 2128 residentis,
630 2052 668 2112 ad
686 2052 839 2131 potestatis
850 2051 1017 2131 spiritualis
1029 2066 1064 2113 ac
1076 2050 1224 2112 societatis
1235 2049 1388 2125 religiosae
1399 2047 1525 2108 exitium

444 2159 523 2215 recta
534 2158 563 2214 et
572 2150 736 2213 immediate
744 2151 899 2232 perducit:
911 2170 947 2214 er
955 2150 1171 2231 quc-religiose
1180 2148 1328 2212 societatis
1337 2148 1429 2209 exitio
1437 2146 1527 2207 debet

446 2252 597 2316 societatis
607 2252 699 2313 etiam
713 2251 795 2314 laice
805 2252 959 2314 subversio
972 2250 1139 2313 dimanare.

486 2350 604 2417 Etenim
621 2354 643 2413 l.
669 2352 696 2413 si
719 2352 843 2414 societas
863 2351 1006 2429 religiose
1019 2350 1174 2431 prevalet,
1189 2355 1318 2427 utraque
1333 2354 1479 2429 potestate
1493 2349 1525 2409 in

447 2470 509 2517 uno
519 2452 685 2531 eodemque
694 2452 828 2533 principe
837 2452 989 2514 secerdote
997 2454 1171 2530 conjuncte,
1181 2450 1297 2529 negotia
1308 2448 1426 2510 ordinis
1434 2448 1526 2510 etiam

446 2551 620 2631 temporalis
639 2564 722 2613 sacre
735 2557 765 2613 et
778 2550 921 2629 religiose
940 2550 1151 2629 habebuntur3
1176 2550 1284 2610 munia
1295 2548 1407 2618 civilia,
1423 2547 1527 2607 admi·

446 2652 612 2729 nistrctive,
635 2649 767 2731 politice,
792 2648 934 2712 militarie
956 2650 1029 2712 fient
1054 2651 1157 2713 omnia
1177 2640 1372 2711 sacerdotalia
1393 2663 1404 2707 ι
1427 2664 1528 2725 neque

445 2758 644 2829 tumensque
654 2767 796 2814 curarum
816 2750 1049 2829 studiorumque
1060 2751 1220 2830 partitione
1233 2752 1374 2829 poterunt
1386 2749 1528 2829 princeps

446 2852 583 2915 sacerdus
596 2854 724 2931 ejusque
738 2851 928 2914 aeclesiastici
942 2852 1036 2914 simul
1058 2857 1088 2913 et
1109 2851 1178 2912 laici
1195 2850 1392 2926 magistratus
1404 2850 1527 2926 utrique

445 2955 489 3015 rei
504 2953 631 3033 publice
646 2951 796 3034 spirituali
814 2969 847 3015 ac
868 2952 1026 3032 temporali
1039 2955 1123 3030 juste
1142 2950 1323 3033 prospicere.
1338 2949 1384 3010 Ad
1406 2950 1526 3026 negotia

446 3054 591 3116 secularia
611 3055 847 3134 potissimumue
866 3070 943 3132 pene
957 3053 1047 3114 unice
1058 3050 1245 3133 procuranda
1265 3050 1312 3114 illi
1326 3066 1436 3112 omnes
1449 3068 1527 3130 pau·

447 3154 534 3216 latim
553 3153 740 3216 ineluctabili
754 3153 886 3233 quedm
902 3154 1077 3214 necessitate
1091 3152 1258 3229 trahentur,
1271 3157 1340 3211 turn
1357 3155 1388 3210 1·
1400 3152 1477 3228 quia
1489 3150 1526 3210 ad

446 3261 569 3318 externa
578 3259 608 3316 ct
618 3253 775 3316 sensibilia
794 3259 872 3316 totus
893 3253 984 3314 homo
1006 3259 1052 3315 eat
1070 3250 1166 3314 multo
1184 3251 1360 3332 propensior
1380 3251 1530 3328 quemad

446 3355 616 3436 spiritualis
627 3360 656 3416 et
667 3354 850 3434 invisibilia;
865 3359 928 3416 tum
939 3358 972 3414 2⁰
982 3355 1055 3433 quia
1064 3352 1240 3432 temporalia
1254 3352 1374 3429 negotia
1387 3369 1462 3412 eum
1474 3355 1529 3430 qui

445 3455 519 3516 lorte
534 3454 596 3514 illis
606 3454 745 3514 animum
760 3454 947 3534 applicuerit,
959 3454 1097 3535 ineptum
1109 3451 1243 3514 efficiunt
1254 3451 1292 3512 ed
1307 3451 1409 3512 studia
1419 3467 1528 3513 cums-

446 3571 506 3632 que
528 3571 630 3616 rerum
657 3555 862 3633 spiritualium
869 3570 880 3633 ;
908 3562 975 3615 tum
1002 3558 1033 3618 3⁰
1057 3556 1130 3634 qnia
1154 3554 1355 3639 necessitates,
1381 3555 1530 3633 paucula,

446 3656 557 3716 damna
573 3673 675 3716 rerum
697 3655 909 3736 temperalium
922 3655 1021 3716 multo
1036 3656 1134 3732 magis
1150 3660 1261 3732 urgent
1274 3669 1308 3715 ac
1322 3653 1449 3714 turbent
1463 3657 1530 3715 ani·

447 3771 545 3833 mum,
559 3755 764 3833 multomagis
778 3757 846 3834 ejus
856 3757 1049 3817 attentionem
1059 3757 1201 3831 excitant,
1212 3754 1310 3814 studia
1322 3751 1530 3829 inflammant,

446 3859 525 3918 vires
547 3855 748 3933 exhauriunt3
765 3860 830 3915 tum
851 3855 883 3916 4⁰
898 3857 970 3934 quia
989 3872 1091 3917 rerum
1105 3854 1309 3934 spiritualium
1328 3856 1489 3918 commoda
1502 3863 1532 3916 et

447 3956 639 4018 trecassinus
663 3972 793 4036 persepe
818 3955 1015 4018 collidundur
1046 3955 1215 4018 commodis
1242 3971 1277 4016 ac
1300 3957 1533 4018 nwessitatibns

447 4071 549 4118 rerum
565 4055 791 4136 temporalium;
809 4056 840 4115 in
861 4073 923 4133 qno
935 4056 1088 4133 condictu,
1112 4057 1252 4136 princeps
1274 4055 1386 4136 pariter
1403 4063 1435 4117 et
1456 4057 1532 4116 inte·

447 4156 540 4216 riores
554 4156 758 4232 magistratus,
769 4156 822 4233 qul
837 4157 1026 4236 spiritualem
1038 4155 1173 4217 simulac
1183 4155 1378 4234 temporalem
1390 4155 1531 4217 ordinem

449 4255 605 4334 publicum
625 4263 796 4335 procurent,
814 4263 940 4333 urgente
953 4273 1056 4318 rerum
1071 4256 1261 4318 sensibilium
1282 4261 1389 4316 natura
1402 4256 1532 4316 eviden-

448 4354 531 4424 tiore,
548 4351 730 4414 insiantibus
742 4354 850 4434 populi
864 4355 902 4415 ad
923 4339 1075 4416 terrestria
1095 4369 1213 4434 semper
1229 4353 1316 4432 prom
1328 4355 1533 4430 querimoniis

448 4449 496 4510 vel
507 4451 595 4508 etiarn
606 4451 708 4528 ruinis,
722 4467 770 4511 res
779 4451 953 4532 spirituales
961 4469 1094 4536 persepe
1103 4451 1297 4529 negligentet
1307 4451 1469 4517 concidere
1478 4471 1532 4534 pa·

449 4547 570 4616 dentur,
596 4552 630 4607 ut
648 4549 862 4627 temporalibus
885 4551 1079 4627 satisfaciant,
1100 4551 1223 4612 meliore
1243 4546 1437 4630 postmodum
1458 4562 1533 4616 tem·

449 4663 520 4727 pora
535 4663 589 4726 pro
608 4649 752 4724 religione
765 4667 883 4732 semper
898 4657 1063 4732 sperantes,
1079 4669 1146 4714 raro
1159 4653 1206 4714 vel
1225 4668 1384 4731 nunquam
1400 4659 1530 4718 nacturi.

451 4747 527 4822 Ergo
539 4746 704 4823 spiritualis
719 4759 752 4807 sc
766 4751 941 4829 ternporalis
958 4752 1000 4811 rei
1016 4750 1145 4830 publice
1156 4752 1325 4832 procuratio
1340 4752 1450 4814 iisdem
1465 4773 1532 4836 per·
