3559 5675
556 782 662 831 sturxx.
688 804 724 816 -·
749 787 830 831 riocn
852 785 1041 832 nconacnns.
1270 767 1330 832 att>

264 897 326 944 rutn
339 894 456 948 motum
467 889 497 948 in
509 891 602 952 Deum
616 907 785 969 procurare,
799 901 920 955 externa
932 894 1031 953 marlia
1045 911 1062 952 a
1077 893 1192 952 Glicisto
1207 891 1332 954 lloiaitm

264 985 394 1046 instituta
405 988 442 1050 ad
457 988 538 1050 bunc
548 992 698 1052 internum
715 999 830 1053 motum
849 993 1074 1072 producendum
1088 993 1240 1066 adbibere,
1256 993 1332 1070 quin

263 1093 396 1150 externas
416 1089 564 1162 thasdam
585 1097 675 1169 ponat
694 1093 836 1166 actiones,
848 1109 929 1168 qum,
945 1091 999 1152 hoc
1021 1093 1086 1172 ipso
1106 1092 1184 1168 quod
1206 1097 1333 1152 externa

263 1190 341 1258 sunt,
352 1186 387 1246 ad
408 1194 562 1249 externam
578 1190 668 1250 etiam
687 1197 862 1268 potestatem
877 1192 1078 1253 exsecutivam
1094 1197 1251 1269 pertinent.

300 1284 378 1344 Sunt
389 1286 481 1363 igitur
491 1287 539 1348 bae
557 1288 625 1348 duae
636 1295 795 1366 potestates
807 1291 982 1351 exsecutirae
994 1291 1072 1349 inter
1085 1307 1117 1348 se
1133 1290 1171 1349 ita
1181 1303 1332 1366 connexae,

263 1385 337 1442 utin
351 1384 455 1444 eadem
465 1386 663 1448 eeclesiastioa
674 1389 847 1448 auctoritate
856 1390 1026 1451 necessario
1038 1390 1142 1450 insint.
1156 1390 1224 1448 llaee
1234 1394 1335 1448 tamen

262 1485 405 1559 connexio
424 1501 486 1546 non
504 1503 575 1547 sane
598 1487 724 1566 impedit
742 1489 817 1564 quin
837 1488 966 1550 dirersis
989 1489 1077 1568 plane
1099 1488 1196 1549 modis
1209 1487 1288 1548 hano
1307 1494 1337 1549 et

264 1582 345 1643 illam
356 1583 466 1644 diversi
476 1603 673 1665 personarum
685 1587 952 1651 ecclesiasticarum
965 1589 1075 1665 gradus
1087 1586 1264 1667 possideant.
1277 1587 1336 1661 Qui

262 1682 370 1758 gradus
391 1682 501 1744 diversi
525 1685 691 1746 seeundum
714 1703 790 1764 quoa
812 1688 906 1764 bujus
935 1686 1173 1767 supernaturalis
1193 1685 1338 1747 societatis

262 1784 464 1845 auctoritatem
482 1785 607 1848 diversae
622 1803 757 1866 persone
776 1789 941 1867 possident,
956 1794 1028 1850 sunt
1048 1790 1174 1867 proiecto
1188 1787 1224 1848 ad
1245 1788 1338 1848 sonia-

264 1884 322 1944 leni
337 1884 483 1945 unitatem
498 1886 738 1948 constituendam
753 1894 783 1949 et
797 1887 1030 1950 conservandam
1051 1887 1187 1949 absoluta
1203 1899 1338 1947 neeesse·

263 1986 311 2058 rii,
327 1990 362 2045 ut
379 1991 458 2045 retm
471 1993 671 2048 monstratum
685 1993 742 2062 est,
757 1995 787 2050 et
800 1989 980 2065 generaliter
998 1987 1036 2050 de
1049 2002 1231 2066 quacunque
1242 1987 1340 2048 sooie-

264 2090 321 2144 tate
339 2088 385 2144 est
397 2085 530 2146 euidens.
546 2089 646 2165 ltaque
660 2095 820 2166 utramque
836 2095 1011 2168 potestatem
1030 2087 1231 2149 exsecutivam
1252 2087 1340 2166 plene

263 2193 293 2246 et
313 2186 446 2246 absolute
466 2203 548 2248 unus
561 2189 717 2249 liomanus
737 2189 869 2249 Pontifex
883 2191 955 2265 jure
973 2187 1075 2248 divino
1087 2186 1187 2248 babet.
1203 2188 1338 2266 Episcopi

263 2299 334 2344 xero
345 2285 466 2361 plenam
481 2284 591 2346 habent
601 2291 775 2365 potestatem
786 2287 953 2362 internam
966 2291 997 2346 at
1009 2291 1163 2347 externam
1174 2303 1236 2348 uon
1248 2288 1338 2359 item,

262 2383 314 2443 sed
328 2383 531 2464 r'ncompletom
543 2393 572 2446 ei
585 2403 733 2465 supreme
745 2385 908 2446 subditam.
925 2386 1091 2463 Presbyteri
1105 2386 1235 2463 denique
1250 2387 1341 2446 inter-

264 2501 335 2544 nam
354 2486 466 2546 habent
476 2485 702 2566 incompletom,·
715 2489 867 2566 publicam
877 2493 1128 2567 xeropotestatem
1142 2488 1340 2549 exsecutivam

264 2601 302 2644 ex
314 2583 413 2650 oilioio
423 2604 480 2648 suo
493 2586 611 2648 nullam
628 2589 749 2652 habent.

307 2687 395 2748 1332.
417 2688 547 2750 Cenum.
566 2695 591 2749 t.
605 2721 646 2734 -
658 2692 788 2751 Externa
799 2691 959 2753 hominum
971 2707 1024 2770 per
1035 2695 1226 2752 externarum
1238 2688 1341 2766 legum

264 2787 492 2867 applicationem
513 2788 690 2865 gubernatio
710 2791 807 2852 multo
833 2792 934 2853 minus
956 2790 1092 2854 assiduas
1114 2797 1144 2854 et
1172 2788 1344 2851 individuas

264 2904 353 2948 ouras
370 2889 511 2965 requirit,
527 2890 599 2966 quia
621 2890 749 2967 publice
770 2898 888 2953 tantum
910 2908 1014 2953 eorum
1033 2894 1164 2953 actiones
1180 2888 1343 2967 dirigendae

262 2996 346 3048 suut.
368 2989 405 3047 m
423 2988 578 3048 internum
599 2991 770 3051 animorum
792 2991 940 3067 regimen,
961 3008 1021 3067 quo
1044 2992 1090 3051 illi
1111 2997 1177 3069 apte
1196 2990 1342 3051 adituum

262 3087 446 3167 perducendi
470 3095 552 3163 eunt,
570 3090 776 3166 qnotidianam
795 3098 824 3151 et
837 3098 1011 3170 perpetuam
1033 3107 1154 3169 operam
1175 3095 1204 3150 et
1222 3088 1345 3163 singula

261 3202 393 3267 quaeque
413 3188 588 3248 minutatim
613 3197 766 3251 curantem
791 3192 916 3251 omnino
946 3190 1092 3268 postulet3
1120 3190 1193 3266 quia
1213 3188 1345 3264 quisque

262 3291 328 3349 Deo
346 3288 462 3347 cultum
477 3287 565 3348 debet
585 3296 760 3366 perpetuum
773 3295 803 3350 et
820 3290 1043 3368 quotidianum,
1062 3295 1093 3351 at
1111 3287 1293 3367 quotidianis
1312 3302 1346 3347 ao

262 3388 395 3447 maxime
407 3385 498 3447 variis
511 3394 655 3463 urgentur
668 3388 805 3466 plerique
816 3390 1044 3451 necessitatibus
1061 3389 1170 3463 solatii,
1188 3388 1340 3461 doetrinae,

263 3490 452 3560 monitionis,
465 3486 669 3566 correptionis,
692 3504 726 3551 ao
745 3491 870 3568 proinde
889 3492 1014 3553 illorum
1029 3492 1121 3554 etiam
1140 3488 1344 3553 subsidiorum

262 3607 336 3668 quaa
347 3590 384 3649 ad
396 3589 459 3649 haec
469 3590 571 3649 omnia
581 3590 715 3649 curanda
728 3590 766 3651 ab
781 3591 908 3653 Euolesia
928 3592 1088 3654 salubriter
1105 3590 1344 3671 suppeditantur.

307 3691 481 3764 Exsecutus
503 3688 595 3765 igitur
613 3695 742 3766 potestas
758 3691 876 3751 iuterna
894 3692 990 3753 mullo
1009 3693 1107 3768 magis
1130 3692 1187 3751 luit
1208 3689 1346 3751 subdivi-

262 3788 367 3851 dendo
382 3792 415 3849 in
429 3787 636 3866 aliosgradus‚
648 3805 740 3866 quam
752 3795 874 3849 externa
886 3805 895 3849 :
908 3807 1007 3867 neque
1026 3808 1061 3851 ex
1079 3808 1115 3851 eo
1133 3789 1213 3872 quod
1224 3788 1346 3867 presby-

261 3893 322 3951 teri
338 3892 456 3950 interna
467 3889 600 3967 polleant
612 3906 649 3950 ea
666 3895 817 3969 potestate,
833 3890 973 3965 colligere
986 3891 1057 3953 lieet
1073 3896 1193 3950 externa
1212 3889 1300 3948 etiam
1317 3891 1347 3949 et

262 3989 388 4070 publice
398 3994 540 4068 potestate
553 3990 720 4049 exsecutira
730 4006 795 4050 esse
811 3989 881 4050 illos
891 4006 927 4049 ex
941 3990 1062 4069 proprio
1079 4004 1205 4049 munere
1219 3986 1347 4047 instrue·

261 4099 330 4165 tos;
347 4088 427 4165 quod
442 4088 545 4165 plures
558 4106 611 4167 per
630 4090 713 4149 varia
730 4095 864 4169 tempora
883 4088 1012 4149 haeretioi
1029 4088 1158 4149 voluere.

304 4192 494 4268 Quapropter
515 4187 594 4248 idem
607 4188 696 4268 plane
710 4193 826 4251 suntin
854 4190 1017 4251 christiana
1036 4187 1168 4249 Ecclesia
1181 4186 1359 4263 Presbyteri·

258 4288 350 4366 quod
363 4287 593 4366 patresfamilias
602 4288 634 4347 in
644 4288 721 4349 laica
732 4288 1007 4367 societatepublica.
1025 4292 1036 4347 ὓ
1048 4287 1234 4363 equeminus
1245 4286 1351 4347 absur-

260 4388 345 4449 dum
357 4394 406 4448 est
415 4387 608 4464 Presbyteros
617 4404 688 4449 cum
696 4387 860 4465 Episcopo,
875 4406 967 4465 oxiam
977 4385 1205 4467 patreslamilias
1215 4384 1351 4461 singulos

259 4496 294 4548 et
315 4502 424 4549 omnes
447 4503 514 4545 curn
534 4487 680 4564 praelectis
706 4504 760 4546 seu
782 4486 1033 4561 gubernatoribus
1055 4484 1278 4565 provinciarum
1297 4499 1349 4545 oo-

260 4586 502 4665 aequatosuelle.
517 4586 594 4646 Sunt
604 4588 687 4647 enim
701 4588 734 4647 bi
746 4595 805 4648 tres
818 4588 961 4667 praecipui
975 4586 1088 4665 gradus
1098 4585 1271 4647 christiana
1284 4583 1352 4645 hie·

262 4688 411 4761 rarohia,
427 4688 579 4748 similibus
595 4688 682 4765 plane
697 4688 839 4765 gradibus
852 4682 936 4751 luca
950 4689 1098 4751 societatis
1112 4684 1325 4766 respondentes
1344 4705 1349 4742 :

263 4793 422 4853 Ronanus
436 4790 601 4863 Ponrtrux,
614 4788 709 4865 bujus
728 4789 922 4867 amplissima
936 4790 1082 4851 societatis
1109 4786 1271 4849 monarcha
1286 4802 1353 4863 per-
