3559 5675
545 732 655 779 curua.
679 751 718 764 -
738 733 823 780 cmm
843 733 1035 782 ououscruos.
1263 715 1321 780 609

243 838 289 892 est
302 834 423 911 regibus
437 842 468 896 ct
478 836 558 898 cirili
573 854 607 900 ac
618 839 741 919 politico
754 841 796 901 rei
807 840 934 920 publicae
948 840 1046 902 ordini
1064 839 1258 902 uehementer
1268 857 1323 920 pe-

244 932 385 996 riculosa.

284 1036 380 1096 Pnou.
405 1071 446 1084 -
460 1038 492 1097 l⁰
516 1041 709 1119 Quaecunque
738 1041 921 1103 auctoritatis
947 1041 1133 1121 impugnatio
1155 1041 1324 1120 periculum

241 1139 325 1194 creat
337 1138 480 1200 omnibus
493 1140 548 1218 qui
560 1139 734 1220 particulari
748 1140 851 1219 aliqua
861 1141 923 1202 siut
936 1141 1109 1204 auctoritate
1122 1140 1271 1202 instructi.
1288 1142 1325 1200 nt

242 1235 299 1295 ubi
313 1239 473 1300 auctoritas
482 1241 621 1301 omnium
634 1241 924 1316 marima,omnium
936 1242 1066 1302 maxime
1080 1257 1176 1312 sacra,
1189 1241 1327 1301 omnium

242 1338 382 1400 maximo
396 1339 429 1400 iu
451 1339 565 1402 bonore
588 1326 780 1419 maximaque
794 1342 961 1403 reverentia
976 1341 1057 1420 apud
1072 1341 1211 1402 homines
1225 1340 1328 1401 habita

244 1437 416 1518 impetitur,
441 1448 606 1518 actumst,
630 1447 665 1502 ut
679 1442 744 1520 ipsc
766 1442 808 1502 ait
834 1441 966 1504 Blaucus
989 1439 1201 1520 socialistalu),
1217 1438 1253 1501 de
1268 1440 1331 1522 ipso

243 1538 435 1600 auctoritatis
445 1540 597 1622 principio
611 1560 624 1601 :
639 1559 739 1619 neque
753 1542 957 1602 auctoritatem
972 1543 1004 1602 in
1014 1542 1134 1619 regibus
1149 1540 1331 1603 reverebitur

244 1637 312 1716 ille,
326 1640 380 1716 qui
393 1642 598 1702 auctoritatem
612 1643 644 1702 iu
658 1641 770 1704 Cbristi
782 1641 898 1702 vicario
911 1643 1035 1720 spernit.
1059 1643 1149 1719 niqui
1164 1641 1332 1702 bossuctica

244 1735 412 1800 declaratio
423 1739 643 1818 plenitudinem
658 1740 840 1801 auctoritatis
851 1740 1014 1819 impugnat
1037 1741 1069 1801 iu
1083 1739 1193 1802 Christi
1206 1741 1331 1812 licerio,

248 1854 348 1915 quem
365 1838 469 1918 populi
493 1856 599 1901 omues
622 1839 790 1916 christiani,
806 1845 962 1917 tamquam
985 1837 1178 1902 infallibilem
1189 1839 1259 1901 fidei
1273 1857 1336 1902 ma·

246 1940 394 2016 gistrum,
410 1940 559 2018 longeque
574 1958 667 2020 supra
682 1958 788 2003 omnes
800 1941 974 2021 Episcopus,
986 1959 1041 2004 seu
1061 1942 1208 2021 dispersos
1229 1941 1335 2002 sivein

248 2039 416 2100 concilium
432 2047 559 2115 coactos,
572 2058 626 2121 per
635 2041 859 2102 monarchicam
873 2049 1062 2120 potestatem,
1077 2044 1274 2120 eminentem,
1289 2059 1336 2102 vc·

250 2139 352 2200 nerati
364 2155 483 2218 semper
494 2148 576 2202 suut.
593 2144 682 2220 Ergo,
698 2148 753 2203 etc.

294 2242 329 2298 2⁰
342 2239 508 2302 Declaratio
522 2240 575 2302 illa
588 2259 641 2320 per
654 2243 789 2321 primum
812 2242 974 2303 articulum
998 2242 1106 2302 liberat
1127 2259 1212 2318 reges
1227 2259 1245 2302 a
1267 2242 1340 2320 qui·

250 2339 435 2417 buscuuque
447 2340 566 2418 legibus
590 2342 767 2418 moralibus,
780 2358 912 2419 quarum
937 2343 1083 2420 interpres
1096 2347 1124 2401 et
1139 2343 1282 2418 magistra
1296 2348 1341 2401 est

248 2443 324 2517 jure
338 2438 441 2500 divino
453 2440 596 2518 Ecclesia,
611 2458 646 2503 ac
657 2440 782 2520 proinde
796 2441 866 2501 illos
886 2440 1000 2501 sensim
1015 2439 1130 2499 inducit
1152 2439 1189 2498 ad
1212 2439 1340 2517 despoti-

254 2556 327 2600 cum
341 2555 376 2600 ec
386 2539 577 2616 tyrannicum
590 2542 725 2617 regimen
739 2539 950 2601 exercendum.
973 2539 1064 2616 Atqui
1077 2536 1189 2600 ciltena
1203 2538 1266 2598 baec
1290 2555 1340 2614 ras

259 2641 302 2700 tio
314 2639 485 2716 regiminis,
499 2645 535 2700 ut
547 2639 667 2700 inlicita
678 2641 798 2720 populis
811 2640 934 2716 damna,
948 2641 987 2702 ita
997 2639 1127 2700 maxima
1146 2639 1237 2698 ctiam
1257 2636 1340 2713 regi-

260 2739 319 2801 bus
331 2739 478 2819 pericula,
496 2745 526 2800 et
549 2748 661 2802 certam
674 2754 808 2818 quoquc,
833 2740 931 2800 scrius
951 2739 1046 2812 ocius,
1062 2736 1225 2817 perniciem
1237 2735 1338 2798 affert.

258 2846 350 2924 bicgo,
364 2849 421 2905 etc.

301 2946 334 3006 3·
345 2944 553 3007 Pereumdem
565 2942 730 3005 articulum
743 2959 780 3004 ea
798 2940 959 3002 declaratio
971 2956 1055 3018 reges
1067 2938 1172 3001 incitat
1190 2938 1338 3001 adEccle·

259 3048 316 3109 siae
336 3049 408 3126 jura
427 3046 579 3121 violanda,
603 3045 743 3107 Ecclesia
769 3042 851 3120 leges
875 3039 1069 3119 spernendas,
1094 3039 1231 3101 Ecclesia
1264 3040 1342 3099 bona

260 3145 417 3225 rapienda,
431 3146 662 3208 ecclesiasticam
675 3142 893 3222 rempublicam
916 3156 1038 3201 omnem
1069 3140 1175 3215 iniqua
1196 3138 1339 3199 servitute

259 3245 501 3327 opprimendam.
519 3248 581 3307 lloc
595 3250 695 3307 autem
711 3244 809 3303 scelus
823 3240 1009 3318 gravissimis
1021 3255 1138 3319 semper
1151 3237 1342 3317 publicisque

260 3347 374 3428 punis,
388 3347 588 3422 scriusocius,
603 3342 896 3417 aCbristobomino,
912 3340 1049 3401 Ecclesiae
1058 3340 1196 3416 ductore,
1211 3338 1339 3417 Sponso,

262 3446 417 3525 Pontifice,
431 3444 572 3520 Custode,
586 3443 722 3517 Vindice,
735 3442 909 3519 castigatur.
928 3442 1018 3515 Ergo,
1029 3444 1085 3500 etc.

306 3548 340 3608 4⁰
364 3547 542 3609 Bossueticae
563 3544 772 3606 declarationis
789 3541 924 3603 doctrina
948 3538 1172 3601 monarchicum
1204 3536 1341 3599 Ecclesiae

264 3651 500 3732 principatume
523 3647 642 3708 Christo
668 3645 864 3705 constitutum
888 3642 1003 3711 evertit,
1030 3646 1059 3700 et
1080 3638 1342 3717 polyarchicamci

263 3754 395 3813 formam
411 3748 515 3830 (somne
529 3746 737 3828 republicuine)
749 3743 876 3826 inducit,
890 3754 1041 3801 summam
1064 3738 1201 3798 Ecclesiae
1213 3741 1340 3798 auctori-

264 3858 358 3912 tatem
372 3850 404 3909 in
419 3849 632 3928 Episcoporum
642 3860 789 3907 consensu
799 3839 969 3902 collocans:
988 3844 1076 3913 atqua
1090 3836 1144 3896 huc
1158 3836 1284 3912 ratione,
1298 3836 1341 3896 la-

264 3950 358 4012 vente'
385 3949 516 4009 maxime
549 3944 759 4026 protestantico
791 3944 964 4001 nostrorum
994 3942 1162 4013 temporum
1196 3933 1340 3994 latissime

265 4052 379 4114 diffuso
406 4050 540 4128 iugenio,
554 4048 667 4110 sensim
690 4042 817 4125 populos
836 4024 971 4121 perducit
994 4036 1028 4097 ad
1052 4035 1164 4096 turmas
1185 4032 1342 4111 regiminis

265 4149 506 4234 reproesmtutiui
515 4145 666 4222 neoterici,
681 4146 718 4207 de
729 4159 790 4223 quo
817 4142 896 4203 libro
922 4138 958 4199 lll
982 4136 1166 4215 disputatum
1181 4139 1235 4193 est.
1251 4130 1342 4209 Atqui

265 4254 479 4335 protestantica
487 4250 551 4313 baec
564 4250 661 4311 forme
674 4245 840 4323 regiminis,
852 4255 1005 4303 summam
1017 4235 1222 4299 auctoritatem
1235 4234 1267 4294 iu
1279 4248 1343 4293 cm-

266 4358 357 4419 nium
371 4355 484 4417 civium
497 4367 635 4423 assensu,
651 4348 735 4409 idest
751 4348 784 4407 iu
796 4342 916 4425 publicu
928 4338 1074 4422 opinione,
1089 4342 1234 4411 statuens,
1248 4339 1277 4395 et
1291 4349 1343 4412 po·

301 4610 342 4676 (a)
353 4609 435 4662 «G'en
445 4615 481 4660 est
492 4607 539 4659 tait
548 4608 583 4657 du
600 4605 711 4670 prlnclpe
727 4596 870 4655 d'eutoritt,
883 4606 945 4659 pour
956 4606 1000 4657 peu
1012 4592 1086 4655 qu'ou
1098 4588 1226 4650 t'rtlelgne
1243 4584 1307 4636 daus
1319 4594 1346 4633 ra

265 4682 351 4733 turmo
370 4681 469 4746 lupius
490 4679 629 4745 respectio,
643 4676 705 4727 dans
724 4686 769 4725 son
788 4668 959 4736 representari
981 4664 1002 4713 le
1022 4664 1079 4729 plus
1098 4663 1214 4723 auguste.
1227 4676 1238 4703 ι
1252 4654 1301 4724 (er.
1314 4666 1343 4707 n.

270 4756 356 4817 rare).

398 4854 432 4903 n.
1148 4812 1189 4879 39
