3559 5675
576 711 686 760 rma.
708 728 749 746 -·
765 711 852 762 amca
872 713 1008 766 omisca.
1271 699 1327 765 tn

268 823 357 980 motis
367 817 487 897 tegibus
496 819 703 896 vegetationis,
717 824 748 880 ot
760 819 881 897 pictura
895 821 1055 888 aru'ttcium
1070 819 1188 900 legibus
1202 825 1332 886 nauticis

267 919 307 981 ret
344 918 504 982 moderari.
1189 945 1191 950 v

336 1531 391 1580 no
412 1525 586 1580 disent·
604 1525 761 1589 turtu-
783 1530 1032 1592 pouuconn
1055 1531 1262 1592 swatobor·
1290 1546 1293 1556 ·

369 1615 608 1684 nivonis,
624 1622 669 1673 ot
680 1621 731 1674 do
747 1624 945 1683 muto
957 1621 1232 1676 continuio·

704 1793 855 1808 m

674 1969 879 2032 curreutes
899 1974 922 2032 l.

419 2141 463 2205 Dr
473 2141 620 2205 rotimmtt'
623 2141 743 2223 jurium
754 2142 942 2222 politicorum
959 2144 1182 2228 specificatione.

305 2314 394 2376 tuit.
416 2315 596 2376 durannum.
610 2343 651 2358 -
664 2314 700 2372 in
710 2327 845 2390 quonam
854 2311 988 2389 subjecto
1002 2311 1197 2376 determinato
1213 2314 1340 2377 resideat

257 2417 312 2494 jus
334 2413 484 2476 socianda
503 2413 621 2492 politica
640 2410 815 2474 ordinanda
838 2411 1045 2492 superioribus
1058 2410 1177 2474 duobus
1195 2414 1342 2493 capitibus

261 2513 407 2578 mnium
420 2531 440 2574 a
452 2512 541 2576 nobis
551 2518 606 2574 ast.
621 2514 688 2576 tam
702 2512 795 2574 altera
807 2511 1002 2592 problematis
1015 2513 1156 2592 superius
1168 2513 1256 2594 positi
1272 2531 1346 2595 pars

260 2612 481 2678 consideranda
494 2619 551 2688 cst,
560 2629 695 2690 quonam
705 2611 819 2675 scilicet
830 2611 920 2674 modo
931 2611 984 2674 ille
995 2613 1049 2690 qui
1060 2614 1131 2692 jura
1142 2615 1263 2693 politica
1276 2631 1346 2696 pos·

260 2715 340 2778 sidet
365 2713 486 2793 politico
505 2713 676 2774 sociantem
693 2712 832 2773 ordinare
845 2711 960 2773 debeat.
990 2715 1064 2786 Qum
1083 2729 1132 2774 res
1156 2721 1190 2774 ut
1203 2713 1349 2794 perpicua

259 2816 325 2893 tiat,
347 2814 405 2877 hoc
419 2813 453 2875 in
471 2812 579 2893 primis
591 2813 623 2873 in
641 2818 773 2874 mentam
793 2811 995 2875 revocandum
1017 2818 1073 2888 ast,
1095 2813 1264 2875 sociantem
1279 2819 1351 2877 esse.

259 2916 399 2977 medium
412 2913 564 2993 quoddam
583 2912 621 2975 ad
640 2910 865 2973 individuorum
886 2912 1058 2973 felicitatem
1078 2912 1203 2973 omnino
1220 2912 1346 2973 ordina-

259 3024 350 3086 tum;
373 3013 468 3076 modii
490 3017 592 3073 auum
611 3012 760 3088 cuiusque
777 3010 941 3071 benitatem
963 3010 1030 3085 ejus
1053 3008 1113 3069 tine
1132 3009 1346 3085 determinari,

258 3122 354 3194 atqua
364 3115 400 3175 iu
413 3114 481 3190 ejus
493 3110 662 3190 aptitudine
670 3110 711 3171 ad
725 3110 818 3171 tinam
827 3109 1000 3170 consistere.
1018 3108 1117 3183 Quare
1131 3110 1256 3171 societas
1270 3115 1346 3169 tunc

257 3216 360 3278 sotum
376 3214 435 3275 erit
447 3218 526 3274 recta
537 3211 684 3287 ordinata,
691 3210 812 3288 quando
824 3209 883 3269 erit
891 3214 960 3289 apta
971 3207 1008 3269 ad
1021 3208 1162 3269 socialem
1176 3209 1352 3271 individuo·

255 3331 332 3376 rum
344 3313 549 3392 operationem
558 3317 590 3371 at
599 3309 741 3371 tuendam
751 3315 781 3369 at
790 3306 1011 3387 perficiendam.
1027 3308 1082 3369 iiic
1095 3307 1188 3385 igitur
1197 3316 1243 3371 ast
1254 3324 1344 3371 rems

254 3423 351 3494 atqne
359 3412 471 3474 unicus
479 3410 595 3473 ordinis
603 3410 715 3488 politici
724 3416 754 3469 et
764 3408 946 3470 auctoritatis
958 3408 1084 3485 politica
1097 3410 1342 3487 finisproximus‚

255 3518 434 3578 societatem
451 3514 493 3572 ita
513 3510 650 3571 ordinare
663 3516 698 3570 ut
709 3525 745 3570 aa
759 3510 797 3569 sit
813 3518 884 3589 apta
903 3509 937 3569 ad
960 3508 1099 3571 socialem
1119 3510 1347 3574 individuorum

253 3615 412 3677 actionem
422 3619 454 3672 at
464 3610 621 3671 tutandam
634 3614 665 3669 at
677 3606 887 3687 perficiendam
900 3626 908 3669 ι
919 3608 973 3686 qui
988 3608 1057 3669 tiuis
1071 3608 1181 3671 idcirco
1202 3612 1238 3670 ad
1255 3610 1350 3675 finoni

254 3713 476 3777 immediatum
494 3710 595 3771 civica
615 3710 796 3788 operationis
817 3708 1041 3785 subordinatur,
1056 3710 1134 3771 sicut
1153 3698 1351 3773 immediatus

253 3818 316 3877 iste
344 3810 417 3875 finis
430 3810 644 3873 subordinatur
657 3808 695 3869 ad
714 3808 919 3869 universalem
938 3809 1063 3869 actionis
1080 3808 1221 3870 humanm
1240 3812 1350 3887 tinem,

253 3916 316 3995 qni
327 3919 377 3976 eat
386 3910 523 3973 hominis
535 3911 683 3986 cuiusque
694 3903 819 3971 felicitas¹
834 3912 978 3987 perpetua
993 3912 1058 3986 post
1070 3906 1150 3969 hunc
1160 3908 1254 3969 vitam
1265 3912 1355 3980 npti-

252 4014 376 4078 nenda.

299 4118 398 4177 1⁰22.
414 4115 484 4173 Poe.
495 4112 580 4175 500¹.
590 4140 627 4155 -
637 4108 767 4169 Potiticoe
779 4105 962 4167 auctoritatis
973 4105 1040 4167 duc
1049 4106 1205 4187 praecipua
1218 4108 1239 4169 tr
1251 4114 1364 4177 motio-

249 4233 312 4279 naa
327 4218 424 4277 snat:
440 4211 532 4273 altera
547 4226 615 4287 quar
625 4209 774 4269 sociorum
793 4204 948 4267 facultates
957 4222 1011 4285 pcr
1024 4207 1186 4284 mentium,
1203 4192 1232 4271 'vi
1245 4212 1361 4278 iluna.

251 4323 341 4389 tum,
357 4326 521 4392 corporum
534 4315 564 4369 at
585 4307 776 4369 fortunarum
787 4304 1045 4384 conjunctionem,
1068 4304 1160 4367 attera
1173 4322 1226 4385 qur
1239 4330 1258 4376 a
1272 4314 1365 4375 rocio

249 4412 508 4485 rumactionem,
522 4407 722 4485 cognitionem
735 4402 798 4465 iltis
812 4409 842 4464 et
854 4402 1039 4465 voluntatem
1051 4408 1080 4465 ct
1093 4408 1217 4483 potestat
1227 4428 1284 4475 ,am
1295 4412 1367 4474 boni

251 4510 433 4594 pangendi
446 4506 677 4588 suppeditando,
691 4504 816 4585 pertinit
1285 4542 1288 4545 -
1339 4533 1342 4539 ·

297 4618 405 4677 Pron.
424 4612 455 4672 t·
476 4624 562 4671 rans.
585 4642 623 4661 -ψ
640 4604 879 4668 Utsocietastiat
894 4610 964 4683 apta
976 4603 1014 4665 ad
1026 4602 1169 4667 socialem
1183 4608 1203 4667 i·
1220 4609 1374 4676 adiriduo-

250 4733 334 4779 rum
356 4714 510 4777 acconem
521 4716 552 4773 ct
563 4709 719 4772 mundam
740 4712 771 4768 ct
788 4704 1011 4786 perficiendam,
1033 4704 1122 4769 debat
1140 4704 1197 4770 tila
1211 4720 1261 4803 ‘at
1272 4726 1331 4773 αα
1345 4714 1375 4770 ot
1479 4798 1491 4813 ί

395 4823 428 4873 n.
1146 4802 1188 4865 to
