3559 5675
554 772 661 819 suarna.
674 770 720 803 ‘m
747 774 830 820 ttulit
849 774 982 821 orciuos.
1253 760 1313 825 ³45

258 874 364 934 societas
376 872 536 951 domestica
549 876 704 953 turbetur3
719 880 847 940 minima
861 881 985 941 moralis
1001 881 1171 943 honestatis
1186 885 1217 943 iu
1233 884 1313 943 mili-

258 984 309 1037 tnm
330 979 434 1039 animis
446 982 670 1059 corrumpenda
690 983 804 1065 occasio
815 982 991 1060 praebeatur.
1070 1021 1074 1030 ·

287 1080 337 1153 rt,
354 1080 496 1154 qnoniam
514 1086 637 1141 eventus
651 1082 785 1142 militurn
807 1082 901 1142 armis
928 1082 1081 1144 obtinendi
1102 1085 1247 1147 certitudo
1268 1091 1313 1147 est

255 1192 303 1235 una
314 1192 346 1235 er
360 1177 577 1238 conditionibus
591 1178 628 1237 ad
643 1180 688 1239 vis
701 1180 829 1257 publica
845 1180 1068 1259 perfectionem
1080 1183 1309 1259 pertinentibus,

254 1275 299 1334 boc
311 1292 401 1335 unum
422 1277 474 1337 hic
490 1278 682 1338 notabimus:
695 1278 818 1349 scilicet,
835 1285 870 1337 ut
883 1278 953 1339 linis
968 1280 1003 1339 ed
1025 1296 1117 1357 quern
1131 1283 1176 1343 vis
1191 1283 1311 1361 publica

253 1376 428 1436 essentialiter
442 1382 490 1437 est
505 1377 653 1453 ordinata,
677 1378 859 1451 obtineatur,
879 1379 1003 1439 moralis
1026 1379 1167 1457 honestas
1188 1387 1216 1442 et
1237 1390 1310 1445 sana

251 1475 340 1549 religio
362 1477 393 1535 in
416 1476 552 1537 militnm
580 1478 749 1555 pectoribus
772 1494 893 1538 summa
918 1495 988 1539 cura
1005 1479 1131 1541 fovenda
1152 1487 1181 1540 et
1194 1499 1311 1545 conser-

252 1574 333 1634 vanda
345 1582 397 1635 est.
413 1578 547 1650 Etenim,
561 1594 657 1653 quum
672 1578 717 1639 vis
728 1578 847 1656 publica
862 1583 923 1637 tam
937 1579 1033 1639 valide
1046 1580 1227 1657 firmiterque
1240 1598 1309 1641 con-

252 1676 337 1735 stituta
348 1694 412 1737 esse
422 1678 550 1752 debeat,
576 1679 707 1740 utnulla
722 1679 768 1739 illi
782 1680 828 1738 vis
839 1680 899 1739 alia
913 1680 1050 1761 resistere
1065 1682 1170 1759 possit,
1186 1682 1211 1740 si
1226 1698 1309 1743 exer-

251 1776 312 1836 citus
326 1778 452 1855 probitas
474 1784 568 1855 atque
587 1778 727 1839 honestas
749 1759 1118 1857 corrumpaturssridens
1133 1786 1190 1855 est,
1216 1761 1311 1841 totius
1429 1760 1452 1773 ‘¹

250 1876 344 1937 ordinis
359 1878 478 1939 socialis
496 1878 686 1956 publicaque
712 1879 936 1962 tranquillitatis
957 1862 997 1940 ac¹
1009 1868 1190 1959 privatarum
1214 1882 1306 1942 loriu-

250 1991 338 2037 narum
351 1978 473 2039 exitium
490 1978 528 2037 ab
547 1978 601 2038 illo
622 1979 798 2056 impendens
810 1995 885 2039 esse
904 1984 1046 2057 perpetuo
1068 1980 1303 2041 formidandum.

250 2074 347 2134 ltilitari
357 2093 493 2155 namque
504 2079 649 2137 exercitus
663 2077 813 2153 tyrannidi
827 2077 914 2137 nulla
928 2078 1029 2137 civitas
1041 2080 1180 2155 resistere
1198 2085 1302 2156 potest.

248 2172 316 2242 Quod
327 2174 446 2250 quidem
455 2176 598 2235 omnium
613 2180 783 2253 temporum
802 2179 1002 2233 monumenta
1015 2176 1203 2235 confirmant.
1217 2176 1304 2267 rtpud

248 2284 332 2331 omnes
344 2274 423 2332 enim
438 2272 582 2352 populos,
601 2273 699 2333 sedin
714 2287 838 2332 romano
861 2272 1026 2349 praesertim
1040 2274 1177 2350 imperio,
1188 2275 1304 2349 -pr‘aeto-
1405 2354 1410 2363 ι

247 2367 378 2429 rimorum
391 2377 421 2431 et
433 2370 549 2447 reliqui
559 2371 705 2431 exercitus
718 2370 776 2445 ris,
797 2385 815 2427 a
829 2369 949 2448 proprio
967 2385 1022 2429 suo
1036 2370 1095 2429 sine
1118 2376 1207 2445 atque
1220 2370 1305 2429 insti-

247 2472 295 2525 tuto
311 2468 459 2546 aberrem
484 2467 646 2529 innumera
660 2468 693 2549 in
709 2484 788 2529 rem·
800 2466 953 2546 publicam
972 2466 1068 2539 mala,
1092 2466 1304 2544 summamque

248 2568 385 2642 perniciem
403 2570 544 2631 adduxit.
1281 2558 1288 2565 ’
1317 2566 1318 2571 ’

278 2661 358 2741 igitur
381 2671 423 2730 rei
445 2668 578 2748 publicae
598 2668 765 2749 plurimum
786 2668 923 2744 interest,
939 2674 973 2729 ut
995 2669 1027 2729 in
1047 2668 1177 2729 militnm
1193 2669 1303 2729 animis

248 2763 387 2829 honestatis
411 2770 553 2831 studium
578 2775 608 2830 et
628 2766 787 2847 religionis
816 2786 902 2829 amor
931 2786 1049 2849 semper
1072 2770 1200 2846 vigeant.
1232 2768 1302 2831 inde

246 2866 311 2926 euim
328 2869 410 2930 cilicii
430 2868 485 2930 sui
506 2869 681 2949 publicique
695 2870 766 2930 boni
787 2875 925 2930 constans
941 2868 1147 2946 invitatumque
1168 2869 1303 2930 studium

246 2966 374 3030 ciuiliter
386 2969 562 3052 etmilitum
574 2969 702 3048 praeiccti
714 2968 867 3044 ducesque
881 2963 1031 3028 haurient

277 3064 349 3125 tinde
377 3067 562 3144 intelligitur
589 3074 703 3145 quanto
730 3068 839 3127 mentis
860 3082 960 3126 errore
983 3065 1170 3142 decipiantur
1197 3065 1218 3124 ii
1248 3067 1302 3142 qui

245 3177 344 3228 omnem
365 3169 475 3230 mortis
497 3173 612 3229 metum
636 3185 671 3227 ex
694 3165 828 3226 militum
840 3163 1019 3244 pectoribus,
1039 3163 1121 3223 omni
1147 3163 1302 3240 religionis

245 3277 317 3325 serm
333 3269 463 3345 vitaeque
476 3267 656 3327 lutura-fide
673 3267 704 3326 in
719 3265 825 3326 iisdem
839 3265 995 3340 exstincta,
1011 3262 1222 3342 depellendum
1236 3281 1302 3324 esse

244 3366 368 3426 sumunt.
381 3366 517 3441 Etenim,
531 3365 682 3442 siquidem
697 3365 734 3425 ad
752 3363 904 3444 publicam
928 3363 1176 3442 tranquillitatem
1197 3380 1299 3424 armo-

245 3475 298 3520 mn
314 3465 454 3542 prasidio
481 3465 637 3525 tutandam
660 3465 750 3525 mites
772 3481 836 3525 esse
855 3470 996 3524 strennus
1019 3469 1108 3540 atque
1131 3463 1300 3542 impavidus

243 3557 324 3637 debet,
336 3572 365 3624 at
387 3565 480 3626 illum
496 3581 557 3626 non
577 3566 693 3624 minore
708 3565 854 3642 probitate
868 3579 902 3626 ac
922 3563 981 3624 lide
995 3581 1065 3640 erga
1084 3564 1221 3642 patriam,
1243 3582 1299 3642 pa-

244 3659 354 3739 lricsque
372 3670 533 3743 potestates
544 3664 701 3741 ‘legitimas
715 3663 875 3742 praeditum
889 3679 954 3724 esse
975 3669 1097 3746 oportet.
1113 3664 1250 3724 lamvero
1271 3667 1300 3722 et

242 3768 360 3823 constans
380 3781 454 3841 erga
475 3765 601 3844 patriam
625 3763 701 3824 fides
722 3769 752 3823 et
772 3768 896 3824 strenua
918 3769 1022 3824 contra
1046 3762 1145 3823 hostes
1164 3763 1259 3826 virtus
1281 3777 1299 3822 a

243 3859 347 3940 ratione,
368 3863 406 3924 ab
431 3863 522 3925 olfieii
543 3863 735 3939 conscientia,
761 3881 778 3922 a
799 3862 954 3938 religionis
981 3860 1080 3921 studio
1099 3866 1297 3938 promanant:

241 3953 291 4018 hec
302 3977 428 4041 namque
440 3979 503 4024 una
516 3971 589 4024 sunt
601 3964 724 4024 actionis
737 3963 878 4024 hnmanae
889 3961 1035 4040 principia
1049 3960 1206 4019 naturalia.

272 4059 322 4118 3¹¹³·
336 4065 378 4123 Ex
392 4065 430 4123 iis
444 4081 511 4141 quae
525 4065 665 4143 superins
689 4063 725 4125 de
746 4064 792 4122 vis
809 4062 937 4141 publicar
952 4065 1057 4120 natura
1071 4058 1213 4135 diximus,
1229 4074 1297 4116 ma-

241 4151 365 4220 niiestnm
379 4164 429 4239 sit,
453 4179 518 4223 eam
532 4139 610 4242 ,pro
627 4150 747 4225 diverso
766 4162 880 4238 objecto
903 4159 940 4219 ad
962 4158 1041 4236 quod
1066 4156 1189 4217 diversae
1214 4152 1298 4216 illius

240 4262 321 4329 latios
340 4262 532 4336 ordinantur,
554 4262 825 4323 administrandam
849 4277 913 4322 esse
936 4259 973 4320 ab
999 4275 1033 4319 ea
1053 4273 1181 4337 persona
1206 4271 1297 4336 penes

240 4368 315 4428 qnam
334 4377 474 4439 suprema
487 4363 605 4424 socialis
625 4369 755 4440 potestas
778 4363 822 4422 illi
846 4361 960 4439 objecto
983 4359 1154 4421 correlative
1174 4356 1294 4418 residet.

239 4453 328 4532 ltaque
346 4461 377 4520 in
401 4463 572 4524 monarchia
595 4480 756 4540 supremus
769 4463 815 4523 vis
830 4460 958 4540 publicar
978 4460 1129 4521 ordinator
1150 4465 1178 4520 et
1194 4457 1296 4520 admi·

241 4553 320 4615 nister
339 4563 501 4623 monarcha
523 4563 606 4624 eolus
626 4571 681 4624 est.
706 4566 738 4623 lu
761 4561 940 4640 polyarcbiis
959 4579 1028 4622 iero
1052 4576 1238 4639 unaquaque
1252 4560 1296 4620 vis

241 4654 350 4725 publica
372 4665 483 4739 species
504 4664 634 4741 pendere
654 4662 741 4736 debet
765 4662 802 4722 ab
825 4662 880 4720 illa
895 4666 1055 4740 potestate,
1070 4661 1119 4722 oui
1137 4659 1296 4741 peculiaris

241 4753 385 4830 diacrisim
399 4762 477 4836 qriod
491 4780 679 4841 uitaquaeque
690 4764 735 4824 ris
747 4761 913 4840 ordinatur,
924 4779 995 4823 cura
1008 4763 1168 4822 commissa
1183 4765 1238 4820 est.
