3559 5675
487 710 546 771 354
890 726 969 769 uuus
990 726 1052 767 stu
1067 724 1148 769 tranis

488 833 628 891 labimus.
650 834 813 906 Quumque
837 831 983 889 societatis
1008 826 1244 889 internatinnalis
1271 835 1398 911 proprius
1416 834 1471 891 llius
1495 836 1516 891 in

486 934 592 991 lurum
608 930 708 1005 legum
724 930 929 988 observatione
944 928 1145 1007 promovenda
1160 930 1341 1007 tutaudaque
1354 934 1482 1007 consistat,
1493 953 1517 993 u

480 1032 537 1091 troc
551 1029 610 1089 line
624 1027 829 1104 colligendum
852 1036 908 1095 est,
931 1042 1072 1104 quanam
1106 1028 1255 1089 societatis
1277 1029 1357 1101 illins
1376 1038 1467 1091 natura
1482 1034 1516 1107 sit,

475 1144 616 1207 quaenam
629 1128 713 1189 illius
737 1128 853 1205 politica
871 1127 1019 1187 ordinatio
1038 1144 1103 1188 esse
1121 1127 1236 1209 debeat.
1254 1137 1288 1188 ut
1299 1133 1431 1207 caoussit
1442 1132 1518 1190 eilra-

473 1234 547 1293 eiter
568 1231 726 1290 nationum
740 1228 1064 1303 consociatarumjure
1086 1228 1174 1298 tueri,
1196 1236 1225 1287 et
1245 1229 1418 1303 ciliciorum,
1433 1230 1519 1305 quibus

475 1328 581 1407 populi
595 1344 667 1403 erga
681 1328 806 1405 populos
821 1326 952 1403 aquales
972 1331 1126 1399 tenentur,
1148 1326 1381 1391 observationem
1401 1330 1517 1389 obtinere.

517 1426 823 1488 Animadvertendum
844 1427 975 1503 denique
1001 1426 1050 1489 liic
1073 1432 1128 1496 est,
1152 1426 1282 1487 nationis
1299 1430 1415 1489 nominc
1433 1430 1459 1487 in
1478 1436 1520 1487 roe

478 1527 536 1587 hae
551 1527 588 1589 de
609 1527 729 1605 juribus
742 1532 772 1587 et
784 1526 890 1588 ciliciis
904 1526 1192 1611 internetioualibus
1206 1527 1401 1606 disputatione
1420 1514 1519 1607 intelligi

482 1627 662 1707 «politicam
684 1628 852 1687 societatem
875 1625 1100 1701 quamlibetsui
1113 1628 1193 1701 Juris
1209 1634 1238 1689 et
1262 1626 1518 1707 independenter„

477 1727 590 1787 omissa
603 1726 697 1803 hujus
717 1726 797 1786 vocis
814 1725 876 1785 alia
889 1726 1036 1803 pressiore
1053 1726 1234 1804 acceptione,
1254 1744 1322 1804 qirae
1344 1728 1380 1787 ad
1400 1727 1519 1789 nationem

476 1826 599 1887 unicam
619 1808 862 1883 constituendam
884 1822 1016 1901 postulat
1042 1824 1156 1903 stopie,
1179 1824 1306 1902 lingua,
1323 1828 1456 1904 regionis,
1469 1824 1521 1885 alio

475 1939 605 2000 rumque
617 1920 793 1998 hujusmodi
807 1919 1006 1981 identitatem.

516 2024 686 2082 uminum
699 2022 729 2079 2.
752 2051 793 2065 -
814 2020 965 2093 Quoniam
991 2021 1114 2081 societas
1137 2024 1377 2107 ipternotioualie
1399 2022 1521 2085 a'morrli

474 2118 608 2182 hominis
619 2106 790 2199 operatione
806 2116 970 2193 enascitur,
986 2118 1068 2179 unde
1094 2122 1177 2183 litut
1197 2123 1264 2199 ejus
1280 2122 1417 2185 lormatio
1431 2122 1522 2183 morali

474 2218 532 2279 bue
557 2218 676 2303 legibps
697 2219 737 2278 sit
759 2217 905 2293 obnoxia;
932 2216 1041 2279 idcirco
1069 2218 1106 2277 ad
1126 2206 1226 2297 liujus
1247 2222 1395 2287 societatis
1412 2204 1521 2283 naturam

474 2317 566 2397 prebe
585 2316 809 2393 intelligendam
828 2314 934 2375 eadem
958 2316 1018 2391 rie,
1037 2333 1130 2393 quarn
1151 2318 1188 2377 tle
1210 2320 1376 2381 indiuiduis
1398 2322 1522 2396 loquente

473 2416 566 2477 secuti
585 2434 710 2491 sumus,
730 2416 781 2476 hic
803 2432 925 2493 quoque
942 2414 1163 2493 procedendum
1179 2424 1224 2477 est
1245 2438 1252 2477 ι
1275 2420 1421 2479 nimirum
1431 2423 1489 2496 jura
1503 2424 1523 2475 et

474 2516 572 2577 olfieia
590 2516 784 2589 universalia,
804 2516 883 2573 inter
897 2514 983 2574 binas
997 2530 1196 2593 quascunque
1211 2518 1350 2581 nationes
1364 2519 1480 2597 aquales
1492 2519 1525 2575 in·

474 2615 701 2689 intercedentis,
725 2614 859 2692 primum
881 2614 1100 2677 consideranda
1121 2624 1202 2677 suut.
1218 2620 1354 2691 Quorum
1368 2619 1524 2698 quidenju-
1580 2688 1581 2705 ἵ

473 2716 555 2773 rium
567 2720 597 2774 et
610 2710 783 2774 ciliciorum
797 2714 983 2774 conservatio
1006 2723 1035 2774 et
1057 2716 1196 2794 perlectic
1210 2717 1246 2776 ad
1274 2720 1443 2779 societatem
1457 2720 1524 2780 inter·

473 2812 657 2874 rationalem
679 2811 882 2874 essentialiter
903 2814 1065 2898 pertinetur
1095 2818 1237 2894 quorun
1255 2820 1328 2894 jure
1349 2820 1401 2880 ille
1420 2820 1469 2880 suli
1485 2818 1525 2878 luc

473 2922 607 2993 respecto
621 2913 767 2994 appellari
783 2919 881 2992 potest
896 2913 990 2974 civica
1003 2913 1153 2974 actionum
1163 2917 1293 2979 secretas.
1310 2923 1344 2980 ln
1360 2921 1437 2982 huuc
1447 2929 1524 2981 auten

473 3015 566 3076 linem
593 3015 737 3093 tantisper
759 3015 910 3090 fingemus
931 3015 1008 3077 duas
1033 3022 1148 3076 tautum
1166 3019 1304 3082 uatiettes
1323 3023 1467 3099 equales,
1486 3037 1524 3080 sen

472 3116 629 3176 societates
649 3114 887 3192 independentes
902 3114 935 3174 iu
956 3115 1042 3174 terrie
1065 3117 1204 3192 existere,
1227 3124 1261 3182 et
1287 3121 1524 3197 solemnesque

472 3220 648 3276 commonia
669 3221 784 3274 naturai
798 3214 947 3293 principia
961 3215 1120 3276 interillos
1134 3223 1281 3294 statuant,
1299 3230 1512 3299 perscrutemur.

513 3319 683 3376 rioreuuutr
698 3313 729 3372 3.
752 3343 791 3358 -
813 3314 982 3374 llelationce
999 3329 1067 3389 qum
1086 3314 1188 3393 plures
1213 3317 1291 3378 iuter
1305 3321 1441 3382 rtanonee
1458 3321 1526 3378 inter

472 3415 603 3484 oeduut,
626 3427 690 3485 non
715 3416 842 3488 poscunt
864 3411 982 3472 realiter
1004 3419 1032 3472 et
1053 3413 1201 3476 moraliter
1231 3421 1361 3480 exerceri
1389 3421 1446 3482 nisi
1469 3420 1526 3478 inte

473 3527 577 3574 earum
598 3510 758 3590 principes,
772 3511 835 3570 sive
853 3510 1076 3585 monarchum,
1088 3514 1151 3574 sire
1168 3513 1377 3592 potoarotneus
1391 3517 1527 3593 uuusquis-

473 3629 533 3690 que
561 3611 684 3674 illorum
703 3609 823 3670 tandem
850 3610 899 3668 rit.
927 3613 1109 3686 Quanquam
1136 3629 1188 3688 pro
1219 3613 1338 3676 diverse
1370 3619 1527 3695 principatur

473 3709 714 3774 lormediversoe
728 3713 817 3772 etiam
827 3708 950 3770 edoctus
964 3710 1068 3772 relatio
1083 3711 1317 3776 internetioualis
1337 3719 1457 3792 gignere
1474 3729 1523 3794 poe

475 3815 533 3887 sit,
560 3820 705 3883 aeuum,
724 3810 804 3888 quod
823 3810 861 3870 ad
880 3817 1019 3874 ueturein
1041 3812 1135 3890 ipsam
1162 3817 1228 3890 ojus
1252 3801 1407 3878 relationis
1428 3823 1526 3886 arnust,

471 3921 588 3976 eertum
602 3920 647 3974 est
659 3927 727 3974 eam
738 3927 857 3990 semper
872 3913 1025 3972 terminari
1038 3913 1073 3972 ad
1096 3915 1237 3976 socialem
1256 3921 1405 3995 cujusque
1422 3899 1526 3978 naitono

473 4019 632 4090 unitatem,
657 4031 725 4092 quae
748 4013 938 4089 strigularum
961 4016 1289 4080 auctoritatecouerete
1310 4027 1439 4098 sumpta.
1455 4021 1525 4094 ,que-

472 4135 593 4197 cunque
611 4116 664 4180 ille
679 4116 732 4188 eit,
752 4114 951 4174 mmrrtialiter
964 4116 1156 4176 constituitur
1178 4118 1271 4193 (740).

518 4219 605 4280 uee.
632 4221 701 4277 lue.
719 4215 855 4273 eote-
867 4213 1002 4276 eremum
1019 4216 1099 4292 juria
1115 4217 1352 4282 internatiunalis
1364 4219 1523 4298 principium

471 4317 694 4392 asturconem
711 4327 865 4391 quamque
878 4315 921 4372 ite
937 4331 1007 4374 curn
1020 4315 1080 4374 alia
1094 4317 1215 4376 cadone
1226 4322 1335 4395 queris
1351 4338 1440 4400 apere
1459 4331 1525 4395 oper·

474 4433 548 4496 tere,
562 4428 598 4481 nt
612 4421 681 4496 elus
692 4416 865 4477 ietioitatem
884 4431 938 4491 pro
955 4416 1071 4476 viribus
1084 4429 1263 4494 premerent.

515 4526 609 4583 t‘ror.
628 4551 662 4564 -
679 4517 847 4580 Relationes
861 4517 1105 4578 internaoonatea
1126 4535 1185 4580 non
1203 4522 1289 4584 aliter
1308 4537 1431 4604 possunt
1451 4545 1525 4608 quan

478 4623 631 4686 variarum
650 4621 730 4681 inter
745 4617 901 4678 sindonum
916 4617 1065 4696 principes
1080 4621 1223 4694 exerceri,
1249 4632 1283 4684 ut
1302 4639 1398 4706 nuper
1416 4628 1527 4692 uomodo

476 4725 510 4790 ³⁰
523 4720 802 4786 animadvertimus.
827 4724 966 4784 tamvero
983 4725 1216 4790 lomamenotis
1233 4736 1263 4790 et
1284 4731 1423 4812 primaria
1440 4729 1527 4794 relatu
