3559 5675
455 709 518 772 386
868 723 1125 770 resuscitentur
1155 751 1161 760 .

495 831 584 892 loeo.
599 839 736 892 tonora..
748 861 782 874 -
796 829 910 890 l'nloris
929 839 958 888 ct
981 830 1068 906 pretii
1083 845 1137 907 pro
1152 829 1262 906 quevis
1275 843 1375 890 metue
1388 825 1531 888 stabilitas

452 930 557 990 haberi
572 932 603 989 in
617 937 696 988 certe
711 929 850 988 societate
860 927 983 1004 nequit,
1004 927 1062 988 nisi
1082 931 1232 1003 quatenus
1252 935 1283 988 et
1300 925 1455 1003 prramdiu
1467 941 1531 1001 per-

454 1031 565 1091 lectum
577 1027 653 1087 illud
664 1026 871 1104 aequilibrium
885 1027 1034 1086 societatis
1047 1025 1189 1086 soliterler
1199 1033 1229 1086 et
1241 1025 1428 1086 stationariae
1443 1041 1532 1102 perse·

453 1133 546 1188 vernt.
569 1129 606 1186 llt
624 1143 695 1186 vero
713 1125 770 1184 hoe
782 1126 986 1200 aequilibrium
1007 1125 1059 1184 diu
1075 1125 1236 1204 perdurare
1256 1141 1318 1184 non
1339 1131 1453 1202 potest,
1468 1126 1531 1199 quir

452 1243 557 1288 serere
573 1227 698 1290 societas
717 1224 863 1301 qualibet
883 1231 1063 1302 perpetuum
1085 1233 1114 1284 et
1134 1223 1296 1302 multiplex
1316 1224 1531 1284 commercium

451 1341 523 1386 eum
538 1323 714 1402 propinquis
728 1323 918 1384 societatibus
936 1321 1041 1396 tanet,
1060 1339 1095 1384 sc
1107 1331 1267 1401 perpetum
1280 1323 1495 1399 cognitionum
1508 1329 1534 1382 et

452 1422 607 1484 industrie
621 1423 806 1483 accessiones
817 1420 995 1482 naturaliter
1007 1422 1126 1499 accipit,
1141 1430 1170 1481 et
1183 1421 1216 1480 in
1234 1421 1406 1480 neeesmria
1420 1421 1531 1500 depen-

451 1521 551 1582 dentia
564 1522 603 1582 ab
615 1522 731 1582 ordinis
745 1519 891 1580 nntumlis
904 1519 1160 1582 vicissitudinibus
1171 1527 1318 1580 versamr.
1332 1521 1436 1595 lgitur
1449 1522 1532 1580 etiarn

450 1621 566 1681 ratores
575 1628 606 1681 et
618 1620 713 1698 pretia
723 1620 867 1680 mercium
887 1635 1139 1695 quarumcunque
1153 1619 1305 1697 perpetuis
1319 1618 1456 1678 obnoxia
1470 1627 1534 1678 suut

452 1720 781 1795 mutationibus5quas
803 1718 925 1794 quidenr
946 1717 990 1776 ad.
1004 1733 1096 1777 sunm
1115 1717 1361 1778 emolumentum
1387 1717 1534 1777 indrustria

451 1819 664 1899 productorum
673 1815 1116 1891 convertit,rnodol1anornodo
1129 1815 1213 1874 illurn
1225 1815 1463 1894 productionem
1475 1834 1534 1878 sus

444 1919 579 1997 uptam,
592 1924 681 1995 prout
700 1917 794 1992 liujus
808 1917 856 1976 rel
872 1916 957 1976 illius
972 1919 1069 1994 major
1082 1931 1188 1991 urgere
1207 1917 1368 1976 necessitas
1383 1917 1532 1978 videatur.

449 2063 454 2070 .
487 2018 576 2078 1087.
593 2019 661 2078 l’os.
677 2016 760 2076 531¹.
774 2047 814 2060 ·-
826 2014 991 2074 Esseutiele
1010 2013 1213 2091 productionis
1233 2021 1477 2080 erummeuturn
1496 2025 1535 2076 est

450 2117 595 2178 mercium
611 2113 824 2194 producurum
838 2113 978 2174 venditio.

481 2216 574 2274 Paos.
586 2211 749 2272 Essentiale
758 2211 1025 2287 etqueuniversale
1035 2211 1218 2290 principium
1227 2211 1332 2288 quoad
1344 2216 1535 2290 operandum

446 2315 482 2374 in
491 2313 684 2374 scientiarum
694 2317 785 2388 etque
795 2311 908 2370 artium
918 2309 1038 2370 culture
1046 2309 1185 2370 homines
1194 2311 1370 2389 incitantur,
1378 2323 1430 2374 est
1439 2331 1537 2376 neces·

447 2414 529 2476 saria
538 2413 591 2472 ille
605 2411 756 2473 tendentia
766 2427 829 2488 qne
839 2425 946 2470 ornnes
958 2410 1157 2487 impelluntur
1168 2409 1203 2470 ad
1215 2413 1411 2487 queritando
1422 2415 1535 2492 objecta

444 2514 672 2588 uniucujusque
685 2510 912 2572 necessitatibus
925 2510 1156 2570 accommodata.
1177 2512 1268 2586 Atqui
1288 2511 1484 2590 impossibile
1495 2522 1535 2574 est

448 2612 558 2687 cuique
569 2609 687 2669 lromini
698 2625 750 2686 per
763 2626 795 2669 se
805 2609 907 2668 solum
922 2609 1083 2686 producere
1096 2611 1207 2680 omnir,
1222 2627 1289 2686 quae
1303 2612 1393 2672 illius
1408 2617 1536 2674 necessi·

448 2710 559 2770 tatibus
574 2708 651 2768 reris
663 2712 715 2766 eut
726 2707 810 2768 lalsis
824 2707 1017 2768 satisfaciant.
1045 2708 1179 2782 Quisque
1199 2707 1291 2784 igitur
1312 2707 1372 2770 hoc
1386 2715 1493 2790 sentit,
1507 2730 1536 2772 se
1590 2701 1591 2775 l

450 2822 511 2869 uon
528 2821 616 2887 posse
634 2806 788 2884 omnibus,
808 2807 921 2884 quibus
940 2808 1064 2883 indiget,
1080 2807 1325 2885 productionibus
1341 2810 1417 2883 lrui,
1434 2815 1497 2873 nisi
1510 2821 1535 2875 et

448 2907 512 2985 ipse
524 2906 600 2967 elice
612 2922 658 2967 res
670 2906 826 2985 producet,
841 2922 971 2981 quarum
988 2908 1206 2984 permutatione
1221 2924 1336 2969 merces
1351 2912 1413 2973 sllti
1433 2929 1535 2975 necea-

448 3006 793 3081 crimonosorum
812 3005 892 3065 idem
914 3004 1096 3083 principium
1118 3022 1179 3081 quo
1198 3008 1337 3067 lomines
1351 3012 1534 3085 excitantur,

449 3112 483 3163 ut
495 3106 558 3165 suis
569 3105 794 3165 necessitatibus
806 3103 1001 3177 satisfacient,
1014 3103 1082 3163 illos
1097 3106 1202 3165 endem
1217 3108 1331 3167 ratione
1344 3110 1493 3187 impellit,
1507 3120 1535 3171 ut

448 3212 598 3281 quantum
630 3220 730 3263 rerum
754 3204 819 3263 suis
843 3202 900 3280 ipsi
923 3202 1038 3263 virilius
1059 3202 1221 3281 producere
1239 3214 1387 3285 pessunt,
1412 3210 1534 3269 solerter

449 3300 624 3378 producant,
636 3316 708 3361 curn
719 3301 788 3361 eliis
798 3300 908 3363 deinde
920 3299 1010 3361 relius
1024 3300 1081 3387 silit
1094 3302 1268 3363 necessariis
1279 3309 1532 3383 permutandum,

443 3400 525 3480 idest
538 3396 730 3459 vendendum.
747 3402 837 3476 Ergo,
849 3408 906 3461 etc.

489 3496 578 3557 1088.
598 3500 666 3561 l‘os.
688 3498 773 3559 532¹.
792 3531 833 3545 —
846 3499 890 3561 nd
904 3500 1154 3577 proportionalem
1170 3504 1319 3565 mucium
1333 3512 1533 3582 permutatio

447 3612 531 3673 nem,
544 3614 599 3657 seu
612 3598 824 3677 venditionem,
839 3601 974 3659 medinm
990 3604 1193 3663 necessarium
1204 3610 1251 3663 eat
1263 3610 1407 3683 pecunia.

488 3699 578 3756 l'non.
595 3728 624 3741 —
645 3698 681 3758 t't
700 3700 764 3758 suis
782 3699 898 3775 quique
921 3700 1146 3761 rrecessltatiltus
1169 3702 1309 3765 homines
1330 3710 1528 3783 sauslaueut,

447 3810 567 3857 necesse
580 3810 625 3855 est
637 3813 689 3859 eos
702 3797 912 3877 productiones
930 3814 1002 3858 suas
1020 3814 1090 3859 cum
1111 3801 1179 3867 aliis
1193 3804 1449 3881 productionibus
1461 3826 1529 3887 per-

447 3900 565 3957 mutare
574 3939 586 3971 ‚
608 3904 642 3957 ut
660 3912 756 3975 nuper
776 3895 943 3957 aiebamus.
964 3900 1055 3974 Atqui
1072 3904 1101 3957 l·
1121 3902 1153 3959 in
1172 3903 1323 3981 reciproca
1348 3907 1408 3967 ista
1429 3924 1529 3968 rerum

444 3994 655 4073 producturum
670 3998 886 4074 permutatione
907 4013 983 4075 saepe
1002 3998 1132 4075 accidere
1151 3999 1250 4075 debet,
1271 4010 1304 4063 ut
1323 4014 1429 4083 partes
1445 4024 1529 4084 qun·

444 4094 515 4153 dam
528 4094 757 4173 produc-tionum
770 4096 955 4175 pnrvtssinrae
967 4098 1172 4173 permutandae
1182 4104 1261 4179 sint;
1274 4110 1304 4163 et
1318 4110 1393 4165 tunc
1404 4106 1527 4168 difficil-

445 4193 554 4255 limum
578 4200 658 4255 esset
682 4196 888 4273 proportiones
908 4196 1126 4271 aequivalente
1148 4200 1180 4259 in
1202 4202 1294 4263 rebus
1317 4206 1529 4281 permutandis

444 4294 644 4355 determinare
656 4300 746 4369 atque
760 4294 890 4355 invicem
906 4294 1079 4357 retribuere.

483 4397 517 4453 2⁰
531 4396 563 4453 ln
582 4410 760 4471 quecunque
780 4411 884 4455 rernm
906 4399 1175 4475 permutandarunr
1193 4404 1361 4477 quantitate
1379 4406 1527 4468 dillicilli·

443 4508 529 4553 mum
543 4501 589 4553 cst
600 4498 730 4553 statuere
751 4494 825 4571 quid
843 4503 872 4555 et
889 4502 1041 4572 quantum
1062 4500 1155 4561 unius
1175 4503 1284 4565 merois
1298 4506 1349 4565 otri
1370 4514 1401 4565 et
1414 4520 1527 4583 quanto

442 4590 570 4654 alierum
590 4596 738 4653 mercium
755 4596 943 4671 equivaleet.
961 4599 1064 4671 Quum
1078 4601 1161 4659 euim
1175 4602 1380 4681 retrususque
1394 4608 1477 4667 vetor
1490 4608 1527 4666 alt

444 4689 510 4765 ejus
523 4690 715 4769 potissimum
729 4691 903 4757 utilitatem
916 4698 1089 4759 necessitate
1104 4700 1454 4779 perdestetnecessltas
1469 4707 1526 4769 ista
