3559 5675
458 724 519 791 tto
866 744 946 792 runis
966 744 1131 791 erroneus

458 848 573 911 ordinis
589 850 763 911 restituendi
785 852 879 929 gratia
901 850 1111 913 tantummodo
1123 850 1237 912 bellurn
1249 854 1427 927 susceperat3
1443 850 1505 927 qood

459 948 530 1009 belli
546 956 660 1011 naturae
682 950 737 1029 ipsi
753 958 908 1029 repugnat.
924 952 1015 1029 Atqui
1036 951 1152 1012 ordinis
1174 950 1377 1027 tranquillitas
1396 956 1436 1009 est
1450 966 1505 1027 par.

462 1050 624 1126 bigoque
648 1052 727 1112 natio
751 1052 865 1112 bellum
882 1053 1035 1112 moderate
1061 1056 1155 1125 gerat,
1175 1050 1264 1110 debet
1282 1058 1418 1127 perpetue
1430 1056 1510 1127 paren

459 1164 524 1209 esse
549 1150 583 1208 ad
605 1168 689 1211 arma
715 1152 876 1231 ponenda,
898 1153 997 1212 statim
1020 1158 1111 1227 atque
1139 1154 1253 1228 jnstam
1281 1166 1381 1228 paoem
1400 1150 1509 1208 obtinere

460 1254 563 1325 polest.
669 1300 672 1303 .

504 1350 591 1407 1108.
617 1350 682 1409 Pes.
710 1351 792 1411 597¹.
819 1384 856 1395 -
884 1350 1001 1410 Rellum
1027 1350 1069 1408 ita
1091 1348 1256 1424 gerendum
1282 1356 1350 1422 est,
1377 1352 1409 1405 ut
1433 1348 1511 1405 omnis

460 1447 542 1507 lesio
564 1448 600 1507 ad
626 1450 735 1510 violata
750 1453 820 1527 jura
841 1450 1020 1511 vindicanda
1042 1448 1170 1523 inutilis,
1190 1448 1316 1508 omnino
1331 1452 1513 1505 etcomuuur

439 1546 580 1627 nitetur.

502 1648 722 1709 Pron-Bello
732 1648 857 1709 alteram
867 1650 1018 1709 nationem
1026 1664 1202 1727 oppugnare
1213 1648 1321 1706 ideirco
1332 1652 1443 1705 tantum
1453 1642 1514 1703 lieet.

461 1750 495 1803 ut
506 1744 579 1805 ordo
594 1747 721 1807 violatus
734 1748 810 1808 inter
821 1748 897 1809 duas
910 1750 1045 1808 nationes
1062 1749 1184 1828 pervim
1201 1748 1385 1806 restituatur.
1399 1746 1466 1817 argo
1477 1743 1515 1800 illa

462 1843 561 1904 solinu
582 1846 692 1907 damna
708 1848 758 1907 lali
770 1850 883 1908 nationi
904 1850 1007 1907 inferri
1018 1850 1089 1923 jure
1104 1856 1238 1925 possunt,
1256 1864 1324 1923 «pure
1346 1846 1383 1905 ad
1403 1846 1515 1905 ordinem

462 1941 723 2008 internetionalbm
737 1948 958 2009 resarciendum
974 1946 1148 2027 pertineant.
1164 1947 1253 2023 Atqui
1270 1947 1355 2006 laesio
1375 1945 1478 2023 queris
1488 1942 1515 2001 ad

459 2046 528 2119 jnra
545 2046 720 2107 vindicanda
735 2065 857 2127 proruis
876 2048 1003 2119 inutilis,
1022 2047 1109 2107 11111111
1123 2056 1211 2126 parto
1238 2046 1380 2124 prodesse
1393 2050 1478 2123 potest
1489 2042 1516 2100 ad

462 2144 597 2207 ordinem
609 2148 867 2209 internatioualeiu
884 2148 1101 2208 restituendum
1116 2166 1124 2208 z
1139 2155 1184 2207 est
1198 2146 1281 2207 enim
1293 2145 1346 2205 illa
1357 2146 1517 2223 potiusnon

462 2242 587 2319 ordinis,
604 2248 679 2307 idest
695 2250 805 2309 amoris
818 2247 1069 2321 internetionnlis,
1090 2246 1223 2305 violatio.
1238 2248 1329 2320 Ergo,
1347 2252 1402 2305 ete.

503 2342 592 2407 1209.
619 2350 685 2409 t‘os.
713 2350 794 2409 5118·Ι
814 2382 854 2395 -
875 2351 911 2407 Ut
927 2350 1043 2409 bellum
1064 2347 1213 2405 moderate
1231 2352 1353 2419 agatur,
1370 2345 1443 2403 tiber
1459 2339 1517 2399 besti

461 2432 564 2505 aditus
579 2445 617 2506 ad
637 2450 768 2508 sinceras
789 2450 867 2526 paeis
886 2448 1071 2507 oonilitiones
1086 2445 1294 2524 proponendas
1307 2462 1427 2522 semper
1439 2456 1518 2501 eonio

462 2542 578 2605 dendus
587 2556 640 2605 est.

504 2646 596 2706 Peon.
615 2680 642 2689 -
661 2648 787 2723 Utraque
801 2666 869 2725 pars
878 2648 1059 2723 belligerans
1071 2648 1109 2705 ita
1123 2661 1256 2740 pirguare
1270 2644 1371 2713 debet,
1385 2651 1416 2702 ut
1425 2656 1520 2716 semper

462 2742 499 2803 ad
513 2746 625 2820 J’ustam
639 2762 741 2825 paoem
760 2748 951 2807 obtinendam
964 2751 1076 2825 speetet
1087 2745 1112 2820 (l
1125 2746 1190 2817 187,
1206 2742 1309 2819 leot).
1334 2744 1415 2818 Ergo
1427 2754 1521 2816 sumiti

462 2851 565 2921 parata
585 2863 649 2906 esse
668 2847 754 2906 debet
768 2847 803 2908 ad
816 2853 931 2926 justum
946 2865 1047 2925 pacem
1063 2863 1133 2906 eum
1152 2845 1236 2904 bosle
1252 2843 1492 2921 componendam,
1503 2839 1521 2895 si

463 2943 526 3006 baeo
552 2947 590 3006 ab
612 2947 663 3008 illo
683 2959 874 3026 proponatur.
904 2947 992 3025 ,1111111
1016 2963 1207 3024 nequaipiam
1233 2945 1276 3004 sic
1303 2945 1362 3003 erit
1384 2943 1419 3002 ad
1441 2955 1521 3021 paren

458 3047 644 3122 jungendam
659 3056 770 3126 parata.
782 3051 807 3109 si
817 3051 895 3112 besti
908 3051 986 3110 riom
996 3051 1076 3128 pacis
1086 3046 1283 3126 proponendae
1293 3053 1319 3106 et
1334 3044 1519 3106 conditionum

462 3147 531 3206 novi
548 3147 665 3210 loederis
680 3151 907 3210 utaluendarnm
924 3150 1095 3229 produ-tat.
1114 3151 1200 3217 Erue,
1218 3152 1273 3206 etr.

506 3245 591 3305 1210.
609 3249 739 3310 Conott.
759 3283 797 3296 ·-
813 3253 852 3310 lle
866 3250 980 3309 siucero
998 3251 1078 3327 pacis
1096 3248 1296 3327 propositione
1317 3253 1433 3303 turrium
1447 3238 1523 3314 lopol-

464 3359 533 3402 mui·
554 3359 562 3404 t
586 3347 657 3422 quia
679 3347 704 3407 si
731 3347 834 3418 bostis
850 3365 954 3428 paoem
974 3347 1176 3425 priumrrendo,
1194 3363 1291 3403 rumas
1306 3344 1408 3403 solum
1429 3340 1523 3398 11111111

464 3445 582 3518 cogitet,
596 3452 629 3503 ut
641 3445 755 3506 bellum
767 3449 864 3508 aerinis
874 3449 1047 3506 elaueulum
1056 3446 1190 3518 adornet,
1210 3451 1272 3503 tum
1285 3444 1415 3520 prolecto
1425 3439 1523 3499 idlae?-

464 3539 638 3615 hujusmodi
661 3546 742 3621 pacis
764 3547 978 3624 propositiones
1004 3544 1171 3620 rejiciendae
1187 3548 1268 3602 Ι«11111.
1293 3545 1395 3615 Quare
1419 3541 1461 3599 lex
1482 3534 1523 3594 illa

465 3638 670 3716 humanitatis,
695 3659 762 3720 quer
777 3647 927 3724 populum
951 3645 1173 3720 belligerantem
1191 3643 1273 3715 iubet
1286 3659 1408 3719 semper
1425 3653 1482 3699 esse
1497 3631 1522 3690 ul

464 3755 568 3815 paoem
592 3741 815 3805 instaurandam
843 3753 993 3822 paratum,
1023 3759 1215 3820 nequiquam
1239 3741 1327 3802 illum
1349 3741 1472 3816 obligat,
1496 3730 1523 3792 all

465 3837 603 3915 propitias
613 3845 780 3903 occasiones
791 3843 1070 3920 praetermittenda,
1080 3849 1132 3901 aut
1146 3843 1274 3902 victoriae
1288 3857 1414 3901 cirrsum
1423 3839 1523 3897 abrun-

465 3938 607 4015 peudum‚
633 3947 665 4000 ut
688 3942 763 4001 hosti
786 3943 817 4002 iu
839 3960 959 4003 siiirnno
981 3940 1114 4020 periculo
1143 3959 1245 4019 paoem
1260 3942 1372 4020 petenti
1386 3937 1523 4002 airseultet

464 4041 627 4118 praesertim
640 4044 665 4104 si
680 4043 807 4102 mendax
822 4061 856 4102 ae
872 4045 1002 4122 pertitus
1020 4043 1070 4104 ille
1089 4045 1154 4118 jam
1177 4042 1330 4102 exstiterit.
1356 4035 1520 4118 Opportuuis

465 4153 598 4216 namque
613 4141 659 4200 bis
673 4145 888 4212 occasionibus,
904 4149 1081 4221 arreptaque
1093 4147 1158 4219 jam
1178 4143 1300 4202 victoria
1319 4141 1346 4200 ld
1362 4139 1489 4200 efficitur.
1499 4142 1522 4190 ul

465 4241 545 4314 pacis
559 4241 808 4317 propositionibus
817 4243 946 4302 abhoste
956 4243 1099 4302 hacteuus
1113 4241 1241 4320 superbo
1251 4250 1284 4301 ao
1295 4239 1435 4319 pertinaci
1445 4231 1522 4294 allatis

465 4351 500 4397 eo
514 4340 654 4415 temporis
672 4342 795 4400 artioulo
814 4339 1011 4401 dillideuduru
1033 4341 1118 4420 piam
1140 4344 1189 4400 sit.
1207 4341 1306 4400 llostis
1324 4355 1394 4399 vero
1407 4331 1521 4414 ejusden

466 4436 613 4512 injustitia
637 4445 664 4497 et
684 4439 808 4514 pertidia
831 4440 1011 4499 nonnullam
1029 4441 1134 4516 utique
1164 4439 1351 4514 punitionem
1377 4437 1519 4498 merentur,

465 4533 579 4593 etiamsi
596 4534 631 4593 ad
645 4536 768 4596 meliora
782 4536 909 4598 consilia
924 4539 1043 4598 tandem
1056 4537 1166 4610 redeat,
1183 4544 1212 4595 et
1224 4537 1338 4595 nationi
1355 4551 1373 4593 a
1388 4549 1420 4592 se
1430 4531 1520 4606 injuste
1578 4614 1579 4621 ἵ

466 4633 542 4694 lesa
578 4637 797 4697 satislaetumm
837 4655 901 4698 sese
939 4639 1123 4717 polliceatur.
1159 4640 1234 4706 Erro
1265 4637 1296 4695 iu
1324 4641 1443 4694 externo
1471 4629 1520 4704 ipsu
1578 4640 1579 4715 l

466 4737 542 4808 laeto
557 4753 633 4818 saepe
658 4739 922 4820 acciderepotest,
948 4747 981 4801 ut
1002 4747 1121 4820 propter
1143 4739 1236 4798 bostis
1258 4734 1425 4819 perfidiam,
1445 4735 1470 4787 et
1490 4720 1517 4782 ul
