3559 5675
560 737 669 784 sunus:
693 759 733 772 -
756 739 838 785 crees
859 739 962 787 sonus.
1022 789 1025 794 ,
1245 721 1304 790 tta

260 840 318 918 quia
329 837 510 902 tuabtmboo
521 841 585 920 ipso
599 839 862 918 quodiaeiiitatcm
876 840 1070 920 delinquendi
1079 843 1168 923 parit,
1183 859 1303 906 excusu-

261 937 352 998 tionem
365 937 461 1000 delicti
474 937 616 1019 prebere
630 938 760 1015 videtur,
775 945 842 1000 tum
856 941 930 1019 quia
948 940 1082 1017 babitus,
1097 941 1304 1007 uehementem

259 1037 288 1098 ad
299 1055 379 1100 sunm
392 1037 538 1116 obiectum
555 1037 781 1102 inclinationem
806 1041 960 1120 periendo,
974 1040 1099 1104 leuiores
1112 1059 1215 1122 poenas
1229 1045 1304 1107 inel-

260 1137 343 1198 iccces
355 1136 447 1200 reddit
459 1137 497 1200 ad
511 1139 697 1202 voluntatem
712 1157 731 1202 a
744 1139 850 1202 delicto
862 1141 1099 1206 absterrendum.
1128 1179 1132 1186 ·
1174 1173 1177 1177 <
1295 1144 1300 1152 '

290 1239 316 1296 t·
335 1237 396 1312 Quo
413 1239 512 1316 major
525 1243 569 1300 est
582 1237 683 1300 delicti
700 1238 826 1310 malitia,
847 1255 883 1300 eo
896 1243 1012 1319 majore
1024 1237 1103 1303 illud
1112 1259 1205 1323 prens
1226 1245 1306 1306 mcl-

257 1335 375 1398 ctcndum
397 1343 451 1400 est.
473 1337 564 1415 Atqui
588 1333 688 1406 delicti
711 1337 874 1400 habitualis
891 1355 945 1400 seu
958 1339 1090 1402 ‘recidivi
1114 1345 1245 1420 grasitm
1260 1354 1306 1409 cst

256 1439 343 1516 major,
361 1437 431 1516 quia
453 1435 487 1496 fit
506 1453 576 1498 cum
598 1439 712 1516 maiore
737 1437 899 1500 veluntatis
921 1439 1054 1519 impetu,
1076 1443 1266 1520 proveniente
1290 1465 1308 1508 n

253 1538 425 1616 propensione
438 1553 534 1617 quam
550 1522 673 1598 bebitus
682 1537 799 1614 gignit:
815 1536 879 1598 bec
894 1543 996 1601 antem
1009 1541 1168 1619 propensio
1189 1549 1237 1604 est
1252 1561 1308 1607 uc·

255 1636 376 1714 lanterio,
389 1639 468 1702 sicut
490 1635 613 1700 babitus
636 1639 701 1718 ipse
721 1637 907 1700 voluntarius
926 1644 972 1700 est
992 1636 1089 1717 (tec).
1103 1642 1194 1718 Ergo,
1210 1650 1266 1708 etc.

283 1739 354 1802 {illo
367 1743 463 1820 mejor
471 1739 572 1802 delicti
587 1735 707 1820 punitio
717 1739 782 1802 esso
795 1739 895 1818 debet,
910 1757 970 1818 qno
985 1744 1084 1819 majus
1100 1743 1270 1822 periculum
1280 1753 1310 1808 ct

254 1841 375 1916 majorem
388 1839 526 1902 societati
540 1838 797 1920 perturbationem
810 1838 905 1902 affert,
929 1841 968 1902 tt
986 1839 1132 1903 delictum
1155 1842 1311 1909 babitnalc

253 1947 296 1994 teu
314 1933 484 2011 recidivum,
503 1931 561 1994 boc
580 1934 645 2012 ipso
669 1932 749 2010 quod
769 1949 805 1994 er
829 1949 939 2011 magna
959 1935 1169 2014 propensione,
1186 1945 1309 2002 etcum
1414 1972 1430 2001 ι

253 2033 493 2109 magnelacilitetc
503 2032 714 2108 committitur,
729 2033 860 2094 societati
875 2039 1050 2114 perpetuum
1061 2037 1307 2102 umorisouusam

251 2131 345 2214 prebet
356 2135 485 2213 ejusque
497 2133 656 2198 mauritati
668 2131 838 2215 plurimum
849 2133 1034 2197 adversatur.
1046 2137 1137 2216 crgo,
1153 2145 1209 2202 etc.

253 2341 1316 2384 Q

659 2563 803 2688 CAPUT
836 2563 894 2640 tr.

280 2765 325 2816 be
341 2775 513 2828 persona
527 2761 734 2827 puniendis
746 2767 785 2816 et
799 2765 848 2817 rte
859 2765 1038 2817 mentm
1055 2774 1171 2828 paen·
1186 2773 1277 2826 quse

392 2856 527 2919 innisi
542 2858 593 2909 nb
612 2860 788 2911 bumana
807 2852 996 2909 mutereo·
1010 2852 1141 2918 possid.

641 3236 848 3299 dli'l'lGULllS
869 3238 890 3297 l.
951 3252 956 3260 ’

401 3361 864 3507 oepoenatooueooceroum
884 3409 1012 3473 omum
1025 3411 1151 3493 tauma.
1280 3448 1285 3456 .

282 3630 347 3691 stt.
369 3631 554 3692 Nnrrunntt.
569 3625 770 3699 -Qumritu'r
790 3622 894 3687 uinum
906 3626 1110 3704 delinquentis
1121 3644 1212 3688 cauea
1225 3630 1319 3707 pessit

250 3726 318 3790 licite
340 3728 436 3789 etiam
458 3726 604 3787 innocens
628 3725 740 3803 puniri.
758 3726 832 3798 Quat
861 3742 935 3787 sene
957 3728 1083 3803 quaestio
1098 3727 1142 3789 sic
1163 3728 1319 3789 enuntiate

250 3828 435 3891 nuniicstam
450 3826 482 3886 in
496 3824 561 3885 suis
576 3824 711 3885 terminis
733 3822 998 3887 contradictionem
1012 3824 1112 3887 habet.
1131 3824 1220 3887 attat
1233 3842 1320 3887 nem·

249 3942 300 4003 quc
313 3934 356 3989 est
371 3941 463 4007 prena
485 3926 517 3985 in
537 3937 656 4002 genere,
682 3920 765 3985 eliud
783 3907 902 4004 pom‘tio
914 3941 968 3986 sen
984 3942 1072 4006 poeno
1091 3923 1205 4005 localia
1223 3928 1321 3988 Potest

250 4026 362 4103 qnidam
381 4042 439 4089 seu
461 4026 540 4102 inste
558 4024 622 4084 sive
645 4024 758 4101 iujnste
778 4022 930 4085 innocenti
951 4040 1040 4104 prena
1057 4023 1155 4101 indigi
1178 4043 1187 4084 ε
1210 4030 1241 4085 at
1257 4024 1321 4085 baec

251 4140 503 4204 penanunquem
518 4124 551 4183 tn
563 4122 618 4184 illo
631 4122 688 4183 erit
710 4124 839 4203 punitio,
856 4140 935 4201 que,
949 4123 1123 4185 dividimus
1137 4132 1171 4184 n·
1190 4124 1262 4196 223,
1278 4129 1322 4183 cst

250 4220 313 4289 boni
323 4224 479 4289 sensibilis
488 4224 661 4287 imminutio
671 4222 710 4283 cb
721 4222 868 4285 actionem
880 4223 1002 4286 melem.
1017 4226 1117 4298 Quare
1129 4228 1263 4285 accurate
1272 4223 1321 4284 lc-

250 4327 421 4400 qncndosic
433 4324 538 4386 eadem
553 4324 677 4401 questio
697 4322 888 4403 proponenda
903 4328 971 4386 enta
987 4330 1092 4385 utrum
1107 4324 1196 4385 liceat
1207 4322 1322 4385 mulum

250 4425 385 4487 sensibile
397 4422 642 4501 indigemelicui
656 4440 674 4483 a
687 4438 750 4500 quo
759 4420 881 4489 nullum
895 4422 1040 4489 delictum
1051 4428 1207 4503 patratum
1217 4424 1269 4500 sit,
1283 4422 1322 4497 ob

249 4521 387 4587 delictum
402 4524 440 4587 eb
450 4524 510 4587 alio
518 4522 738 4585 commissum..

287 4626 509 4706 Cuiqunstioni
532 4628 572 4686 ut·
587 4638 718 4700 congrue
731 4620 958 4705 respondeatur,
979 4625 1012 4687 in
1033 4630 1166 4687 menmm
1180 4634 1323 4684 revocan-
1446 4700 1450 4707 .

251 4722 320 4786 dum
332 4732 392 4805 est,
402 4724 481 4803 qnod
497 4725 551 4786 lib.
564 4724 597 4785 c·
607 4724 687 4799 (683)
698 4725 762 4799 iam
778 4723 950 4801 innuimus,
963 4724 1068 4803 alique
1080 4720 1265 4881 separation
1275 4736 1323 4781 so·

370 4842 402 4888 ιι.
430 4862 446 4883 -
897 4852 900 4858 v
1145 4852 1153 4871 ·
