3559 5675
524 704 632 753 sums.
655 723 694 737 -
715 704 800 751 arsen
822 703 1010 751 nuoorctuus.
1246 693 1305 759 509

249 830 333 891 quum
353 811 516 873 christiano
537 828 640 873 rerum
663 808 886 871 mundanarum
909 814 1079 889 contemptu
1101 814 1199 873 omnis
1221 816 1306 891 ejus-

249 913 320 975 modi
340 913 431 985 0rdo,
453 920 606 991 tamquam
634 910 847 980 fundamento,
875 909 914 969 sit
939 916 1170 990 superstructus.
1195 914 1305 979 lisdem

248 1033 363 1095 mmque
377 1015 521 1077 subsidiis
534 1029 723 1093 unaquaeque
739 1012 863 1074 societas
873 1018 1001 1089 augetur
1015 1018 1044 1073 et
1055 1013 1182 1093 prolicit,
1197 1017 1308 1094 quibus

248 1114 368 1197 primum
382 1114 510 1189 conflata
523 1120 577 1177 est.

283 1217 444 1294 Enimvero,
468 1214 584 1277 sodales
596 1215 641 1275 tui
657 1210 805 1294 plerique,
825 1208 1031 1292 superioribus
1045 1213 1164 1277 duobus
1179 1217 1308 1294 seculis,

246 1316 461 1398 temperandum
481 1316 552 1391 sibi,
566 1315 730 1397 prasertim
744 1315 777 1376 in
793 1314 910 1387 Gallia,
934 1312 1108 1391 judicarunt
1128 1334 1147 1377 a
1165 1314 1311 1397 pellicano

245 1435 336 1479 errore
352 1414 569 1496 impugnando,
591 1432 683 1493 quem
706 1414 797 1475 Sedes
825 1414 992 1493 Apostolica
1011 1414 1194 1494 reprobabat,
1217 1434 1309 1495 quem

244 1518 364 1581 Ecclesia
383 1515 563 1578 universalis
584 1512 795 1583 detestabatur,
816 1530 909 1592 quem
931 1514 977 1575 illi
1000 1515 1056 1595 ipsi
1079 1518 1218 1595 privatim
1235 1520 1311 1599 reji-

243 1620 368 1689 ciebant;
391 1618 445 1695 qui
474 1622 573 1677 tamen
601 1615 830 1693 protestantium
856 1620 887 1674 et
909 1616 1146 1691 ianseuistarum
1172 1619 1311 1681 heresim

243 1716 396 1779 summani
410 1715 637 1792 constantiaque
647 1712 856 1793 profligabant.
867 1713 1053 1775 Verebantur
1064 1716 1186 1794 scilicet,
1200 1734 1238 1780 ue
1249 1734 1312 1779 sua
1411 1698 1420 1711 ⁵

243 1816 422 1878 sodalitatis
446 1833 516 1892 rego
538 1829 571 1874 ac
593 1811 784 1891 praesulibus,
808 1812 969 1875 Gallicana
990 1814 1199 1877 Declarationis
1212 1834 1312 1881 asser-

242 1918 360 2006 toribus,
375 1914 551 1977 detrimenti
567 1912 683 1992 aliquid
697 1912 904 1992 accipiendum
925 1920 1015 1990 esset,
1035 1916 1060 1976 si
1082 1917 1201 1995 publice
1221 1926 1311 1998 atque
1397 1985 1403 1995 ,

244 2016 382 2097 intrepide
395 2031 566 2088 romanam,
586 2013 664 2075 idest
682 2012 869 2091 catholicam,
883 2013 1047 2077 doctrinam
1062 2024 1163 2081 contra
1181 2026 1310 2083 temera-

241 2120 299 2178 rias
315 2134 364 2178 eas
378 2116 562 2195 opinationes
578 2114 781 2176 defenderent.
797 2116 900 2191 ltaque
914 2131 976 2177 non
995 2115 1094 2177 solum
1106 2120 1224 2183 silentio
1241 2136 1313 2183 con·

241 2220 351 2296 nivere,
366 2216 416 2278 scd
435 2218 467 2276 iu
484 2212 622 2275 Hrbtorio
636 2212 782 2277 Ecclesia
798 2211 961 2276 Gallicana
982 2216 1110 2297 aliisque
1132 2219 1216 2281 libris
1236 2240 1312 2284 con-

240 2318 379 2378 fidentius
405 2316 443 2376 iis
475 2314 669 2394 opinionibus
696 2314 839 2377 blandiri.
868 2316 912 2377 Ac
939 2321 1139 2393 postremum,
1168 2323 1312 2397 quoniam

241 2420 353 2495 Petrus,
368 2417 422 2495 qui
443 2415 599 2478 Christum
623 2415 787 2477 Dominum
809 2415 990 2493 sequebatur
1011 2416 1151 2495 alonge,
1172 2421 1314 2483 eumdem

238 2518 329 2597 paulo
342 2522 408 2597 post
421 2523 519 2595 aperte
532 2516 665 2593 negavit,
681 2515 818 2578 Sodalitii
828 2522 955 2578 rectores
970 2517 1002 2577 in
1012 2517 1118 2595 Gallia,
1131 2520 1231 2583 oblato
1244 2524 1314 2602 Epi·

238 2619 336 2697 scopis
354 2616 568 2695 chirographo,
588 2616 812 2694 spoponderunt
833 2634 898 2678 sese
919 2617 957 2678 iis
980 2618 1173 2697 opinionibus
1194 2622 1314 2701 publice

237 2718 424 2792 adbaesuros,
445 2732 555 2793 eantque
572 2732 605 2777 se
625 2715 657 2775 in
681 2716 744 2776 suis
765 2714 876 2777 scholis
898 2716 1058 2779 tradituros
1075 2736 1109 2781 ac
1127 2719 1315 2796 defensuros,

238 2818 347 2900 spretis
358 2820 449 2880 etiam
462 2816 694 2895 quibuscunque
708 2816 835 2910 legitimi
847 2820 894 2878 sui
907 2818 1068 2898 superioris
1082 2822 1235 2901 praeceptis
1247 2839 1318 2886 cou-

238 2920 351 2982 trariis.
366 2920 435 2980 llao
453 2918 545 2994 igitur
564 2917 666 2978 omnia
687 2916 839 2995 numquid
861 2917 1059 2980 emolumenti
1076 2921 1318 3000 periclitantibus

235 3019 405 3083 sodalitatis
430 3018 560 3096 hujusce
579 3017 670 3078 rebus
691 3017 874 3079 attulerunti
889 3019 969 3079 Num
989 3018 1180 3098 ingruentem
1202 3028 1317 3100 pestem

234 3121 276 3183 ab
294 3119 349 3180 illa
367 3117 586 3200 prohibuerunt
601 3125 675 3179 tuuc
687 3133 795 3194 quum,
815 3117 869 3178 Dei
889 3117 1101 3196 sapientissimi
1122 3119 1318 3200 providentia,

235 3221 277 3285 ad
291 3217 508 3283 excutiendum
530 3217 719 3278 mundanum
739 3216 896 3298 pulverem
915 3233 977 3296 quo
999 3217 1139 3295 religiosa
1152 3220 1240 3282 corda
1253 3237 1319 3282 sor-

235 3323 392 3399 duerant,
413 3325 455 3380 tot
468 3320 617 3399 tantisque
637 3317 722 3379 illam
735 3318 956 3380 calamitatibus
970 3320 1068 3381 vexari
1081 3319 1192 3382 soluitl
1211 3321 1269 3384 Sed
1283 3322 1320 3384 dc

234 3421 290 3483 his
304 3420 465 3494 hactenus,
481 3436 516 3480 ac
527 3419 626 3480 dusius
639 3419 736 3480 multo
749 3435 844 3498 quam
855 3419 942 3480 initio
955 3423 1165 3484 statueramus.

279 3521 377 3582 1308.
392 3523 462 3581 Pos.
474 3519 557 3580 646¹.
572 3551 611 3562 -
624 3519 760 3599 Episcopi
769 3535 875 3582 omnes
886 3526 916 3582 et
925 3519 1039 3598 singuli
1051 3528 1123 3584 sunt
1132 3539 1201 3586 vere
1214 3529 1245 3585 et
1255 3539 1322 3604 pro·

236 3619 310 3700 prie
319 3617 441 3696 jndices
453 3617 589 3680 incausis
599 3617 804 3680 ecclesiasticis
815 3636 827 3698 3
838 3625 869 3680 at
878 3635 1173 3702 eorumquoouuque
1182 3639 1320 3696 numero,

233 3722 306 3782 sire
321 3718 451 3780 seorsim
472 3719 535 3778 sive
548 3715 581 3778 iu
604 3717 730 3797 synodo,
748 3718 952 3796 judicantium
966 3721 1112 3782 sonantia
1132 3737 1322 3802 nequaquam

232 3827 284 3882 est
295 3837 356 3900 per
370 3836 403 3882 se
416 3815 657 3898 irreformabilis.

278 3922 385 3983 l‘uon.
402 3918 433 3981 t·
446 3934 531 3983 nans.
548 3905 588 3964 -’-
600 3917 812 3982 Ecclesiastico
830 3919 1013 3981 auctoritatis
1028 3921 1201 3998 propagatio
1220 3924 1326 3984 aPro·

231 4019 365 4100 tuscha,
374 4021 510 4083 Romano
522 4019 675 4093 Pontifice,
693 4020 725 4081 in
734 4019 931 4096 Deutarcbas,
944 4019 1114 4098 Episcopus,
1126 4027 1171 4081 est
1180 4037 1199 4082 a
1209 4020 1327 4084 Christo

230 4119 380 4182 Domino
394 4119 565 4181 immediate
578 4120 723 4190 instituta,
740 4122 781 4182 ita
798 4126 833 4181 ut
847 4137 940 4199 quam
952 4103 1157 4182 auctoritatem
1172 4121 1325 4184 Romanus

230 4218 387 4281 Pontifex
398 4220 486 4298 plene
500 4225 530 4281 ct
542 4218 787 4300 independenter,
795 4222 867 4298 jure
877 4218 981 4283 divino
990 4220 1023 4280 in
1033 4218 1196 4281 Ecclesiam
1207 4222 1327 4282 uuiver-

228 4338 308 4382 sam
323 4320 474 4400 possidet,
483 4315 615 4382 cumdem
629 4336 734 4382 omnes
747 4320 907 4397 etsinguli
916 4319 1065 4400 Episcopi,
1079 4321 1240 4384 altomauo
1253 4319 1330 4382 Pon·

227 4423 323 4485 tiiice
339 4428 507 4502 acceptam,
521 4422 554 4482 iu
567 4421 761 4501 particulares
772 4419 911 4482 ecclesias
923 4437 979 4482 seu
993 4419 1134 4484 dioeceses
1142 4423 1212 4501 jure
1225 4419 1328 4485 dimno

226 4522 431 4604 participent
449 4519 560 4600 (litio).
575 4519 667 4599 Atqui
684 4537 738 4602 per
751 4537 838 4582 suam
858 4519 942 4580 illam
956 4519 1160 4583 auctoritatem
1174 4523 1330 4584 Romanus

224 4622 390 4686 Pontifex
412 4627 537 4684 estsere
549 4620 712 4701 etpropris
724 4621 758 4683 iu
776 4620 875 4684 musis
897 4619 1104 4700 ecclesiasticis
1116 4621 1210 4700 iudex
1225 4623 1329 4704 (litia,
