3559 5675
582 744 691 789 scuni.
715 761 756 773 -
778 725 861 790 clean
882 743 1071 791 uuooecrnus.
1315 726 1374 792 5³3

291 857 428 926 aguntur
449 854 531 911 tanto
545 851 690 929 mnjorom
705 849 889 912 sanctitatem
910 865 944 914 ac
961 851 1171 928 mouturam,
1191 855 1297 931 potest,
1317 850 1374 913 ab·

293 951 393 1012 solute
407 950 571 1028 loquendo,
584 950 712 1012 Ecclesia
720 951 839 1030 capitali
849 967 937 1031 prena
946 951 1110 1030 aliquando
1120 953 1254 1030 graviora
1262 952 1374 1016 entem

294 1050 454 1112 mulctare.
1251 1113 1256 1124 χ

338 1154 463 1213 heere.
489 1155 521 1211 2·
543 1165 630 1212 rues.
653 1184 692 1197 -
714 1152 778 1212 lam
802 1153 898 1231 eapite
915 1155 948 1213 2⁰
971 1151 1066 1232 hujus
1088 1151 1168 1228 libri,
1191 1152 1316 1214 articulo
1341 1153 1374 1212 2⁰

292 1252 402 1325 (1298,
415 1248 471 1331 tvl,
489 1250 621 1312 vidimus
642 1250 779 1313 Ecclesia
794 1251 928 1329 regimen
952 1252 1024 1336 ruite
1038 1269 1072 1313 ac
1089 1269 1192 1328 suave,
1205 1252 1284 1313 salva
1298 1269 1375 1313 rem-

291 1352 534 1429 pernecessaria
558 1349 700 1429 efficacia,
716 1367 782 1412 esse
804 1357 952 1431 oportere,
972 1367 1005 1412 ac
1025 1348 1170 1412 moralem
1192 1352 1290 1430 potius
1312 1352 1374 1413 vim

290 1467 390 1527 quam
403 1450 591 1511 materialem
601 1451 642 1511 ad
664 1451 823 1512 hominum
842 1451 1127 1530 pectora=domnntia
1144 1452 1191 1513 illi
1205 1469 1268 1514 esse
1291 1452 1376 1514 adbi-

290 1549 444 1626 cendam
457 1565 550 1628 quam
566 1549 722 1626 regiminis
735 1550 889 1611 lenitatem
900 1550 1032 1630 postulat
1045 1550 1181 1612 Ecclesia
1192 1550 1262 1614 linis
1275 1567 1376 1613 essen·

170 1660 172 1697 2
290 1650 389 1713 tialis.
406 1652 551 1712 Estenim
566 1649 619 1711 illc
633 1667 651 1710 a
664 1651 725 1712 Deo
738 1652 897 1712 constituta
911 1667 973 1712 non
988 1655 1022 1712 ut
1038 1655 1195 1714 arternum
1210 1651 1312 1712 solum
1324 1668 1376 1713 or-

169 1760 173 1799 i
288 1754 400 1814 dinem
415 1753 494 1813 inter
513 1750 652 1813 homines
666 1758 832 1827 conservet,
846 1751 1104 1830 quemadmodum
1118 1751 1194 1813 laice
1204 1752 1375 1827 auctoritas,

169 1862 173 1903 i
288 1853 347 1914 soti
363 1852 511 1931 precipue
519 1858 553 1912 ut
563 1852 715 1912 internum
731 1851 763 1912 in
777 1850 1097 1914 bominibusordinem
1108 1849 1376 1914 mentisaorolun·

169 1968 171 1975 ·
293 1953 367 2014 tatis
377 1953 524 2014 instauret
536 1969 571 2014 ac
583 1958 690 2030 servet,
706 1968 817 2030 eosque
828 1953 872 2014 sic
884 1957 1027 2031 purgatos
1039 1951 1193 2013 moraliter
1207 1968 1241 2013 ac
1252 1953 1374 2013 restitu-

169 2068 174 2105 i
292 2060 342 2113 tos
364 2051 400 2112 arl
422 2054 518 2113 ileum
538 2051 691 2131 perducat.
712 2054 896 2114 llnccutem
914 2053 1017 2114 omnin
1032 2069 1092 2114 non
1114 2069 1166 2131 per
1189 2053 1252 2113 vim
1278 2057 1375 2114 matc-

169 2169 174 2207 ε
293 2152 405 2212 rialem
415 2150 465 2212 ceti
476 2168 530 2230 per
539 2149 752 2212 intellectualia
764 2157 793 2212 et
800 2150 928 2211 morelio
938 2151 1274 2230 potissimumsubeidla
1285 2153 1371 2214 liunt.

336 2253 524 2330 Quapropter
541 2251 580 2311 ab
606 2251 659 2312 illo
678 2253 749 2328 jnre
774 2251 911 2330 capitalis
931 2267 1026 2330 poenas
1053 2251 1218 2312 exercendo
1245 2251 1375 2314 Ecclesia

169 2373 178 2411 r
292 2355 335 2414 ab
349 2353 437 2414 initio
448 2359 476 2413 et
488 2357 632 2431 perpetuo
644 2350 757 2413 seculis
770 2351 998 2430 insequentibus
1012 2350 1224 2412 abstinendum
1239 2351 1297 2411 sibi
1310 2367 1374 2412 sese

288 2451 452 2531 jndicarit.
470 2454 570 2529 Neque
589 2452 622 2511 in
643 2451 782 2513 omnium
800 2456 880 2512 retro
901 2455 1068 2529 temporum
1088 2451 1291 2511 monumentis
1312 2465 1373 2510 un·

292 2569 391 2632 quam
401 2553 586 2630 reperiemus
600 2551 693 2613 inisse
702 2551 816 2613 tactum
827 2557 862 2612 ut
871 2550 926 2630 jud
931 2552 990 2613 iccs
1002 2567 1081 2612 mere
1093 2565 1127 2612 ec
1140 2567 1205 2611 cere
1217 2550 1374 2612 ecclesias·

297 2655 352 2716 tici
362 2653 457 2733 eapite
471 2652 961 2732 quempiamobqnodcunquovcl
974 2653 1186 2730 gravissmmm
1200 2652 1375 2714 sceluecon-

297 2736 518 2816 tlemnaverint.
541 2754 596 2813 ttbt
611 2754 691 2814 enim
706 2755 842 2832 graviora
866 2755 899 2814 in
921 2753 1114 2815 christianam
1130 2753 1305 2830 religionem
1318 2751 1374 2813 de·

295 2858 370 2918 licta
383 2854 548 2932 exlegibus
559 2853 700 2917 ciuilibus
714 2860 802 2915 orant
814 2851 934 2935 capitali
948 2853 1117 2934 supplicioa
1128 2853 1210 2914 laicis
1220 2852 1374 2931 judicibus

169 2987 178 3026 ,t
296 2957 463 3039 punienda,
478 2961 545 3035 pest
562 2969 685 3025 caumm
704 2954 874 3016 secuudum
894 2955 975 3032 leges
989 2954 1206 3017 ecclesiasticas
1224 2953 1374 3029 cognitam

169 3089 175 3128 μ
297 3074 335 3119 ac
351 3057 579 3131 disponense
599 3056 749 3116 mitiorem
763 3069 894 3134 ponam,
912 3056 1069 3132 nunqpnm
1088 3053 1262 3133 capitalem,
1277 3052 1375 3113 decre-

169 3194 176 3230 e
297 3166 374 3235 tam,
388 3156 505 3236 judices
514 3157 705 3218 ecclesiastici
719 3156 899 3217 recedebant
911 3172 1046 3236 prorsus,
1061 3169 1208 3231 reumque
1221 3150 1376 3213 tradebant

169 3291 178 3334 ς
297 3256 418 3318 bruelio
426 3255 553 3318 recum-i
562 3273 649 3335 aquo
659 3256 878 3336 postulabatur,
886 3258 1083 3334 ejuscroceus
1091 3252 1229 3333 judicum
1239 3251 1373 3314 civilium

297 3360 514 3422 misericordiae
531 3359 725 3421 vehementer
739 3358 996 3421 commendantes.

181 3513 187 3523 .
341 3460 396 3519 llis
409 3459 486 3519 nihil
500 3458 699 3535 obstantibus,
714 3465 772 3520 stat
790 3460 1004 3523 inconcussum
1023 3458 1161 3521 Ecclesia
1174 3458 1227 3537 jus
1247 3455 1283 3518 etl
1304 3472 1376 3533 gre-

169 3591 177 3636 ;
296 3563 523 3625 riorasuorum
537 3560 647 3622 scelera
660 3559 808 3641 supplicio
819 3562 937 3641 capitali
952 3560 1114 3641 punienda
1214 3580 1217 3585 ·

345 3662 433 3725 1347.
448 3663 515 3723 Pes.
529 3662 612 3722 666¹.
626 3661 806 3723 -Eecleeia
815 3663 979 3724 christiana
992 3664 1106 3741 ubique
1126 3668 1274 3725 terrerum
1285 3661 1376 3724 babet

170 3749 171 3752 ¹
296 3780 407 3825 rerum
422 3767 451 3823 et
465 3762 658 3823 immutabile
666 3764 719 3839 jus
732 3763 858 3823 omnmo
876 3762 1081 3843 independens
1098 3760 1253 3841 religionis
1265 3780 1328 3824 suae
1346 3762 1375 3823 vi

297 3869 333 3925 et
346 3864 439 3923 armis
463 3868 562 3923 contra
581 3878 796 3940 quemcunque
817 3876 1024 3941 aggressorem
1044 3862 1284 3944 propugnanda,
1300 3878 1375 3940 qno·

169 4003 173 4044 :
297 3966 480 4041 tiescunque
496 3962 614 4024 felicem
628 3962 700 4023 belli
715 3964 829 4024 exitum
843 3968 939 4043 potest
952 3964 1008 4024 sibi
1022 3963 1184 4042 pnrdenter
1197 3960 1342 4043 polliceri.

342 4064 437 4127 Prae.
454 4062 607 4125 evidenter
620 4080 656 4124 er
668 4062 823 4143 principiis
831 4065 898 4141 jam
909 4064 1023 4144 positis.
1034 4096 1073 4109 -
1085 4064 1180 4138 Quale
1192 4062 1281 4123 babet
1294 4061 1376 4139 quis·

299 4182 364 4245 quc
385 4163 504 4226 viventii
522 4163 584 4243 jus,
599 4163 657 4225 tale
680 4164 771 4226 babet
792 4180 912 4243 queque
935 4166 988 4241 jus
1005 4164 1166 4225 adhibendi
1185 4163 1289 4225 omnia
1302 4174 1375 4222 ‘nte-

300 4266 354 4327 dia
375 4264 411 4325 ad
428 4266 494 4325 rite
513 4282 575 4326 sua
597 4266 851 4327 conservationem
869 4267 1044 4327 neccssaria.
1065 4264 1156 4343 Atqui
1177 4262 1314 4325 Ecclesia
1332 4268 1378 4323 est

300 4364 436 4446 prolecto
458 4365 720 4427 evidentissimum
734 4366 788 4441 jus
809 4352 922 4444 ubique
940 4364 1077 4442 rirendi;
1098 4364 1205 4442 nequit
1223 4361 1304 4423 enim
1326 4360 1378 4422 illa

302 4466 370 4526 sinc
387 4467 543 4545 sacrilegio
561 4483 714 4549 quoquam
727 4468 826 4527 uexari
842 4488 850 4526 :
864 4472 894 4527 et
906 4466 1087 4545 quandoque
1100 4466 1205 4527 eadem
1219 4463 1378 4526 aecclesiis

303 4566 490 4648 principibus
506 4569 536 4629 ri
549 4575 578 4630 et
591 4568 684 4630 armis
703 4575 911 4648 oppugnatum
933 4584 1000 4646 qun
1022 4584 1176 4629 armornm
1204 4568 1251 4629 vis
1270 4565 1376 4645 nequit

303 4668 456 4730 ordinarie
479 4670 646 4750 propulsari
664 4670 751 4731 aliter
763 4686 855 4748 quam
870 4669 899 4730 ri
915 4684 1069 4756 armorum
1088 4668 1219 4734 vicissim
1231 4665 1378 4748 opposita.

306 4774 395 4851 Ergo,
411 4772 487 4833 sicut
502 4772 619 4852 privato
634 4771 751 4834 bomini
769 4771 912 4833 adversus
927 4772 1078 4850 privatum·
1089 4770 1207 4847 egenti,
1224 4769 1376 4843 ittonam,
