3559 5675
447 694 508 758 58AE
846 713 926 760 tvm
946 711 1106 761 armates

446 838 511 882 esse
523 823 620 883 solent
631 822 663 881 iu
680 821 775 884 ardua
798 831 828 884 et
847 824 964 886 excelsa
982 841 1035 903 pro
1057 823 1200 900 religione
1217 828 1245 882 et
1263 817 1454 881 eoelesiasties
1467 815 1499 875 li·

446 921 557 983 bertate
569 921 617 984 vel
628 923 829 1000 aggrediendo
848 926 949 997 lorus,
964 921 1205 1004 selperiieiendo
1219 925 1388 982 constantes
1402 931 1411 976 :
1423 933 1498 994 men

444 1021 569 1099 quidem
591 1029 707 1084 metum
727 1023 803 1086 ialso
816 1025 1008 1106 judicavistis
1030 1041 1116 1104 posse
1139 1039 1192 1084 ros
1218 1019 1248 1080 eir
1265 1019 1367 1080 dm
1387 1023 1500 1076 mirre

444 1119 801 1201 effudere...'li1nuistis
820 1143 891 1203 ergo
906 1127 959 1188 ubi
984 1142 1045 1186 non
1065 1131 1130 1187 erat
1152 1126 1278 1184 umor...
1302 1123 1403 1193 Nune,
1421 1133 1500 1195 quun

445 1223 581 1284 muneru
597 1223 689 1284 vestri
705 1231 735 1286 et
754 1225 842 1301 regiae
863 1225 1013 1302 equitatu
1033 1221 1255 1303 quodammodo
1271 1219 1375 1304 obilu,
1394 1217 1427 1277 in
1442 1213 1501 1276 tanti

446 1324 590 1384 momenti
601 1325 721 1401 negotio
731 1325 887 1386 silentium
898 1325 1066 1400 tenneritis,
1079 1341 1141 1385 non
1152 1323 1289 1383 ridemus
1300 1335 1365 1397 quo
1376 1315 1502 1398 probabili

447 1421 643 1486 fundamento
662 1425 836 1502 signilioetis
855 1443 909 1488 sos
926 1425 964 1486 ed
987 1425 1029 1486 ita
1044 1423 1195 1501 agendum
1214 1420 1376 1496 adductos,
1394 1415 1502 1496 quodin

445 1522 646 1584 controversia
655 1525 727 1587 vieti
744 1524 823 1599 sitis,
835 1516 917 1602 duod
934 1541 1025 1585 eausa
1040 1522 1217 1585 oeeideritis.
1231 1517 1393 1594 Quomodo
1403 1515 1501 1582 aeddi

445 1620 574 1696 quinon
590 1622 688 1684 stetit!
705 1624 862 1698 Quomodo
875 1625 974 1686 victus
992 1629 1048 1700 est,
1068 1623 1123 1702 qui
1144 1637 1206 1684 non
1226 1619 1398 1700 pugnavit?
1413 1617 1503 1692 epus

444 1725 577 1782 restrum
590 1727 652 1783 tam
663 1739 796 1800 gravem,
809 1730 870 1785 tam
882 1727 994 1803 justam
1005 1741 1137 1802 cauum,
1150 1729 1210 1784 hin
1223 1725 1443 1782 eamosanetam
1454 1732 1505 1775 ura·

446 1821 488 1879 rit
501 1819 581 1899 apud
596 1825 755 1900 regeint...
770 1825 917 1886 llittimns
937 1823 987 1886 bie
1010 1839 1187 1892 memorare,
1204 1837 1274 1898 qna
1295 1815 1466 1897 significatis
1477 1811 1504 1873 de

444 1919 592 1997 appellato
610 1921 727 1982 avobis
741 1922 869 1984 seculari
886 1925 1075 2000 magistratu,
1095 1939 1188 2000 aquo
1207 1918 1278 1980 victi
1297 1912 1504 1978 discesseritis:

445 2020 586 2098 cupimus
602 2021 684 2081 enim
703 2025 770 2098 eJus
787 2023 856 2084 laeti
876 2025 1053 2086 memoriam
1071 2021 1196 2100 aboleri,
1212 2027 1241 2081 et
1263 2017 1410 2080 volumus
1423 2029 1505 2076 earos

446 2119 535 2180 rarle
547 2119 579 2179 in
593 2119 699 2182 litteris
706 2139 888 2201 expungere,
906 2140 946 2184 ne
960 2125 991 2184 in
1012 2123 1091 2184 ictis
1108 2121 1188 2183 Cleri
1207 2118 1360 2182 Gallimni
1375 2113 1507 2176 residem

447 2218 484 2277 ad
503 2217 632 2280 dedecus
654 2223 745 2282 vestri
768 2225 903 2286 nominis
925 2225 1180 2304 sempiternum...
1196 2219 1291 2280 lllem
1317 2233 1392 2278 vero
1412 2217 1506 2293 lm

446 2317 614 2383 litterarum
626 2327 793 2385 vestrarum
806 2341 870 2387 non
888 2327 954 2386 sine
972 2324 1065 2386 animi
1087 2323 1210 2384 horrore
1232 2320 1336 2396 legere
1356 2314 1507 2396 potuimus,

448 2419 481 2477 in
493 2435 556 2496 qua
574 2419 683 2493 dicitis,
696 2439 750 2484 ros
766 2425 838 2501 jure
857 2431 955 2486 vestro
975 2422 1162 2496 decedentes,
1184 2419 1314 2486 illud.in
1333 2429 1504 2494 regemunt·

447 2518 554 2581 tulisse
567 2541 575 2580 ε
590 2524 678 2600 quasi
691 2523 899 2601 eeclesiamm,
913 2542 981 2603 qua
1000 2539 1079 2586 eura
1096 2529 1200 2583 restra
1220 2518 1344 2582 eredita
1361 2518 1455 2588 inere,
1473 2529 1508 2573 ee

449 2620 520 2680 setis
539 2621 656 2698 arbitri,
675 2639 738 2686 non
750 2625 903 2700 custodem
922 2631 951 2686 et
970 2624 1056 2701 quasi
1076 2621 1206 2684 eeclesia
1223 2621 1297 2700 ipse
1311 2627 1343 2680 et
1359 2613 1509 2697 spiritualia

449 2736 553 2780 earum
563 2723 635 2799 jura
653 2731 774 2802 possent
785 2725 843 2786 sub
860 2727 1013 2806 potestatis
1026 2723 1168 2785 secularis
1185 2725 1298 2801 jugum
1313 2719 1397 2780 mitti
1409 2715 1447 2777 ab
1457 2715 1510 2793 Epi·
1582 2798 1585 2807 Ι

451 2821 559 2899 eopia,
574 2823 629 2899 qui
641 2841 684 2899 se,
698 2843 752 2905 pro
765 2844 868 2887 eanrm
881 2826 1029 2898 libertate,
1050 2825 1081 2887 in
1094 2825 1268 2887 servitutem
1282 2821 1358 2883 dare
1378 2819 1507 2882 debent..
1582 2822 1586 2831 '

449 2920 650 2993 Quamobrem
663 2942 717 3005 per
732 2933 893 3005 presentes
906 2927 1030 3005 litteras,
1045 2925 1155 2987 tradita
1164 2924 1254 2987 Nabis
1268 2921 1308 2983 ab
1321 2922 1509 3000 omnipotente

448 3018 509 3080 Deo
520 3024 703 3103 aumontate,
724 3026 940 3105 improbamus,
964 3024 1175 3101 rescindimus,
1192 3031 1221 3084 et
1232 3038 1391 3084 cassamus
1408 3018 1509 3097 quein

451 3118 516 3181 istis
527 3124 635 3183 restris
646 3126 776 3186 eomitiis
789 3132 854 3187 aeta
865 3131 939 3185 sunt
953 3126 985 3187 in
999 3126 1117 3202 negotio
1130 3124 1260 3201 regalia,
1272 3142 1288 3181 e
1305 3128 1364 3183 ete.

492 3220 582 3281 ltulla
593 3239 627 3284 re
640 3224 740 3285 aerius
754 3226 902 3303 pungitur
916 3226 1065 3305 superbus
1079 3242 1112 3284 ae
1125 3223 1266 3303 petulans
1279 3222 1416 3293 animus,
1433 3232 1508 3295 quen

448 3320 533 3393 Justa
543 3321 739 3385 suieriminis
752 3326 995 3405 reprehensione.
1016 3328 1119 3401 ltaque
1136 3322 1185 3385 his
1206 3321 1346 3384 nondum
1359 3318 1462 3381 litteris
1472 3332 1508 3376 ac·

451 3419 559 3496 ceptis,
582 3422 724 3497 quoniam
742 3426 832 3485 eertis
849 3424 1053 3485 nihilominus
1071 3423 1190 3484 indiciis
1210 3420 1391 3481 allerebetur
1409 3436 1456 3480 eas
1474 3429 1510 3473 res

455 3515 646 3579 vehementer
660 3538 679 3579 a
693 3523 835 3585 Pontihee
855 3522 1032 3602 improbari,
1048 3524 1092 3583 ira
1109 3520 1277 3582 incredibili
1291 3534 1400 3579 omnes
1419 3518 1438 3577 ii
1452 3530 1510 3595 pre·

453 3615 1012 3684 sulesinhamrnantnr.conelaman1r
1031 3622 1184 3699 undique,
1202 3620 1352 3697 gallicana
1368 3612 1510 3698 privilegii
1585 3667 1589 3704 ,

452 3718 615 3795 contemni,
630 3719 774 3796 gallicani
787 3723 975 3801 episcopatus
987 3721 1079 3783 decus
1096 3720 1327 3797 integerrimum
1340 3712 1506 3780 eoneuleri:
1588 3774 1589 3783 ,

451 3834 608 3878 romanam
622 3818 780 3883 audaciam
792 3820 1055 3903 oompescendam3
1076 3834 1207 3883 romanae
1226 3820 1365 3899 potentie
1378 3823 1466 3879 eertas
1477 3812 1507 3871 li-

452 3918 540 3977 mites
556 3918 760 3997 deliniendos;
779 3922 945 3999 gallicanos
963 3923 1115 4001 episcopos
1135 3938 1152 3981 a
1172 3936 1330 3999 quoquam
1349 3910 1506 3997 reprehendi

453 4016 578 4095 impune
591 4034 652 4081 non
665 4036 751 4098 posse
764 4022 816 4097 (a).
832 4021 987 4083 seditiosae
1000 4020 1037 4082 de
1052 4018 1250 4081 aeclesiastica
1264 4024 1407 4097 potestate
1417 4014 1506 4093 opina·

452 4116 548 4177 dones
565 4133 695 4195 quarum
712 4123 829 4182 semina
843 4124 911 4198 jam
925 4138 1005 4183 nono
1024 4126 1054 4183 et
1073 4119 1191 4181 decimo
1206 4118 1308 4180 seculo
1320 4120 1351 4177 in
1367 4118 1506 4177 llineman

453 4216 647 4288 eleotherio,
662 4218 706 4279 ira
716 4220 855 4281 similiter
868 4222 1101 4297 insanientibus,
1113 4220 1256 4291 vidimus,
1273 4236 1400 4297 quaeque
1417 4211 1506 4277 senilis

452 4314 681 4392 insequentibus
693 4322 837 4401 paulatim
851 4324 990 4401 evoluta,
1006 4324 1039 4384 in
1055 4323 1181 4385 ltichero
1195 4339 1292 4403 nuper
1305 4324 1423 4385 inerant
1433 4320 1503 4397 denss
1589 4378 1590 4385 ,

452 4420 540 4487 nata,
561 4418 764 4492 proieruntur.
791 4426 838 4484 lra
861 4424 1029 4487 ludovicus
1049 4424 1147 4487 nihilo
1168 4426 1285 4485 minore
1307 4430 1501 4491 erastmmi
1589 4446 1590 4451 ’

452 4511 591 4587 pluribus
606 4518 694 4578 etiam
714 4520 796 4581 laicis
814 4530 843 4585 et
852 4524 969 4586 clericis
985 4526 1135 4603 inritatus,
1146 4526 1333 4603 eongregatis
1345 4516 1500 4604 presulibus

482 4720 516 4767 ,ιη
528 4706 620 4760 liobrb.
636 4712 684 4760 loc.
701 4724 743 4763 cit.
754 4728 779 4778 p.
791 4718 833 4767 371
846 4724 871 4769 tl
880 4731 964 4807 seqq..
