3559 5675
606 689 713 736 sursus.
736 707 777 722 -
799 690 883 739 nisse
905 691 1093 739 nuorrrcrrrus.
1339 679 1398 745 ota

315 793 503 859 auctoritatis
513 810 575 862 suae
583 804 786 877 contemptum
796 814 1003 875 novennemque
1017 817 1118 865 rerum
1130 799 1229 866 studia
1240 800 1272 866 in
1281 817 1399 868 eorum·

313 894 386 954 dem
401 885 518 973 pectora
532 895 738 973 imprudentes
752 898 903 973 ingerunt.

358 995 489 1056 Condit.
505 994 539 1056 ’2.
563 1027 597 1038 -
619 996 764 1068 Quamvis
783 996 993 1056 ecclesiasticis
1014 997 1200 1076 principibus
1220 998 1305 1060 nulls
1324 1001 1398 1062 sila

314 1092 435 1157 Christo
448 1093 697 1174 coletupotorus
712 1095 896 1173 temporalis,
917 1095 996 1156 lianc
1014 1103 1114 1158 tamen
1132 1097 1256 1170 atteram
1270 1103 1397 1162 nucleri-

316 1198 412 1262 tetem
433 1199 530 1272 potest
548 1195 655 1272 utique
674 1194 811 1274 prinecps
828 1193 941 1273 uliquis
958 1194 1189 1270 ecclesiasticus,
1208 1196 1239 1258 id
1256 1203 1310 1268 est
1323 1200 1397 1280 Epi-

318 1307 439 1371 scopus,
453 1293 588 1370 legitime
605 1294 730 1356 aliunde
751 1294 904 1371 acquirere
925 1309 961 1354 so
980 1293 1112 1370 legitime
1131 1295 1281 1374 possidere
1295 1297 1400 1360 eodem

318 1391 483 1472 modoque
496 1392 576 1454 alius
587 1395 631 1454 rei
644 1393 817 1472 temporalis
835 1396 1046 1472 crrjusounque
1057 1400 1163 1474 potest,
1179 1401 1214 1456 ut
1230 1401 1310 1466 retro
1321 1397 1401 1458 vidi-

316 1509 401 1569 mus,
415 1493 585 1556 dominium
606 1495 729 1574 adipisci
741 1512 776 1556 ac
789 1497 928 1556 retinere.
947 1494 982 1554 id
997 1511 1068 1566 sero
1082 1495 1247 1560 mundum
1261 1503 1307 1558 est
1320 1513 1399 1576 pru·

315 1594 423 1653 sertim
437 1593 476 1654 ol)
491 1595 662 1656 Romanum
684 1596 869 1671 Pontificem,
883 1596 1010 1673 quinon
1032 1596 1133 1656 solum
1153 1595 1351 1660 eeclesiastico
1370 1605 1400 1660 et

315 1699 461 1772 perpetuo
473 1695 507 1755 in
520 1701 673 1756 terrerum
686 1696 790 1756 orbem
810 1697 1000 1772 universum,
1015 1697 1065 1756 sed
1091 1697 1247 1774 temporali
1268 1697 1359 1758 etiem
1371 1705 1402 1758 et

316 1792 399 1852 civili
418 1792 534 1855 amille
550 1799 616 1873 jam
638 1804 668 1856 et
688 1795 821 1874 emplius
834 1796 924 1856 annis
943 1798 976 1856 in
998 1793 1102 1873 plures
1125 1795 1214 1857 ltaliae
1234 1797 1401 1874 provincias

317 1874 487 1972 principatu
500 1894 690 1956 monarchico
703 1902 750 1955 est
764 1894 867 1955 divina
879 1893 1049 1962 admirabili
1064 1894 1253 1974 providentia
1266 1901 1399 1958 ornatus.

318 1989 366 2051 sd
378 1991 584 2054 ecclesiastieae
603 2008 735 2071 nemque
753 1987 905 2074 potestatis
918 1993 1097 2070 dignitatem
1110 1999 1140 2054 et
1152 1993 1323 2056 libertatem
1336 2009 1402 2058 om·

319 2090 395 2150 nino
418 2093 561 2170 pertinet,
584 2094 666 2172 quod
692 2095 897 2156 sanctissimus
920 2093 1058 2164 Ecclesiae
1082 2095 1244 2156 Protarcho
1263 2095 1343 2157 nulli
1365 2099 1405 2156 sit

318 2189 448 2271 principi
461 2193 619 2272 temporali
635 2193 787 2270 subditus,
801 2211 822 2256 s
834 2211 897 2274 quo
917 2201 1017 2273 posset
1040 2193 1228 2256 ecclesiastici
1247 2198 1403 2274 regiminis

318 2291 496 2352 exercitium
515 2293 601 2354 mille
615 2293 713 2355 modis
733 2295 860 2374 turbari,
876 2293 1028 2374 impediri,
1047 2296 1208 2374 corumpi.
1223 2295 1327 2373 ltaque
1339 2298 1405 2358 sin-

319 2390 418 2468 gulsri
430 2393 483 2453 Dei
494 2392 683 2472 providentia
695 2393 807 2455 tactum
819 2399 925 2469 est,·ut
938 2395 1074 2455 uemuno
1087 2393 1220 2453 Pontifici
1233 2397 1404 2472 temporslte

321 2491 507 2570 principatus
524 2509 626 2571 neque
646 2493 775 2555 deuterii
795 2503 953 2573 unquam,
972 2499 1008 2554 ut
1026 2493 1118 2573 plene
1134 2492 1179 2551 iili
1201 2491 1404 2558 ercluttrttoe

324 2592 505 2653 monmonie
516 2599 664 2654 constaret
678 2593 921 2672 independentie,
942 2606 999 2654 noc
1011 2593 1104 2654 nimis
1121 2592 1241 2670 amplus
1254 2603 1405 2654 decresce-

324 2697 379 2762 ret,
401 2696 448 2769 ut,
462 2690 548 2752 rutro
560 2693 760 2754 ecclesiastice
774 2691 924 2770 libertate,
933 2692 1110 2771 perieulum
1127 2691 1274 2770 superbie
1292 2691 1405 2752 lestus-

320 2805 392 2868 que,
407 2791 573 2853 seculmem
588 2793 812 2874 prnpntenusm
824 2793 885 2854 tere
900 2792 1121 2869 comitantium,
1135 2794 1291 2855 sileretur.

348 2894 494 2954 'Corium
518 2894 548 2954 3.
565 2918 607 2939 -·-
621 2894 691 2954 limo
701 2893 763 2954 duo
771 2904 893 2974 quoque
906 2902 977 2955 eunt
991 2894 1082 2973 probe
1096 2892 1323 2970 consideranda,
1337 2908 1404 2971 quer

323 2994 362 3052 atr
374 2992 503 3053 eruditis
516 2994 590 3053 uiris
601 2994 760 3071 iuerejsm
772 2996 882 3074 sepius
896 2998 998 3055 notete
1013 3016 1020 3053 ι

366 3094 388 3153 Ι.
407 3094 560 3171 Ubiqueet
570 3104 690 3172 semper
703 3096 736 3154 in
749 3096 933 3175 populorum
945 3092 1117 3173 primordiis
1125 3098 1254 3172 potestas
1265 3094 1404 3171 religiose

324 3191 444 3253 civitem
450 3200 627 3272 potestatem
636 3196 761 3273 peperit,
776 3195 829 3256 ilie
842 3202 976 3274 tempore
990 3193 1061 3253 huic
1076 3194 1210 3266 anteivit,
1226 3208 1288 3262 uon
1304 3208 1404 3255 econ·

323 3308 423 3355 verso
438 3295 526 3373 Apud
539 3309 645 3355 omnes
663 3295 774 3355 scilicet
792 3277 920 3375 populos
933 3294 988 3372 qui
1001 3294 1118 3375 primns
1134 3306 1253 3373 sparsos
1266 3293 1405 3355 homines

323 3404 504 3472 sponsoque
515 3394 576 3455 huc
586 3392 659 3456 illuc
666 3394 839 3456 ismiliasin
849 3405 944 3456 unum
955 3396 1106 3457 civitatem
1112 3394 1219 3471 coegit,
1227 3396 1281 3472 qui
1289 3394 1405 3474 primns

324 3496 363 3554 iis
375 3498 560 3573 congregetis
574 3497 655 3573 leges
675 3498 878 3558 communiter
890 3496 1054 3557 serrandus
1076 3495 1170 3571 dedit,
1185 3496 1243 3555 init
1267 3494 1405 3557 sacerdos

324 3594 375 3655 vel
386 3610 485 3672 augrrr
492 3596 614 3674 aliquis,
629 3602 664 3656 ut
673 3596 837 3672 Romulus,
852 3602 905 3657 snt
915 3596 1050 3657 mortalis
1062 3594 1187 3673 quidem
1199 3596 1329 3657 eximius
1341 3596 1407 3657 ein-

325 3694 425 3770 gnlnri
438 3695 565 3756 deorum
577 3696 758 3757 commercio
769 3696 885 3768 truens,
901 3700 935 3755 ut
951 3698 1059 3756 Numi.
1073 3694 1169 3772 Cujus
1191 3697 1235 3755 rei
1250 3696 1408 3756 necessitas

327 3800 373 3855 em
385 3796 554 3857 manifeste.
570 3798 654 3858 Unus
673 3796 756 3857 enim
769 3796 927 3872 religionis
941 3809 1062 3871 seusus,
1076 3808 1160 3854 unus
1173 3794 1226 3854 Dei
1238 3802 1338 3855 metus
1349 3810 1407 3874 po-

325 3897 384 3958 tuit
394 3898 468 3957 sede
481 3898 605 3959 murum
616 3914 682 3960 erse
693 3898 935 3972 incitamentum,
950 3908 1011 3973 quc
1022 3898 1163 3975 permolor
1176 3894 1298 3955 familie
1311 3894 1405 3959 libere

325 4004 469 4075 vagantes
481 3998 516 4060 in
533 4016 627 4061 unam
644 4000 796 4062 civitatem
817 3998 1027 4073 conuenirent,
1049 3995 1188 4057 uirilibus
1211 3990 1316 4055 offitiis
1336 4006 1407 4057 con·

327 4102 444 4161 stanter
456 4101 651 4164 observandis
665 4117 698 4162 ee
711 4102 905 4179 subjicerent,
921 4101 949 4161 oi
963 4098 1017 4178 qni
1032 4111 1103 4159 cum
1117 4096 1242 4177 imperio
1255 4102 1407 4173 preesset,

329 4198 509 4263 adsisterent
516 4201 553 4263 sd
566 4202 775 4282 improborum
786 4200 914 4262 crimina
927 4196 1154 4279 compescenda.
1169 4195 1300 4271 Etenim,
1311 4204 1408 4273 quum

328 4302 430 4361 omnis
441 4302 566 4363 societas
575 4304 608 4362 in
619 4302 734 4363 unitate
744 4298 876 4379 quadam
887 4292 998 4361 mentis
1010 4305 1040 4359 et
1050 4296 1213 4358 voluntatis
1227 4295 1260 4356 in
1270 4292 1409 4375 pluribus

328 4398 505 4462 hominibus
518 4408 671 4463 constante
688 4403 728 4461 sit
740 4402 847 4479 posita,
866 4400 930 4463 eota
951 4398 1058 4475 religio
1079 4402 1122 4457 cst
1138 4396 1321 4475 principium
1342 4394 1411 4454 nni·

329 4516 409 4578 cum,
427 4518 589 4565 commune
604 4511 635 4563 et
645 4503 809 4579 unilorme,
826 4519 889 4581 quo
906 4500 1030 4561 iamilier
1042 4498 1184 4579 disperse
1197 4496 1278 4573 adigi
1297 4493 1400 4575 possin

331 4602 370 4665 ed
383 4604 532 4667 unitatem
545 4604 633 4671 illane
646 4605 885 4683 internamque
902 4601 1003 4663 omnir
1016 4606 1139 4663 externe
1155 4598 1257 4660 umus
1272 4594 1390 4657 nititur.

373 4707 410 4767 tl.
434 4707 468 4767 tn
480 4705 581 4786 prims
598 4707 754 4773 ciritttum
767 4704 885 4784 origine
900 4700 1157 4780 nunculium
1169 4696 1306 4762 numinis
1318 4694 1413 4754 intrr-
