3559 5675
428 672 488 734 titi-t
836 686 916 733 suess
935 686 1095 735 strumus

429 797 544 874 silure
568 795 786 875 principiantur
805 812 813 857 ε
834 794 968 873 alioquin
992 796 1093 877 potius
1115 796 1233 873 tyranni
1256 794 1391 856 crulendi
1409 799 1478 869 snut,

430 913 522 975 quam
537 912 622 972 reges
635 893 780 971 habendi,
790 894 903 973 quibus
913 896 1011 973 magis
1024 897 1163 958 resistcre
1177 903 1208 956 et
1218 912 1254 957 er
1266 894 1388 957 adverso
1397 912 1481 957 asne

431 996 501 1059 dere
527 1010 619 1073 quem
643 992 732 1055 subdi
754 993 910 1056 debemus.
934 994 1077 1073 Alioquin
1098 994 1123 1055 ei
1145 993 1256 1055 ulibus
1275 992 1481 1056 modinum

431 1094 713 1176 promeruerimus
734 1111 801 1169 nos,
821 1110 943 1157 neccsse
955 1099 1001 1157 est
1013 1111 1119 1156 comm
1141 1094 1483 1171 alciencensem

431 1194 494 1273 regi
508 1192 593 1273 qussi
617 1192 814 1273 praecellenti,
835 1193 998 1257 virtutibus
1019 1193 1135 1255 scilicet
1147 1198 1177 1253 et
1197 1208 1259 1255 non
1277 1192 1371 1267 vitiis,
1391 1190 1484 1252 moliti
1569 1211 1570 1238 ι

431 1302 535 1374 estote,
559 1296 625 1371 sed,
646 1296 724 1358 sicut
745 1294 906 1377 Apostolus
925 1297 984 1375 ait,
1013 1302 1135 1377 propter
1153 1296 1253 1360 neum
1271 1301 1302 1356 et
1324 1311 1383 1356 non
1400 1299 1485 1356 metr

432 1397 527 1456 Deum
542 1414 573 1453 n.
1349 1433 1353 1438 ·

475 1495 583 1557 llultas
602 1500 705 1557 contra
724 1492 922 1557 certissimam
936 1492 1015 1557 hanc
1031 1490 1197 1557 doctrinam
1212 1493 1342 1573 ineptias
1353 1508 1488 1570 utrosque

434 1612 470 1656 cx
485 1596 701 1675 proteannucis
723 1594 897 1657 auctoribus
910 1594 1052 1657 collectas
1066 1596 1229 1657 Bossnetns
1242 1593 1363 1673 objicit,
1378 1608 1489 1671 qumn

435 1696 597 1757 maximam
612 1693 783 1757 lutilitatem
805 1694 1020 1757 demonstrarit
1043 1710 1142 1774 nuper
1160 1692 1367 1769 ltohrbacher,
1379 1690 1490 1752 rirdoc·

436 1796 570 1858 tissimus
584 1796 639 1875 (a),
651 1795 748 1857 mults
759 1796 851 1857 etism
862 1810 1030 1873 coarguens
1040 1795 1073 1857 in
1083 1792 1265 1873 quibnssibi
1277 1794 1343 1871 ipse
1352 1794 1490 1854 Boesuctn

439 1896 608 1959 miserrime
622 1894 807 1958 contradicit.

479 1995 625 2056 Ceterum
640 1992 720 2071 quod
733 1998 836 2075 turpes
860 1994 910 2055 isti
923 1994 1095 2074 principum
1109 1998 1311 2055 assentatores
1329 1992 1492 2073 precipuum

440 2094 472 2155 in
494 2092 549 2155 hac
561 2110 593 2155 re
609 2093 757 2173 judicant,
783 2102 828 2157 cat
847 2111 922 2157 sane
937 2092 1081 2156 incolum
1097 2111 1131 2155 rc
1144 2093 1262 2155 nullius
1285 2090 1436 2155 momenti.
1454 2088 1494 2149 ld·

440 2196 517 2255 circo
529 2194 610 2255 enim
629 2194 818 2274 potissimum
841 2201 953 2273 negant
965 2194 1104 2257 &claein
1118 2209 1300 2271 summoque
1314 2191 1440 2255 Pontiin'
1451 2206 1494 2269 po

442 2298 577 2355 testatem
598 2311 662 2357 csse
680 2294 777 2357 ullam
793 2294 825 2357 iu
843 2294 1008 2357 secularem
1022 2294 1193 2375 principum
1207 2289 1494 2367 auctoritatemque

440 2394 611 2475 principum
627 2396 778 2457 securitati
796 2396 971 2457 existiment
986 2394 1077 2457 talem
1092 2398 1268 2479 potestatem
1292 2392 1492 2455 Μαίσω-

442 2510 557 2555 cessam
577 2495 771 2559 vehementer
790 2494 954 2557 adversari.
979 2495 1017 2556 tc
1037 2510 1107 2556 vero
1124 2498 1164 2572 ¹⁶,
1177 2494 1203 2555 si
1218 2493 1359 2557 Christus
1373 2491 1495 2554 Dominus

443 2592 522 2657 hsnc
534 2600 709 2674 potestatam
730 2596 869 2659 licclcaie
890 2594 1024 2671 tradidit,
1045 2592 1194 2674 quidquid
1214 2596 1380 2657 muetos
1401 2594 1431 2653 in
1445 2606 1496 2668 gre
1569 2589 1570 2636 t

443 2696 515 2757 tiam
527 2696 697 2777 principum
709 2713 779 2759 cum
790 2695 1025 2759 protestantibus
1036 2693 1339 2757 etPseudoPoliticis
1350 2690 1498 2755 mmmiois·

443 2802 537 2874 catur,
552 2796 639 2859 nulla
650 2798 758 2878 poterit
770 2804 833 2861 arte
846 2802 900 2861 aut
910 2798 939 2859 ri
951 2796 1017 2861 hec
1032 2802 1161 2879 potcsus
1174 2795 1315 2862 necleta
1325 2798 1498 2871 somnone

444 2895 609 2958 Protarcho
623 2898 734 2979 surripi
748 2906 801 2960 aut
814 2900 900 2980 eripi.
911 2931 953 2946 -
962 2902 994 2960 θ’
1006 2898 1220 2961 Proteatamicr
1231 2915 1286 2960 aen
1302 2891 1496 2978 pagamorm

445 2995 477 3058 in
491 2995 572 3060 idam
594 2997 710 3074 recidit,
725 2999 867 3078 loquendi
887 3005 917 3061 et
930 2998 1040 3078 mendi
1057 2999 1122 3061 lanc
1134 2999 1211 3060 ratio
1232 3003 1287 3068 est.
1307 3015 1371 3076 qur
1381 2994 1498 3057 christis-

445 3111 520 3158 uum
535 3097 684 3176 quoddam
701 3098 810 3176 dogma
821 3099 887 3161 ideo
901 3105 1039 3178 negatur,
1053 3099 1128 3176 quia
1141 3097 1237 3160 seculi
1250 3095 1498 3178 principibusmn

446 3195 540 3256 nullis
553 3195 628 3257 illud
643 3213 705 3260 non
714 3197 835 3260 arridet.
846 3231 882 3246 -
892 3199 924 3262 3·
937 3199 1082 3272 Quamvis
1094 3213 1181 3274 reges
1190 3213 1225 3259 re
1237 3196 1387 3276 principes
1398 3191 1497 3254 nullon

446 3293 575 3358 habeant
586 3297 672 3359 civile
692 3297 863 3360 dominium
886 3299 919 3358 in
937 3299 1017 3360 bona
1039 3296 1243 3372 subditorum,
1265 3295 1396 3358 iaumur
1412 3305 1498 3355 omncs

448 3394 621 3458 indirectam
645 3403 818 3477 potestatam
844 3401 876 3460 in
899 3398 1088 3460 subditorum
1101 3397 1183 3460 bona
1204 3401 1372 3476 competere
1389 3391 1500 3469 trocipu

447 3492 541 3572 quod,
553 3495 579 3556 si
595 3493 676 3574 leges
692 3499 865 3578 temporalis
877 3500 992 3563 ordinis
1005 3499 1165 3576 violemus,
1179 3503 1308 3576 possunt
1323 3512 1388 3573 nos,
1401 3491 1434 3554 ad
1446 3493 1499 3569 jos-

448 3601 509 3656 tsm
524 3595 658 3656 criminis
672 3612 804 3678 poenam,
822 3599 953 3660 iortunis
965 3599 1075 3661 nostris
1089 3597 1230 3678 spoliare.
1251 3597 1315 3658 llos
1334 3599 1430 3657 autem
1444 3592 1499 3666 jure

448 3693 545 3756 multo
564 3695 682 3756 lucilius
707 3705 833 3776 possunt
850 3698 1002 3777 principes
1023 3697 1105 3759 abuti
1129 3713 1201 3759 cnm
1218 3695 1336 3758 civim
1356 3689 1498 3755 mdunn
1569 3710 1570 3729 1

448 3795 592 3874 perniciem
609 3802 672 3857 tum
683 3797 753 3874 quia
766 3797 915 3878 principes
927 3797 1076 3860 seculares
1084 3798 1247 3858 maximam
1258 3796 1322 3858 vim
1335 3787 1497 3856 materialem
1569 3808 1570 3845 i

450 3898 480 3956 iu
494 3901 632 3976 promptu
646 3895 767 3973 habeut,
785 3913 847 3976 qua
859 3897 995 3960 celeriter
1005 3915 1039 3959 ac
1051 3897 1137 3960 iacilc
1151 3895 1300 3976 quidquid
1311 3892 1497 3957 licueritne

450 4001 590 4076 quantur,
604 4013 636 4058 ac
650 3998 811 4059 renitentes
823 4014 928 4060 omncs
942 3999 1131 4078 oppriment;
1145 4003 1212 4059 tum
1232 4003 1323 4058 etrum
1340 3994 1410 4072 qnia
1422 3985 1498 4050 multo
1569 3994 1570 4023 t

452 4093 584 4158 minores
604 4112 700 4158 canen
716 4102 879 4177 suppetunt
891 4113 947 4158 cur
959 4096 1109 4159 seculares
1128 4097 1277 4176 principes
1300 4111 1337 4156 ea
1353 4085 1495 4173 pnrdentie

449 4196 578 4276 lustitia,
589 4195 791 4258 misericordia
804 4201 925 4258 ornetos
934 4195 1102 4272 credamus,
1116 4213 1185 4275 quar
1199 4197 1231 4256 in
1245 4196 1369 4256 Summo
1381 4183 1496 4252 moute

452 4303 541 4374 atque
562 4299 711 4378 Episcopie
724 4298 830 4360 llorere
843 4304 947 4380 sponte
964 4315 1020 4360 sua
1032 4298 1154 4373 debent,
1172 4315 1207 4360 sc
1225 4298 1324 4376 reipsa
1339 4294 1492 4375 plerunque

453 4397 580 4460 lloreut:
595 4415 666 4460 uam
681 4397 880 4462 ecelesiastica
902 4399 1011 4462 horum
1026 4405 1155 4479 potestas
1168 4397 1254 4460 nulla
1272 4395 1392 4460 lulcitur
1403 4390 1428 4449 vi
1440 4398 1491 4447 me·

454 4631 713 4763 &affigurare
727 4631 841 4684 uctnrelr
852 4639 922 4685 estre
935 4633 972 4686 trs
981 4634 1048 4686 deos
1055 4634 1214 4700 paciscentes,
1224 4635 1273 4684 cte.
1282 4629 1358 4690 iscis,
1368 4618 1485 4677 unimus·
