3559 5675
446 688 506 753 aad
853 706 932 753 sonte
952 704 1112 753 uarunsrts

446 813 500 889 ille
511 813 702 877 solummodo
720 814 886 891 bonusest,
900 818 1092 894 quemlleus
1113 812 1266 895 approbat,
1279 810 1388 874 idcirco
1400 826 1434 871 ex
1446 806 1502 869 reli·

448 915 547 993 gionis
561 922 674 981 natura,
681 916 746 996 ipsa
757 915 803 991 tit,
819 916 918 994 utqui
932 932 1035 977 veram
1048 914 1226 991 religionem
1245 914 1420 991 sequuntur,
1438 908 1501 971 allos
1584 946 1585 997 4

447 1015 586 1077 homines
599 1015 683 1077 tatsae
696 1016 836 1093 religioni
854 1015 989 1077 addictos
1003 1014 1194 1077 considerent
1212 1019 1247 1074 ut
1264 1011 1395 1073 veritatis
1405 1010 1504 1081 hoster,

445 1123 480 1177 ut
491 1119 551 1179 Deo
564 1116 703 1191 rebelles,
718 1122 752 1177 ut
767 1117 886 1177 ahenis
911 1116 1066 1199 suppliciis
1088 1114 1262 1177 destinatos.
1278 1114 1337 1187 Qui
1351 1128 1418 1173 vero
1436 1109 1505 1171 laha

446 1216 586 1293 religioni
600 1216 767 1292 amarem,
778 1216 964 1295 opinionem,
979 1231 1073 1293 quam
1091 1213 1229 1276 homines
1244 1210 1398 1279 orthodoxi
1410 1208 1444 1271 de
1455 1206 1505 1269 illis

447 1316 570 1393 hahent,
584 1333 647 1379 non
662 1317 844 1394 ignorantes,
866 1314 912 1377 ira
926 1320 1016 1393 atqrm
1041 1313 1156 1376 invidia
1174 1312 1312 1391 permoti,
1337 1309 1449 1371 nullam
1461 1324 1506 1369 so-

448 1399 513 1477 len't
524 1416 672 1479 rationem
685 1416 851 1493 negligere,
859 1432 921 1493 qua
932 1412 1128 1477 orthodoxam
1141 1412 1317 1489 religionem
1328 1409 1507 1471 criminentur

447 1520 541 1593 atque
553 1517 637 1577 omni
650 1517 835 1578 contumelia
847 1514 989 1577 afficiant.
1004 1517 1093 1592 Ergo,
1109 1520 1165 1575 etc.

487 1615 741 1693 lll.Religionnm
749 1616 829 1697 apud
838 1614 1065 1693 seriosiusdem
1074 1614 1219 1677 societatis
1228 1612 1363 1673 mamhra
1371 1610 1508 1673 diversitas

448 1717 653 1778 materialibus
664 1719 755 1779 etiam
764 1718 914 1779 sociorum
931 1717 1110 1781 utilitatibus
1123 1716 1241 1803 nullam
1253 1716 1509 1793 securitatempra·

452 1816 513 1877 het.
527 1816 679 1897 Praecipua
692 1833 826 1895 namque
839 1818 965 1893 sanctio,
980 1834 1047 1895 qua
1058 1816 1203 1877 utilitates
1213 1816 1375 1877 homiuum
1386 1813 1508 1877 materis-

451 1915 497 1976 les
508 1916 733 1994 tuetur,religio
741 1923 798 1979 est.
807 1920 917 1991 Quare,
925 1934 986 1995 quo
998 1919 1144 1994 numerem
1152 1918 1393 1995 quisquererum
1401 1930 1510 1978 suarum

452 2032 559 2091 curam
572 2015 674 2091 hahet,
686 2033 722 2077 eo
735 2016 881 2095 majorem
903 2018 935 2077 in
949 2014 1016 2077 aliis
1034 2016 1221 2095 quibuscum
1230 2016 1283 2081 ille
1294 2016 1456 2089 cohumari
1466 2014 1511 2075 de·
1584 2054 1585 2087 ,

452 2114 532 2192 heat,
551 2104 752 2192 honestatem,
766 2116 902 2195 adeoque
917 2122 947 2177 et
958 2114 1148 2195 religionem,
1164 2116 1229 2179 sine
1243 2132 1305 2193 qua
1316 2114 1511 2177 honestando·

455 2230 525 2275 cora
535 2219 725 2289 etconetans
745 2214 833 2276 nulla
845 2232 911 2277 esee
922 2220 1030 2295 potest,
1045 2216 1182 2295 requirit.
1196 2216 1287 2293 aqui
1306 2214 1395 2277 nulla
1409 2212 1511 2291 religio,

454 2319 562 2393 pontu
578 2331 646 2375 eam
657 2331 750 2392 quam
762 2315 826 2397 ipse
843 2332 945 2378 veram
957 2314 1064 2390 judico
1082 2322 1111 2375 et
1121 2314 1272 2395 profiteor,
1284 2320 1380 2394 potest
1396 2328 1512 2375 neceam

454 2414 531 2475 riam
541 2414 627 2484 illam
640 2414 717 2475 mihi
730 2414 768 2476 de
780 2415 965 2489 relemiliari
978 2415 1170 2477 securitatem
1180 2414 1321 2495 prebere.
1338 2417 1413 2477 Nam
1424 2410 1513 2488 religio

454 2517 543 2593 cujus
566 2514 735 2590 doctrinam
752 2522 783 2577 et
806 2521 952 2594 precepta
976 2516 1039 2595 ipsa
1063 2532 1124 2577 non
1143 2502 1291 2589 noverim,
1304 2519 1402 2595 potest
1415 2514 1512 2575 sulen

455 2614 710 2694 permittereque
730 2613 808 2675 mihi
826 2616 958 2675 maxime
977 2615 1067 2679 noxia
1089 2616 1159 2677 sint.
1185 2618 1340 2692 mterea,
1354 2632 1373 2676 a
1386 2612 1513 2691 religione

454 2730 548 2791 quam
563 2712 627 2793 ipse
640 2713 751 2775 taleam
761 2713 879 2794 judico,
903 2717 930 2775 si
948 2714 1066 2793 tomuli,
1089 2716 1115 2775 si
1128 2716 1229 2787 amici,
1242 2716 1268 2776 si
1287 2714 1445 2795 propinqui
1459 2726 1514 2773 eam

456 2818 622 2890 sectemur,
636 2829 832 2894 nequaqnam
844 2832 963 2895 sperare
978 2831 1101 2894 possum
1114 2815 1177 2876 vim
1191 2814 1337 2878 moralem
1352 2816 1422 2878 satis
1434 2810 1515 2874 etlin-

456 2929 523 2975 cem
541 2918 572 2974 et
594 2913 778 2975 unctionem
798 2914 871 2975 eatis
890 2913 1035 2990 ualidam,
1062 2913 1175 2992 quihus
1193 2914 1241 2976 illi
1259 2919 1428 2978 constanter
1443 2929 1459 2972 a
1472 2907 1514 2970 de-

457 3012 529 3074 licto
546 3011 778 3084 absterreantur,

498 3108 549 3170 lv.
565 3109 701 3172 &metati
713 3127 781 3188 qum
793 3111 909 3172 unitate
923 3109 1063 3189 religiosa
1076 3117 1185 3190 careat,
1198 3127 1260 3174 nou
1273 3109 1372 3172 solum
1385 3109 1462 3171 deest
1472 3105 1517 3168 hoo

459 3210 567 3272 sociale
587 3209 744 3272 vinculum
766 3210 989 3290 linnissimum,
1009 3211 1062 3274 sed
1076 3213 1122 3274 vis
1142 3212 1241 3273 omnis
1254 3227 1321 3288 quaa
1339 3211 1378 3271 ah
1398 3208 1516 3285 religiosa

458 3311 573 3370 uniutc
582 3309 729 3388 prouenit,
745 3309 792 3370 illi
803 3309 892 3389 plane
905 3311 1021 3373 intensa
1032 3319 1087 3374 est.
1104 3313 1222 3374 Etenim
1236 3311 1396 3391 provincio
1409 3305 1516 3372 divorsis

459 3409 658 3486 religionibus
671 3409 877 3473 servienteseo
887 3411 1017 3474 tendunt
1028 3419 1170 3494 perpetuo
1182 3419 1294 3474 uteese
1303 3411 1344 3474 ab
1360 3409 1518 3474 heterodoxi

459 3509 610 3586 societate,
627 3527 721 3587 aqua
740 3509 807 3571 illan
827 3511 933 3574 multis
947 3512 1045 3574 modis
1068 3513 1175 3574 vexari·
1189 3529 1309 3576 necesse
1329 3519 1393 3588 est,
1412 3509 1518 3573 omnino

462 3617 611 3690 moerent.
628 3612 727 3684 Quare
746 3611 903 3687 llihernia,
918 3630 946 3674 u.
961 3631 1007 3692 qr,
1025 3613 1207 3693 jampridem
1227 3631 1245 3674 a
1263 3614 1432 3676 Britannico
1446 3624 1519 3685 regno

462 3725 527 3770 sese
537 3711 660 3789 pervim
669 3709 852 3788 divulsieeet,
862 3713 922 3772 nisi
931 3713 1033 3774 terrem
1043 3719 1154 3774 catena
1165 3713 1277 3791 quihus
1286 3714 1339 3774 illa
1347 3711 1518 3793 opprimitur,

461 3807 563 3871 locum
577 3810 701 3871 moralis
714 3811 826 3873 vinculi
839 3818 984 3874 tenuent.
999 3812 1085 3887 Quod
1098 3819 1199 3874 autern
1214 3813 1354 3874 llihernis
1369 3831 1421 3892 per
1435 3819 1519 3888 tyran·
1536 3883 1538 3888 Ι
1584 3797 1585 3878 ᾗ

462 3907 543 3973 nidis
552 3912 695 3972 sevitiam
707 3928 770 3974 non
781 3910 879 3991 licuit,
891 3911 922 3972 id
936 3911 1032 3989 Belgae
1051 3913 1176 3974 lelioitcr
1192 3918 1294 3974 nostro
1311 3913 1457 3974 -memon'a
1469 3925 1520 3989 pcr-
1584 3943 1585 3998 q

461 4011 566 4074 ledere.
583 4013 672 4090 Ergo,
686 4020 742 4075 etc.

504 4111 573 4174 ato.
594 4115 653 4176 Poe
680 4113 766 4175 42⁴⁸.
790 4147 830 4159 —
853 4114 939 4176 Civili
959 4115 1125 4176 auctoritati
1144 4115 1266 4176 nullium
1285 4119 1339 4194 jus
1355 4122 1402 4178 cst
1421 4108 1521 4174 socialis

465 4213 634 4292 cuiuspiam
648 4213 802 4290 religionis
813 4215 902 4276 sociis
916 4213 1115 4293 imponendae.

505 4315 598 4374 Pron.
620 4343 662 4358 -
689 4319 721 4374 l⁰
743 4315 779 4374 llt
800 4317 974 4394 temporalis
995 4315 1155 4378 ancmritas
1175 4315 1298 4377 haberet
1317 4317 1370 4393 jirs
1389 4307 1522 4389 religionis

465 4413 585 4475 socialis
596 4413 842 4491 determinandae,
856 4415 978 4478 deberet
999 4415 1052 4476 illa
1072 4423 1102 4477 et
1116 4416 1226 4478 hahere
1237 4419 1290 4495 jus
1303 4419 1333 4476 in
1349 4423 1428 4476 aetus
1447 4409 1522 4474 sotio

465 4532 534 4576 rum
560 4518 712 4592 internos,
730 4523 760 4578 et
785 4534 851 4579 esse
880 4517 1048 4580 infallibilis
1069 4519 1100 4578 in
1122 4518 1264 4596 religiosa
1282 4517 1402 4578 veritate
1419 4525 1522 4588 cognos-

464 4617 568 4679 cenda.
593 4621 617 4679 l.
642 4618 766 4681 heberet
778 4619 889 4682 hahere
906 4623 959 4700 jus
977 4621 1008 4681 in
1022 4625 1106 4683 actus
1118 4621 1260 4682 internos.
1283 4621 1356 4681 Nam
1375 4614 1472 4692 religio
1487 4609 1522 4669 cst

464 4719 559 4781 libera
581 4721 690 4783 mentis
709 4721 841 4783 adhasto
857 4721 894 4784 sd
911 4724 1007 4786 mum
1022 4727 1056 4784 ut
1069 4737 1223 4784 summum
1240 4737 1356 4798 vorum,
1372 4718 1461 4778 lihera
1473 4719 1522 4771 ten·
