3559 5675
569 766 676 814 mam.
699 782 738 802 -ν
760 765 846 823 tuta
865 764 1003 819 manvus.
1266 750 1324 823 titii

238 870 363 935 utiam
384 888 440 935 aas
457 870 632 951 disciplinas
647 870 798 951 percipere
821 867 1003 950 aggreditur.
1020 870 1053 945 3ο
1067 867 1173 941 Multis
1194 869 1324 951 impanari-

240 968 330 1045 tila,
355 972 434 1047 quia
459 971 684 1049 exquisitionem
718 970 797 1046 bauo
826 971 1045 1051 iustitutionem
1069 968 1126 1052 sibi
1151 986 1324 1053 comparare

240 1087 332 1133 nemo
347 1075 459 1149 potest,
475 1070 535 1133 uisi
548 1077 579 1133 et
601 1069 680 1135 noco
696 1067 733 1132 sit
752 1070 874 1148 iugenio
892 1069 1049 1150 preditus,
1061 1075 1222 1141 ‚ctomnem
1234 1086 1323 1141 suani

240 1186 367 1249 operam
382 1169 499 1232 multoe
514 1184 612 1248 annos
622 1168 666 1235 ad,
672 1168 830 1249 ingenium
843 1168 1041 1241 excolendum
1055 1168 1207 1240 insumere
1219 1169 1322 1247 possit„

240 1268 383 1329 dtmutti
397 1267 547 1339 bospitio
561 1268 681 1345 iugenio
695 1275 813 1349 carept3
829 1264 919 1334 multi
930 1284 1017 1330 suam
1032 1284 1151 1347 operam
1161 1266 1200 1330 ad
1211 1268 1323 1333 victum

241 1368 299 1427 sibi
311 1366 520 1445 quaeremtium
534 1367 580 1433 vel
592 1384 610 1430 a
621 1368 723 1451 pueris
738 1366 914 1453 impendero
929 1372 1088 1443 coguntur.
1167 1427 1173 1439 ,

278 1469 432 1530 Praeterea
453 1466 559 1534 altiora
578 1466 641 1534 haet·
663 1466 831 1555 multorum
860 1464 960 1527 studia
989 1464 1119 1535 societati
1142 1481 1203 1531 non
1222 1466 1322 1538 eolurn

240 1567 376 1645 uuum,
391 1566 447 1629 reo
461 1564 549 1627 valde
565 1568 653 1632 notia
672 1571 782 1632 eseeot.
798 1564 927 1631 sciurus
941 1566 1023 1631 enim
1044 1571 1091 1625 eet
1106 1565 1203 1625 multo
1223 1566 1323 1643 piures

240 1664 386 1727 homiues
405 1663 613 1734 materialibus
635 1665 734 1744 operis
753 1662 884 1725 addictos
907 1680 998 1741 quam
1020 1662 1202 1731 mentalibus
1216 1662 1324 1729 studiis

240 1770 384 1823 camales
404 1762 539 1831 societati
551 1778 617 1823 esse
633 1763 828 1826 necessarios.
841 1762 886 1825 dd
902 1762 995 1825 unius
1008 1763 1104 1840 enim,
1117 1778 1144 1823 o.
1161 1780 1205 1841 p.,
1221 1760 1321 1833 arciri-

241 1861 309 1921 tecti
331 1859 589 1939 mhuograpbiam
611 1860 833 1947 exsequendam
855 1862 973 1929 ceubni
994 1878 1071 1941 sepe
1092 1866 1121 1929 et
1141 1858 1322 1938 quaudoque

243 1960 366 2024 milleni
386 1959 528 2035 homiues
547 1960 752 2037 requinmtur.
767 1959 924 2031 materialis
944 1948 1144 2038 autem'lahor
1164 1960 1242 2041 vires
1262 1976 1324 2019 cor-

244 2062 324 2139 poris
333 2067 432 2137 atque
443 2059 566 2125 babitus
577 2061 671 2130 animi
687 2061 815 2142 postulat
829 2061 918 2138 louge
931 2060 1063 2127 diversos
1074 2078 1092 2124 a
1105 2061 1219 2125 viribus
1233 2066 1323 2137 atquo

246 2161 404 2225 habitibus
437 2175 516 2237 quos
536 2160 680 2230 menube
692 2147 792 2231 studia
813 2160 959 2233 efficiunt·
976 2162 1053 2239 Ergo
1071 2160 1108 2224 ad
1123 2160 1243 2224 altiores
1263 2161 1323 2222 dis

249 2259 373 2339 cipliuas
393 2259 572 2322 excolendas
593 2259 705 2337 vulgus
724 2276 813 2336 omns
827 2260 970 2329 advocare
985 2259 1107 2339 perinde
1128 2267 1257 2321 essetne
1277 2276 1323 2329 so·

252 2360 383 2419 cientem
402 2358 475 2422 utili
496 2375 530 2443 uc
555 2360 722 2424 necessaria
742 2361 858 2440 privare
882 2351 1087 2444 plurimorum
1107 2376 1214 2442 opera,
1238 2361 1325 2442 eique

255 2459 374 2520 noceam
401 2473 439 2519 ac
470 2457 673 2543 turbulentam
696 2474 860 2545 capparum
888 2458 1115 2535 multitudinem
1135 2459 1322 2543 progignere.

251 2559 335 2639 Frgo,
348 2565 406 2625 etc.
918 2630 920 2635 ,
1126 2606 1128 2613 a
1154 2623 1157 2630 ,
1203 2616 1207 2623 .

284 2661 358 2721 902.
381 2659 516 2723 Concu.
538 2661 566 2719 t.
586 2691 621 2703 —
634 2658 725 2724 Aliud
747 2665 792 2722 est
811 2659 904 2735 igitur
923 2674 1113 2742 progressum
1132 2660 1271 2745 omnium
1284 2660 1324 2721 t'a·

244 2759 395 2825 miratum
409 2778 429 2819 a
441 2761 582 2826 sociemte
601 2760 659 2822 sub
679 2760 767 2823 certis
798 2758 1020 2823 conditionibus
1039 2762 1220 2846 promoveri,
1241 2760 1323 2821 atiud

242 2867 287 2921 est
299 2877 411 2926 omues
422 2860 516 2925 socios
527 2861 560 2922 in
574 2862 613 2922 iis
631 2861 822 2946 tacullatihus
832 2861 965 2927 colendis
979 2863 1118 2930 exerceri.
1133 2862 1270 2924 ntorum
1283 2859 1321 2922 ad

241 2962 398 3023 societatis
420 2960 630 3046 perlectionem
653 2960 792 3040 pertinet,
810 2961 941 3031 alterum
957 2968 986 3022 et
1004 2960 1143 3042 plurimis
1158 2959 1322 3046 indiuiduis¹

239 3067 271 3120 et
282 3059 422 3120 societati
434 3061 582 3123 universae
593 3057 784 3122 vehementer
797 3065 926 3123 noceret.
941 3059 1135 3136 limonario,
1148 3073 1321 3136 quenquam

240 3159 367 3220 altiores
385 3158 553 3241 discipline
570 3175 632 3228 nou
652 3159 795 3224 omnibus
810 3160 1010 3223 communiter
1023 3159 1060 3222 dc
1072 3158 1163 3238 vulgo
1175 3157 1323 3220 cauendae

241 3260 319 3332 sint,
332 3258 504 3319 cavendum
516 3264 616 3319 tamen
632 3263 676 3318 est
690 3274 728 3318 ne
745 3258 893 3338 preclaris
904 3256 1033 3334 ingeniis
1045 3256 1142 3318 aditus
1156 3256 1194 3320 ad
1206 3274 1241 3318 ea
1250 3274 1323 3340 pres-

241 3357 393 3420 stautiora
410 3355 511 3418 studia
528 3355 901 3444 precludatunbmm'um
920 3357 1030 3440 quippe
1049 3361 1218 3435 temporum
1237 3374 1323 3434 erpe-

242 3456 357 3516 rieutia
374 3454 506 3523 ostendit
527 3454 716 3522 nobilissima
738 3455 860 3530 ingenia
878 3472 895 3518 e
913 3453 1000 3534 plebs
1021 3471 1082 3522 aon
1101 3470 1169 3516 raro
1188 3454 1320 3536 prodire

242 3573 314 3634 quae
326 3554 381 3618 ubi
396 3554 533 3633 diligenti
545 3560 575 3616 et
585 3562 651 3637 apta
663 3555 848 3619 institutione
859 3554 1044 3632 excolentur,
1057 3554 1219 3620 utilissime
1230 3555 1261 3615 in
1275 3571 1321 3624 eo·

243 3657 387 3719 metamur
401 3653 499 3716 officia
509 3653 642 3728 conferre
652 3656 766 3733 solent3
786 3673 821 3718 ao
834 3660 1002 3736 propterea,
1018 3653 1213 3723 dicentem
1228 3654 1323 3714 otiosa

242 3762 438 3832 remaneant,
454 3757 572 3836 magnis
590 3757 713 3834 societas
732 3757 911 3824 utilitatibus
931 3753 1105 3827 nudabitur.
1122 3756 1221 3828 Quare
1241 3759 1322 3822 tanto

243 3855 406 3934 perfectior
422 3856 548 3917 societas
561 3872 689 3936 queque
700 3853 826 3922 dicenda
843 3855 912 3930 erit,
926 3860 1041 3936 quantu
1059 3851 1330 3934 communicarem

245 3954 396 4014 menteris
408 3954 605 4037 iustitutionis
616 3971 751 4020 accessus
764 3954 905 4020 omnibus
922 3953 1013 4026 sociis
1025 3951 1148 4032 patebit,
1161 3957 1191 4012 et
1210 3956 1323 4028 quanto

244 4051 426 4128 diligentius
441 4051 478 4112 ab
490 4052 647 4116 altioribus
664 4054 771 4117 studiis
787 4055 888 4133 inepta
906 4051 1028 4130 ingenia
1043 4049 1233 4134 arcebuntur,
1246 4055 1276 4110 et
1286 4049 1324 4111 ad

245 4152 353 4213 eadem
373 4151 441 4213 bac
461 4151 562 4222 ¹studia
584 4152 736 4232 preclaris
764 4153 939 4236 quibusque
961 4151 1092 4228 ingeniis
1112 4148 1207 4216 tacitis
1226 4141 1325 4212 aditus

247 4258 413 4314 sternetur.

285 4354 389 4413 Unum
402 4357 505 4419 autom
516 4349 566 4415 hic
577 4351 745 4418 notandum
757 4357 907 4438 superestc
917 4350 1062 4428 terminos
1074 4350 1155 4427 ilios,
1169 4352 1323 4414 clementa·

248 4449 291 4510 ria
311 4449 464 4512 institutio
484 4459 512 4520 et
532 4448 652 4512 altores
670 4449 853 4532 discipline,
874 4469 940 4518 esse
963 4451 1101 4518 relativos
1121 4451 1157 4514 ad
1178 4452 1324 4516 societatis

245 4555 395 4632 majusque
409 4556 521 4613 statum
533 4551 653 4616 civilem
666 4559 696 4614 et
714 4553 884 4634 politicum,
904 4554 941 4616 ad
956 4554 1169 4634 perlectionem
1187 4556 1324 4618 scientia-

248 4671 327 4713 nnn.
348 4669 418 4729 qum
436 4651 516 4730 apud
540 4669 645 4713 earcim
666 4653 803 4730 singulas
824 4660 911 4717 unica
926 4655 1106 4727 coiciuntur,
1127 4654 1165 4717 ml
1187 4653 1323 4720 secutum

248 4769 309 4832 quo
320 4753 398 4814 torte
408 4753 555 4812 vivamus.
569 4754 686 4838 Etenim
699 4755 731 4823 in
741 4755 921 4831 quibusdam
933 4755 1125 4819 facultatibus
1136 4753 1215 4832 quod
1226 4761 1326 4824 noetra
