3559 5675
439 692 480 753 68
849 704 930 753 sums
946 704 1104 753 nemaeus

438 826 510 873 oum
521 810 712 893 politioerum
721 808 919 887 seditionum,
931 826 1002 873 eum
1013 810 1131 874 euieidii
1145 812 1325 877 fautoribus.
1339 814 1425 890 Quod
1439 818 1513 895 qm-

436 911 507 973 dem
520 911 689 973 neeeuerio
700 911 744 972 ita
763 909 829 972 lieri
851 908 950 973 debet.
965 912 1086 975 Etenim
1107 911 1185 974 inter
1200 911 1264 975 hmo
1277 914 1335 973 tria
1352 919 1382 975 et
1398 914 1514 994 hujus-

435 1008 909 1089 modialiaoommuniequndam
923 1010 1027 1073 relatio
1037 1010 1134 1089 logice
1151 1012 1319 1075 intercedit.
1331 1015 1368 1075 lli
1380 1031 1516 1095 namque

434 1128 549 1175 erronee
563 1109 715 1193 praepo
729 1109 875 1172 militene
896 1110 1008 1189 pariter
1030 1128 1137 1175 omnee
1161 1112 1344 1193 fundanium
1364 1114 1515 1179 nimirum

430 1230 467 1275 ex
478 1212 608 1293 peeeima
620 1210 729 1275 heresi
738 1210 911 1273 felicitatem
921 1209 1054 1273 hominis
1067 1212 1100 1271 in
1111 1230 1174 1291 pra
1180 1214 1273 1277 sentia
1285 1214 1351 1277 vite
1365 1215 1511 1277 utilitati-

431 1313 533 1375 bueet
550 1311 717 1377 eommodie
729 1310 922 1374 eemualibuu
942 1312 1143 1373 constituente
1166 1314 1278 1393 pariter
1298 1330 1403 1379 omoee
1419 1332 1511 1379 enas-

302 1490 306 1495 *
429 1417 551 1475 ountur.
576 1414 679 1491 ltaque
711 1411 928 1489 eonjugiornm
954 1408 1077 1473 ellrenie
1105 1410 1231 1475 libertae
1261 1412 1335 1475 illue
1361 1414 1514 1494 pullulare

431 1510 547 1587 debuit,
560 1510 613 1573 ubi
627 1511 901 1591 proteatantiemue,
912 1511 967 1589 qui
987 1516 1032 1573 eet
1045 1510 1187 1591 religiosa
1198 1510 1321 1575 eilrenie
1333 1512 1468 1591 libertae,
1482 1522 1514 1578 et

431 1610 608 1675 aeditimum
625 1612 795 1691 ingenium,
807 1610 891 1689 quod
902 1614 948 1672 est
965 1607 1086 1673 ellrenie
1106 1612 1227 1691 politiae
1245 1610 1381 1691 libertas,
1401 1620 1430 1677 et
1443 1618 1511 1677 sui-

428 1710 555 1786 eidium,
565 1710 648 1791 quod
658 1718 705 1774 eet
716 1710 837 1775 elirenie
854 1712 888 1773 in
905 1709 1084 1773 individuali
1095 1711 1201 1775 ordine
1218 1712 1358 1790 libertae,
1372 1714 1512 1794 pullula-

428 1812 537 1873 verint.
551 1810 767 1873 llevoeabilitae
780 1809 915 1872 mandati
932 1810 961 1871 vi
975 1811 1077 1889 euius,
1092 1812 1224 1891 expanti
1237 1812 1510 1877 eoeialiedoetrina

429 1908 495 1987 (lin
512 1908 544 1989 4,
564 1926 630 1990 eap.
645 1908 677 1989 4,
693 1913 748 1971 art.
767 1908 810 1989 3),
831 1910 960 1990 prineipi
982 1908 1150 1991 parendum
1168 1916 1232 1989 eet,
1251 1918 1280 1973 et
1302 1911 1509 1977 revooabilitae

427 2024 676 2089 ooneeneue,quo
687 2010 812 2091 eonjugi
827 2010 898 2089 quie
916 2008 1125 2090 adstringitur,
1141 2011 1249 2074 eodem
1270 2013 1411 2075 nituntur
1424 2016 1509 2095 prin-

425 2110 505 2191 oipio
518 2132 527 2171 a
541 2107 637 2173 Nemo
649 2110 761 2173 adimet
769 2116 866 2191 poieet
879 2107 1010 2191 obligari
1022 2106 1062 2171 od
1075 2109 1165 2171 uitam
1174 2110 1321 2193 infelicem
1334 2114 1480 2195 egendum
1492 2134 1506 2177 .·

424 2228 487 2291 qaae
506 2212 654 2293 principio
665 2211 704 2275 ed
724 2212 882 2275 unitatem.
893 2210 1113 2275 individualem
1125 2211 1253 2275 euioidio
1272 2212 1505 2279 dissolvendum

423 2312 512 2376 laelle
522 2329 645 2393 quoque
656 2314 841 2394 pervenitur.

464 2414 553 2490 item,
564 2413 639 2477 liciti
647 2412 767 2478 dvortii
775 2414 909 2477 doctrina
921 2412 1066 2477 fundatur
1076 2411 1134 2476 hoo
1146 2410 1309 2496 principio,
1320 2414 1402 2495 quod
1413 2432 1505 2482 nemo

423 2515 500 2579 eeire
509 2517 605 2595 poenit
617 2520 724 2577 unum
735 2532 801 2578 eree
815 2516 896 2579 idem
911 2530 1058 2577 eeneurue
1078 2515 1118 2576 eit
1133 2519 1224 2593 atque
1240 2522 1409 2599 amaturus,
1422 2518 1505 2599 quod

423 2613 515 2677 hodie
531 2616 623 2679 eentit
639 2632 675 2679 ae
686 2615 773 2679 vult:
786 2632 849 2695 quo
867 2616 1016 2695 principio
1028 2614 1198 2677 ostenditur
1213 2617 1305 2677 etiam
1317 2617 1505 2697 impoeeibile

362 2782 367 2794 ,
421 2734 487 2781 eme
499 2724 681 2799 perpetuum
693 2718 852 2782 vinculum
863 2717 1002 2796 einedem
1015 2716 1183 2795 religionis.
1203 2718 1240 2779 At
1251 2734 1334 2797 vero,
1349 2718 1403 2780 ubi
1417 2734 1504 2781 eom-

421 2835 516 2884 mune
523 2818 673 2900 ejuemodi
682 2818 918 2898 fundamentum
925 2818 1009 2884 hieee
1019 2817 1164 2881 omnibus
1176 2818 1329 2882 erroribus
1336 2820 1503 2899 auferetur,

421 2925 452 2984 et
461 2921 618 3003 perepieue
635 2925 792 2997 emuntur,
807 2917 941 2984 hominio
955 2918 1071 2982 bonum
1085 2924 1116 2980 et
1126 2917 1303 2982 felicitatem
1313 2917 1347 2982 in
1362 2920 1503 2982 rationali

420 3022 527 3086 ordine
538 3021 687 3088 wando
697 3028 789 3086 totam
799 3023 973 3104 eitameeee,
987 3027 1018 3084 et
1030 3036 1151 3101 semper
1165 3037 1253 3102 poene
1265 3019 1348 3084 hune
1361 3021 1502 3085 ordinem

419 3121 537 3188 homini
549 3125 664 3188 mtione
678 3123 802 3206 prodito
817 3123 1015 3200 innotescere,
1031 3127 1060 3184 et
1075 3137 1195 3202 semper
1209 3119 1283 3182 huie
1296 3119 1396 3182 ordini
1412 3137 1502 3202 poene

392 3233 397 3240 ’
418 3223 458 3287 ab
468 3225 594 3288 homine
612 3225 748 3288 liberate
763 3224 879 3287 arbitrii
899 3225 1044 3286 inetruoto
1065 3239 1138 3284 auae
1160 3221 1293 3286 actiones
1305 3221 1501 3299 conformari,

416 3324 519 3387 atatim
530 3322 684 3386 evidenter
694 3323 773 3386 ratio
784 3321 999 3399 obligationem
1023 3321 1219 3384 individualis
1239 3325 1269 3384 et
1287 3320 1459 3384 domentiae
1472 3325 1502 3384 et

416 3421 546 3503 politica
555 3429 586 3486 et
593 3423 742 3502 religione
752 3423 906 3486 unitatum
914 3419 1131 3486 servandarum
1150 3420 1274 3485 homini
1288 3422 1436 3504 imponet.

456 3523 603 3588 Colum·
617 3523 648 3588 3.
673 3555 715 3572 -
737 3524 919 3604 Quanquam
938 3521 1069 3586 rationes
1090 3523 1203 3603 quibua
1238 3521 1402 3586 divortium
1428 3525 1499 3602 jure

415 3624 548 3688 naturali
566 3623 705 3688 damnari
723 3621 922 3703 oelendimue,
944 3623 1128 3701 gravienmn
1151 3622 1223 3702 rint,
1246 3628 1392 3702 attamen,
1413 3640 1499 3701 quo·

415 3725 500 3788 niam
511 3723 587 3788 illud
609 3723 762 3788 eeeentiali
774 3724 959 3788 matrimonii
980 3739 1069 3806 eenpo
1090 3739 1154 3788 non
1172 3722 1310 3786 abeolute
1332 3729 1497 3804 repugnat,

414 3823 468 3888 eed
486 3825 588 3889 eolum
609 3824 708 3888 multo
723 3823 924 3890 difficiliorem
935 3824 1019 3888 illiue
1031 3823 1249 3887 assecutionem
1263 3821 1369 3902 elfioit,
1385 3829 1416 3886 et
1436 3823 1498 3885 alia

415 3931 483 3989 tum
498 3925 664 3990 individuis
677 3933 744 3990 nrm
765 3926 898 3990 eoeietatl
921 3925 1048 4006 publiea
1067 3922 1261 3988 inoommode
1281 3923 1371 4004 parit,
1398 3930 1498 4004 potest

414 4026 521 4106 utique
543 4043 705 4108 supremus
722 4042 827 4090 rerum
847 4024 1053 4088 humanarum
1076 4029 1173 4088 reetor
1191 4026 1271 4088 Deua
1285 4024 1401 4104 aliquot
1417 4024 1497 4086 indi·

413 4123 506 4188 vidua
525 4125 571 4190 vel
590 4126 740 4207 populum
758 4126 892 4205 aliquem
913 4125 952 4188 ab
970 4141 1006 4188 ea
1027 4124 1094 4202 lege
1113 4122 1278 4187 divortium
1291 4129 1410 4186 velante
1431 4125 1496 4186 exi·

414 4238 513 4296 ulmae
536 4224 619 4304 quod
639 4225 761 4288 &aeter
779 4225 1020 4306 eapientieeimue
1041 4225 1108 4286 eine
1132 4223 1224 4286 dubio
1241 4239 1303 4285 non
1322 4223 1410 4285 laniet
1427 4223 1496 4286 eine

412 4324 498 4404 gravi
510 4339 600 4387 mnan
609 4329 641 4386 et
653 4325 720 4387 eine
733 4323 847 4388 additia
864 4322 1090 4387 eonditionibue
1108 4329 1138 4384 et
1150 4322 1361 4402 eautelieque
1374 4321 1494 4386 innom-

411 4421 565 4487 modailla
577 4425 641 4488 eive
649 4424 687 4488 ad
701 4421 920 4488 individualem
929 4423 1160 4506 temperantiam
1172 4423 1236 4486 eive
1247 4421 1285 4484 ad
1295 4422 1493 4486 domesticam

411 4539 515 4604 paoem
528 4525 592 4588 eive
613 4525 653 4589 ad
669 4524 806 4588 filiorum
820 4524 1030 4588 educationem
1043 4523 1106 4588 eive
1121 4521 1158 4586 ad
1175 4523 1331 4605 publicam
1345 4521 1494 4586 honesta-

409 4629 472 4686 tem
494 4627 660 4707 spectantia
676 4627 726 4694 vel
746 4627 873 4694 omnino
893 4626 1107 4708 impediantur,
1130 4623 1179 4687 vel
1198 4624 1368 4706 plurimum
1381 4623 1491 4688 aarum

410 4723 598 4802 minuantur.
