3559 5675
487 734 545 798 ild
893 751 976 799 ιιιιιι
995 752 1155 802 uumerus

488 857 527 918 lto
541 855 630 918 eiiam
644 869 681 916 er
701 867 758 916 sun
778 859 887 918 unturs
907 855 1066 936 hebetius
1086 858 1274 920 eximendis
1293 857 1382 938 legali
1394 861 1538 940 punitione,

485 955 609 1034 quondo
620 954 684 1014 heo
694 954 841 1032 exemptio
854 953 977 1016 nullum
991 958 1121 1020 societati
1133 957 1305 1037 perieulum
1320 959 1408 1037 parit.

528 1057 598 1118 951.
614 1057 744 1120 Coruus.
764 1052 793 1116 l.
806 1057 894 1116 -Ex
907 1055 994 1118 dietis
1012 1057 1069 1119 hoo
1089 1058 1280 1136 intelligitur,
1297 1059 1353 1119 etsi
1374 1058 1419 1120 lex
1436 1059 1465 1118 in
1476 1075 1540 1120 oom-

486 1173 580 1218 muue
595 1156 710 1218 honum
737 1155 933 1216 essentialiter
957 1156 1124 1230 ordinetur,
1149 1159 1217 1236 ejus
1237 1165 1340 1222 umen
1362 1161 1541 1237 exeeplionem

486 1257 649 1336 prudenter
674 1255 781 1316 laetam
806 1254 843 1315 ad
856 1272 1017 1318 commune
1039 1257 1154 1318 bouum
1175 1258 1337 1336 pertinere.
1361 1257 1448 1320 Nulla
1467 1260 1541 1335 igitur

484 1363 532 1448 est
546 1371 645 1436 pugne
660 1357 736 1416 inter
757 1361 931 1434 potestatem
950 1357 1091 1436 pareeudi
1105 1363 1135 1418 ei
1152 1355 1248 1435 legem
1263 1357 1409 1438 puniendi
1424 1373 1432 1417 ι
1446 1360 1540 1437 pmprii

488 1471 620 1532 nemque
642 1471 747 1516 oerum
766 1455 841 1516 lines
862 1461 934 1516 suut
952 1456 1045 1536 plene
1069 1457 1188 1518 diversi.
1210 1458 1359 1519 Posterior
1380 1457 1442 1519 haee
1458 1459 1542 1518 rultr

487 1555 593 1616 delicto
609 1555 773 1616 absterrere
782 1577 791 1631 3
817 1557 910 1635 prior,
932 1557 1014 1619 salvo
1031 1557 1178 1619 sooiettlis
1199 1557 1289 1633 bono,
1307 1558 1440 1620 sulutem
1459 1559 1541 1618 miseri

486 1655 540 1734 qul
562 1655 627 1716 sine
647 1655 730 1732 gravi
749 1655 864 1716 malitie
887 1655 1067 1734 deliquerit,
1084 1655 1235 1718 intendit:
1251 1664 1382 1736 utreque
1401 1665 1494 1719 uuum
1513 1655 1541 1716 sd

488 1755 603 1816 bonum
617 1769 779 1816 commuue
792 1753 943 1831 dirigitur.

527 1857 657 1916 Οοιοιι.
686 1857 717 1914 2.
741 1884 783 1898 -
810 1856 875 1915 Duo
896 1855 975 1916 eires
997 1856 1140 1936 pauendi
1161 1861 1335 1936 potestatem
1358 1857 1484 1918 notanda
1501 1874 1542 1917 su·

487 1959 635 2034 pereutit:
654 1961 682 2014 l·
694 1953 850 2031 Ejusmodi
867 1955 962 2016 venie
984 1955 1175 2016 solummodo
1197 1955 1236 2017 ob
1258 1972 1423 2017 eommune
1436 1956 1542 2030 bonum

487 2053 620 2130 adeoque
633 2069 754 2131 perraro
768 2059 797 2114 et
810 2053 952 2130 gravibus
963 2053 1001 2114 ds
1013 2056 1112 2115 causis
1125 2054 1320 2116 oouoedeudn
1341 2062 1425 2116 sunt.
1446 2060 1477 2116 2·
1493 2056 1544 2126 Quo

484 2151 640 2232 perleotior
661 2153 718 2212 erit
734 2150 896 2229 legislatio,
913 2169 949 2213 eo
962 2154 1066 2214 minus
1083 2153 1177 2214 senis
1198 2155 1377 2216 necessarios
1399 2160 1491 2216 erunt.
1507 2157 1543 2225 lt,

487 2255 631 2329 quonism
644 2252 779 2314 obsolute
791 2253 955 2332 pomerium
976 2254 1055 2314 nihil
1076 2253 1155 2334 apud
1173 2253 1313 2316 homines
1330 2255 1437 2316 haberi
1457 2260 1544 2333 potest,

488 2351 596 2414 ideireo
610 2352 750 2432 parcendi
765 2361 894 2432 potestne
907 2353 1045 2414 absolute
1056 2355 1159 2430 negari
1175 2354 1224 2416 uel
1237 2354 1349 2416 aboleri
1364 2356 1478 2433 nequit.
1488 2357 1544 2427 Qus

486 2452 554 2512 sture
575 2451 698 2528 regule,
723 2451 836 2512 nedum
859 2451 1000 2531 peroeudi
1021 2459 1197 2534 potestatem
1221 2460 1369 2532 evertant,
1390 2456 1456 2532 eius
1467 2454 1545 2533 potius

489 2558 664 2630 strppouunt
679 2553 897 2614 necessitatem.

900 2771 1106 2834 luutcuuus
1127 2773 1164 2834 ll.

707 2954 751 3020 oe
757 2958 843 3041 juris
851 2916 980 3041 possetis
992 2958 1125 3021 saturnii
1133 2958 1334 3041 suudunrmte.

525 3168 595 3233 952.
608 3172 789 3232 Νοτιιιιιιιιι.
804 3200 844 3215 -
861 3169 1025 3245 Queritur,
1036 3168 1189 3231 undenam
1202 3171 1256 3248 jus
1268 3167 1428 3248 puniendi,
1446 3184 1495 3229 seu
1504 3164 1544 3243 ius

485 3272 613 3351 poenele,
624 3270 752 3331 societati
764 3270 928 3347 proveniat.
946 3270 1072 3331 llorales
1083 3269 1216 3331 doctores
1238 3270 1292 3347 qui
1311 3271 1447 3348 primum
1466 3282 1545 3327 mort·

486 3370 577 3432 litatis
592 3370 776 3449 principium
787 3370 819 3430 in
838 3369 977 3431 felicitate
987 3369 1081 3447 hujus
1089 3368 1391 3447 vitaeoollooout,hoe
1396 3374 1449 3450 jus
1464 3381 1544 3445 apro

486 3470 559 3548 prim
569 3486 631 3529 sum
642 3468 779 3529 utilitatis
789 3485 891 3530 amore
904 3486 1009 3531 omues
1019 3468 1166 3532 derivant.
1179 3473 1330 3545 llttnmen,
1343 3487 1380 3531 ex
1390 3470 1448 3530 hoo
1457 3466 1544 3529 eodem

486 3566 633 3647 principio
646 3568 779 3647 proleoti,
789 3568 888 3629 uerior
899 3568 1038 3648 deinceps
1051 3569 1116 3630 vias
1135 3570 1262 3646 ingressi
1281 3576 1365 3630 sunt.
1381 3569 1443 3631 elii
1454 3568 1544 3629 dooue·

485 3674 556 3729 runt
566 3668 603 3729 ab
616 3666 778 3730 individuis
791 3669 1073 3731 sociali-suetoritati
1091 3686 1145 3749 per
1166 3675 1286 3751 psoium
1303 3670 1414 3732 sooiele
1429 3672 1480 3749 jus
1497 3680 1546 3746 pe

486 3768 567 3843 nale,
577 3784 638 3847 quo
646 3766 709 3831 lise
718 3768 749 3829 ln
760 3770 856 3831 socios
866 3769 1014 3851 quoslibet
1024 3769 1247 3845 animadvertit,
1256 3770 1351 3832 inune
1359 3769 1508 3832 traditum.
1519 3766 1546 3827 lt

485 3884 554 3932 vero
574 3872 640 3948 jem
662 3868 716 3930 lib.
739 3884 784 3945 iv,
808 3886 872 3949 esp.
890 3868 922 3946 i,
946 3874 1002 3930 art.
1023 3872 1050 3947 l,
1071 3869 1203 3930 vidimus
1222 3874 1342 3949 protum
1358 3868 1435 3931 illud
1454 3862 1545 3929 sociale

486 3984 608 4051 prorsus
632 3984 697 4031 esse
712 3968 963 4041 commentitium,
978 3984 1039 4031 nou
1055 3970 1157 4031 miuus
1175 3974 1290 4031 nature
1311 3968 1457 4030 huiusne
1468 3974 1545 4043 quam

485 4070 631 4131 constanti
639 4066 714 4131 laeto
723 4084 899 4147 repugnare,
905 4075 936 4130 et
946 4067 1035 4148 pluro
1043 4069 1195 4131 eontinere
1203 4066 1333 4131 absurde
1340 4083 1411 4147 que
1420 4066 1481 4129 illie
1487 4077 1546 4125 ern

486 4168 790 4242 murmurosorum
804 4166 878 4229 lslss
891 4166 955 4232 hero
969 4168 1115 4231 sententio
1127 4170 1213 4231 nulle
1233 4168 1348 4247 indiget
1359 4185 1440 4231 nors
1453 4166 1547 4229 edon·

485 4268 577 4331 tione.
589 4266 689 4329 -lllii
698 4265 876 4345 juspoeuele
887 4274 994 4346 pulsnt
1016 4270 1115 4330 enasci
1130 4268 1291 4331 anuturali
1302 4270 1373 4346 jure
1385 4284 1449 4330 sun
1461 4264 1546 4327 delen·

487 4369 580 4429 sionis
588 4381 599 4444 ;
614 4366 670 4429 lios
684 4372 783 4427 eutem
790 4368 843 4443 Jus
856 4366 1038 4429 detensionis
1051 4368 1204 4431 dedorunt
1220 4386 1237 4431 s
1258 4368 1414 4447 presentis
1425 4362 1548 4428 utilitatis

487 4482 601 4542 umore,
616 4465 698 4543 quod
714 4467 846 4545 primum
857 4464 1061 4531 humanorum
1080 4472 1233 4530 actionum
1249 4468 1432 4548 principium
1449 4462 1547 4527 eonsti-

486 4573 588 4628 tuunt.
602 4566 685 4627 Unde
692 4567 976 4649 colliguntpotesteti
989 4570 1134 4648 puniendi
1145 4568 1265 4629 nullum
1273 4586 1336 4631 esse
1344 4570 1399 4646 jus
1414 4582 1503 4647 poene
1512 4563 1548 4621 iu·

486 4664 635 4745 lligendae,
646 4680 741 4743 quum
752 4666 895 4731 delictum
906 4670 969 4747 jam
980 4676 1026 4730 est
1037 4669 1357 4747 omniuopraeteritum.
1371 4664 1546 4745 Atquoniom

487 4766 519 4826 ln
534 4768 610 4827 stetu
632 4766 732 4828 sociali
745 4763 886 4829 delirium
902 4769 1028 4845 quoodvis
1042 4770 1225 4850 impunitum
1238 4768 1274 4831 ad
1293 4764 1545 4845 regermiuaudun
