3559 5675
470 734 531 801 idi
882 758 963 807 runis
984 756 1142 805 naruniut

471 876 602 938 rumque
621 880 709 942 opem
733 864 910 943 periclitanti
933 867 974 929 ob
1000 867 1130 927 internos
1148 862 1296 939 tumultus
1317 862 1417 933 0011001
1439 862 1505 925 leuet

472 964 571 1024 amica
581 964 675 1038 natio,
687 965 748 1027 nisi
760 972 791 1027 et
802 966 928 1027 latentia
942 965 1124 1027 seditionum
1143 964 1280 1040 germina
1298 962 1505 1039 smiatiejnsm-

474 1060 563 1122 tionis
574 1065 740 1125 auctoritati
762 1066 864 1128 stab'm
876 1066 1043 1135 demrntiet.
1057 1070 1086 1124 et
1099 1064 1136 1125 ad
1154 1062 1206 1123 iila
1222 1079 1341 1142 prorsus
1355 1063 1509 1139 ersdrpmdr

472 1160 644 1221 auxilietur.
673 1166 748 1240 Ergo
774 1166 887 1242 quaevis
906 1167 988 1227 natio
1000 1165 1086 1225 debet
1105 1180 1159 1240 pro
1176 1162 1291 1223 viribus
1312 1161 1509 1237 aliioeieunque

472 1262 687 1341 eanoniapud
697 1282 792 1342 quam
801 1267 909 1327 seditio
916 1272 1048 1346 peretur,
1059 1280 1145 1342 opem
1156 1264 1232 1325 terre
1242 1262 1279 1341 ad
1290 1260 1509 1340 perieulumidud

473 1367 503 1421 et
522 1364 764 1437 ooguoseeudum
779 1373 809 1427 et
822 1365 1071 1445 propulsandum.

515 1461 602 1527 titt.
619 1465 796 1525 100010.-
814 1456 1513 1543 1300001ιο100100000111000001000010110100

472 1558 537 1619 bue
558 1560 724 1638 intelliget:
741 1565 800 1621 t¹¹¹⁰
826 1564 892 1627 luri
913 1561 1042 1623 naturali
1071 1576 1193 1637 prorsus
1218 1573 1384 1635 repugnare
1395 1555 1443 1635 jur
1455 1553 1515 1633 mpii

472 1659 680 1737 apud-vicinos
704 1662 829 1740 populos
848 1661 1108 1740 perturbatoribus
1129 1658 1252 1719 alterius
1276 1658 1403 1717 nationis
1415 1654 1515 1715 10000-

472 1772 604 1834 0000010,
627 1768 660 1819 01
671 1762 692 1821 11
707 1740 823 1839 posiirrt
836 1778 924 1841 porro
943 1762 1125 1823 seditionum
1139 1758 1277 1817 iterumue
1290 1759 1321 1816 in
1340 1755 1417 1815 illem
1429 1754 1516 1829 reipa-

474 1857 535 1918 lam
549 1861 709 1940 oonjirere,
719 1863 768 1923 vei
778 1862 952 1923 eianenlum
966 1862 1163 1923 summittere.
1178 1861 1290 1935 itaque,
1301 1858 1327 1915 si
1338 1854 1451 1934 quidem
1464 1853 1517 1931 poti·

474 1953 961 2039 netrejusnddiponmbrtonbus
973 1956 1517 2039 portugtumaetutetamcontrapsun
1574 1941 1575 1994 l

474 2056 605 2119 nationis
618 2058 738 2123 offensae
754 2065 943 2133 severitatem
965 2058 1127 2123 eoneedere
1149 2061 1262 2121 nationi
1278 2060 1445 2139 propinqua
1461 2054 1519 2115 vide·

475 2156 567 2228 bitur,
582 2166 615 2219 at
628 2160 684 2222 boe
696 2162 982 2242 numanitatisopus
1001 2163 1041 2223 ita
1057 2178 1129 2239 erga
1142 2160 1280 2221 scelestos
1289 2159 1425 2237 peringen
1434 2155 1519 2232 uvare

473 2256 556 2316 natio
562 2274 697 2321 exeruere
709 2260 808 2335 debet,
817 2268 982 2323 utomnem
992 2268 1070 2323 eene
1084 2258 1254 2321 taovdtatem
1269 2257 1456 2337 perturbandi
1467 2254 1521 2315 aliae

474 2356 610 2419 00110000
632 2360 827 2422 itiieadimat.
1416 2436 1420 2445 .

513 2456 572 2513 2¹¹⁸
593 2458 624 2517 Si
646 2458 741 2519 turbis
755 2474 791 2519 ae
804 2459 1003 2522 seditionibus
1020 2460 1081 2519 illis
1102 2460 1215 2537 injusta
1234 2464 1288 2519 aut
1308 2458 1409 2537 inepta
1427 2456 1464 2515 rei
1482 2470 1520 2531 pu·
1576 2534 1577 2543 ἵ

474 2552 560 2615 biiea
575 2555 794 2619 administratio
806 2558 965 2621 releausa
990 2559 1038 2621 rel
1059 2559 1173 2621 0000010
1187 2559 1241 2631 sit,
1258 2556 1433 2617 adamicata
1447 2554 1520 2613 00110·

474 2669 545 2716 tteut
560 2654 733 2732 pertinebit,
756 2658 958 2735 improvidum
981 2666 1034 2719 aut
1049 2660 1187 2735 ignarum
1201 2658 1350 2719 societatis
1373 2654 1522 2735 penurbue

471 2753 640 2831 prinoipem
654 2764 821 2835 opportune
836 2763 866 2818 et
879 2766 990 2819 semoto
1011 2774 1211 2819 commonere.

518 2852 688 2916 1110001.
713 2857 797 2916 565¹.
813 2889 850 2900 -
870 2858 924 2921 ttbi
939 2857 1027 2918 civile
1047 2856 1161 2918 bellum
1186 2855 1265 2935 apud
1293 2855 1429 2932 aliquam
1451 2853 1523 2912 natio

472 2963 543 3012 nem
556 2955 698 3030 eruperit,
719 2957 833 3030 quavis
846 2957 1225 3029 011000110,,100011111001Ι
1238 2964 1352 3026 vocata,
1367 2961 1474 3014 tenetm
1487 2967 1524 3010 m·

472 3049 562 3108 tvuali
589 3049 686 3111 oilieio
706 3055 759 3128 ius
782 3054 950 3131 prevalens
972 3053 1052 3132 apud
1067 3053 1165 3126 illam,
1188 3060 1338 3130 quautam
1360 3057 1459 3132 potest,
1472 3051 1494 3107 vi
1504 3053 1523 3104 et

470 3151 564 3210 armis
578 3157 778 3229 propugnare.

513 3251 817 3323 Peon-Qualibet
837 3253 917 3312 natio
938 3251 1025 3313 debet
1046 3268 1098 3330 pro
1117 3251 1231 3310 viribus
1250 3250 1402 3328 politicam
1425 3247 1524 3308 alterius

472 3347 603 3405 nationis
631 3347 823 3423 periclitantis
849 3350 1038 3410 existentiam
1071 3350 1145 3408 tueri
1176 3346 1289 3426 titio).
1312 3349 1404 3425 dttpri
1430 3343 1525 3426 0011110

470 3448 620 3522 cujusque
634 3447 737 3525 populi
751 3450 907 3510 existentia
918 3451 951 3510 in
973 3450 1056 3509 itlius
1068 3449 1187 3528 politioo
1198 3451 1269 3526 jure
1285 3466 1347 3509 non
1363 3451 1393 3508 in
1412 3443 1525 3526 putonii

471 3542 624 3605 tundatur.
643 3547 731 3622 Ergo,
752 3549 778 3606 01
791 3551 955 3624 quanatio,
974 3549 1054 3628 apud
1075 3565 1166 3626 quarn
1179 3549 1264 3610 oivile
1276 3549 1392 3608 bellum
1412 3551 1525 3606 eroum

469 3643 519 3711 011,
533 3643 624 3702 aliam
643 3647 792 3706 nationem
812 3648 843 3708 in
856 3650 1004 3709 auxilium
1022 3649 1153 3718 advocet,
1179 3655 1296 3709 tenetur
1312 3648 1379 3708 haee
1397 3651 1525 3726 protegere

469 3743 499 3802 vi
511 3749 541 3802 et
551 3745 654 3820 armis,
669 3757 729 3806 non
744 3747 867 3823 quidem
886 3765 1028 3826 personas
1041 3749 1099 3808 sibi
1115 3749 1190 3808 torte
1205 3750 1329 3820 amitae,
1344 3747 1396 3810 sed
1412 3763 1460 3808 eas
1470 3759 1524 3822 00·

471 3846 513 3902 100
534 3858 602 3919 qua
612 3845 682 3921 Jure
693 3847 870 3923 prevalente
884 3853 1020 3907 utantur.

513 3939 600 4003 titt.
623 3943 752 4008 000011.
767 3978 808 3992 -
822 3948 906 4010 Natio
930 3947 1021 4022 igitur
1046 3949 1078 4006 in
1097 3949 1272 4008 arixiliuma
1292 3947 1407 4026 populo
1420 3945 1525 4006 intersis

468 4039 602 4102 dissidiis
628 4045 816 4121 perictitante
841 4053 953 4114 vocate,
975 4047 1027 4106 nbi
1051 4046 1245 4108 statuendum
1277 4045 1320 4106 illi
1340 4048 1408 4116 erit,
1424 4045 1524 4106 euinan

469 4145 599 4220 partium
611 4145 820 4206 dissidentium
833 4147 990 4210 adhaesura
1000 4148 1050 4218 sit,
1066 4163 1258 4224 neqriaquam
1271 4145 1399 4206 utilitate
1411 4160 1473 4210 etia.
1486 4137 1524 4200 sed

466 4242 530 4302 ania
551 4260 649 4303 eausa
668 4260 759 4319 quam
778 4245 994 4308 defendendam
1019 4246 1154 4322 suseipit,
1174 4247 1286 4316 justitia
1309 4246 1422 4307 ulmeri
1444 4241 1524 4302 debet·

466 4343 730 4418 iustitianamqne
757 4351 804 4406 est
830 4346 967 4406 omnium
996 4347 1143 4430 bonorpm
1165 4346 1322 4408 socialiutn
1348 4347 1478 4426 primum
1500 4354 1525 4398 rc

467 4443 596 4500 maxime
612 4444 814 4507 neceesarium
829 4443 922 4522 (teet.
939 4447 977 4505 nt
990 4446 1021 4504 iu
1038 4446 1159 4522 iustitia
1173 4461 1268 4506 eausae
1281 4442 1469 4520 dijudicanda
1481 4439 1523 4498 boc

360 4539 364 4546 ’
467 4539 633 4600 notandum
652 4549 709 4616 est,
725 4559 785 4604 non
808 4561 927 4622 semper
944 4546 1014 4621 jura
1035 4545 1134 4606 adhue
1159 4544 1290 4620 vigentia
1307 4551 1336 4605 et
1354 4539 1525 4624 prevalentis

466 4657 531 4705 0000
548 4644 620 4718 jura
638 4642 817 4719 antiquiora.
842 4646 893 4704 Est
911 4646 992 4706 enirn
1014 4648 1154 4724 jurium,
1178 4648 1254 4705 sieut
1275 4661 1376 4704 rerum
1404 4641 1525 4704 omnium

465 4746 648 4817 creatarum,
667 4745 813 4804 naturalis
823 4743 946 4822 qnidam
957 4752 1150 4824 processisset
1163 4745 1305 4818 evolutio,
1317 4760 1384 4820 que
1398 4744 1524 4802 laetorum
