3559 5675
412 618 432 678 o
822 634 902 681 iners
922 634 1083 681 nnrnninre

413 741 550 802 tureiiter
567 742 669 803 omnis
689 743 812 805 εεείειεε
833 742 981 803 destinate
1002 748 1066 818 εει,
1090 742 1310 823 explicationem
1338 743 1454 805 tondere
1471 761 1480 807 e

414 840 484 903 inde
497 841 579 903 enirn
593 842 731 921 pertaoiie
754 843 906 921 generalia
929 844 1078 923 cujusque
1100 844 1249 905 sooietetie
1263 844 1360 907 otiioie
1385 842 1501 909 dedu-.

413 948 529 1003 nentur.

454 1040 524 1103 734.
540 1044 607 1103 Poe.
626 1040 709 1105 348¹.
728 1078 768 1087 -
790 1044 943 1107 societatis
960 1042 1121 1121 cujustibet
1140 1042 1210 1105 finis
1230 1043 1422 1107 immediatus
1441 1050 1486 1105 εει

413 1140 486 1202 ordo
500 1147 641 1203 externus
652 1144 761 1205 ultimo
774 1145 828 1205 tini
843 1144 976 1205 hominis
991 1143 1217 1205 subordinatur.

455 1244 551 1303 Pron.
576 1246 606 1302 1·
625 1258 712 1306 rens.
728 1276 765 1289 -
781 1244 911 1305 Societas
924 1242 1065 1322 quelibet
1077 1242 1213 1305 humane
1232 1248 1277 1305 εει
1291 1242 1415 1321 quidem
1436 1260 1488 1305 εε-

415 1342 582 1403 sentieliter
594 1343 742 1405 destinate
757 1344 1006 1405 ndooordinnnde
1026 1345 1106 1405 entia
1117 1344 1219 1405 animo
1242 1350 1271 1405 ει
1282 1360 1404 1424 corpore
1419 1362 1490 1407 eon-

415 1444 534 1504 etantia.
550 1446 588 1504 iit
605 1462 640 1504 en
656 1444 761 1521 nequit
775 1446 807 1506 in
820 1452 937 1523 partem
950 1445 1084 1506 hominis
1107 1444 1293 1525 spiritualem
1320 1444 1491 1507 immediate

416 1560 513 1619 ogere,
530 1543 581 1605 ned
595 1543 696 1605 onium
707 1550 856 1622 quotenne
871 1546 903 1605 in
916 1546 969 1606 ilio
983 1546 1102 1607 animus
1114 1544 1244 1607 naturali
1259 1546 1382 1605 unitatis
1398 1544 1493 1625 hypo-

416 1642 526 1703 statice
543 1642 663 1704 vinonio
683 1660 754 1703 oum
768 1661 891 1723 corpore
914 1651 957 1705 εει
969 1646 1157 1723 conjunctus.
1180 1645 1290 1718 Quare,
1311 1645 1430 1723 proprie
1444 1644 1492 1704 lo-

416 1741 548 1819 quendo,
561 1748 668 1801 natura
687 1748 732 1803 εει
752 1760 821 1821 que
834 1745 866 1803 in
880 1744 1041 1805 hominnm
1053 1744 1170 1804 animos
1184 1748 1336 1822 operatur,
1350 1742 1424 1803 dum
1441 1760 1494 1804 eo·

418 1842 507 1901 cietne
519 1845 673 1900 externam
687 1842 895 1903 tantummodo
910 1844 943 1903 in
957 1843 1025 1905 ilion
1039 1844 1183 1903 actionem
1198 1848 1321 1903 exeroot.
1339 1844 1416 1917 Ergo
1429 1842 1495 1923 ipsa

418 1938 549 1999 hominio
560 1940 845 2001 ensentiaaetionem
854 1940 994 2003 socialem
1008 1942 1115 2003 limitet
1127 1940 1162 2001 nd
1174 1940 1311 2003 ordinem
1323 1946 1492 2003 externum.

419 2042 497 2115 Ergo
509 2038 578 2099 tinie
589 2039 782 2101 immediatus
796 2041 941 2102 societatis
955 2041 1095 2103 humone
1109 2044 1316 2119 cujuscunque
1328 2058 1389 2103 non
1400 2048 1496 2122 potest

412 2154 482 2199 εεεε
502 2139 561 2199 nisi
588 2146 740 2215 exiemus,
757 2156 793 2201 eo
818 2141 944 2220 proinde
961 2142 1151 2221 temporetis;
1166 2143 1268 2203 omnia
1289 2158 1420 2221 namquo
1440 2158 1496 2203 ex·
1556 2196 1565 2211 ,

421 2247 507 2300 terne
522 2240 578 2299 ista
597 2242 678 2301 entia
694 2242 868 2321 temporatia
880 2249 963 2304 eunt.

463 2342 554 2401 Peon.
578 2343 610 2400 2·
625 2356 712 2403 rene.
727 2373 768 2389 -·
782 2346 894 2405 Omnes
907 2350 936 2404 et
947 2341 1060 2419 singuli
1073 2343 1211 2405 hominen
1226 2342 1263 2405 nd
1280 2342 1373 2405 finem
1393 2360 1499 2423 qnem-

423 2436 494 2498 dnm
508 2440 652 2501 ultimum
665 2459 700 2503 no
719 2458 841 2522 prorene
854 2444 1059 2505 necessarium
1082 2450 1153 2505 sunt
1168 2444 1333 2507 aCreetore
1346 2445 1496 2518 destinari,

423 2537 459 2597 nd
480 2554 572 2615 qoem
597 2542 700 2603 omnin
722 2559 789 2620 que
810 2544 847 2603 ad
874 2544 1029 2605 hominem
1051 2550 1204 2623 spectent,
1230 2546 1307 2607 sieut
1332 2551 1410 2606 totns
1435 2545 1499 2624 ipso

424 2638 516 2700 iromo
530 2640 661 2702 ordinari
676 2642 786 2705 debent
801 2642 897 2722 (nir).
912 2646 948 2705 m
963 2660 1032 2705 vero
1044 2642 1189 2705 creatoris
1212 2644 1337 2705 intentio
1362 2644 1394 2705 in
1409 2644 1501 2705 nonie-

425 2743 485 2799 tnte
500 2739 696 2817 instituendo,
709 2742 778 2819 init,
794 2751 829 2804 nt
847 2744 1002 2805 individua
1017 2744 1109 2803 simui
1126 2746 1285 2821 ooannetn
1298 2760 1330 2804 εε
1340 2747 1446 2804 mutuo
1461 2742 1498 2803 nd

428 2855 519 2899 sunm
534 2839 648 2903 bonnm
662 2844 885 2921 assequendum
898 2843 1086 2922 edJ‘nvorent.
1103 2843 1148 2905 Ab
1162 2843 1217 2905 hae
1230 2845 1311 2904 enim
1324 2844 1388 2922 ipen
1401 2843 1501 2904 mutui

429 2937 594 3016 indigentia
616 2941 748 3004 vidimus
771 2944 865 3021 (433,
883 2944 989 3022 seqq.)
1014 2944 1180 3004 societatem
1204 2943 1370 3002 humanam
1395 2957 1503 3018 qnem-

426 3055 547 3117 onnqne
568 3043 652 3102 oriri.
669 3045 751 3121 Ergo
761 3043 885 3105 eooiotee
896 3043 1042 3104 'humana
1058 3043 1198 3121 quoeubot
1217 3041 1304 3103 debet
1318 3057 1354 3102 ex
1368 3041 1434 3120 ipso
1448 3059 1502 3102 sna

429 3142 558 3200 essentie
573 3141 727 3204 individua
738 3146 907 3206 consociate
920 3143 1061 3222 adjuvere
1073 3142 1110 3204 ed
1124 3142 1294 3203 naturalem
1305 3157 1397 3202 enum
1409 3139 1502 3202 tinem

429 3241 685 3319 consequendum.
707 3246 798 3322 Atqui
812 3244 960 3306 naturalis
974 3245 1133 3305 hominnm
1149 3243 1218 3303 finio
1232 3243 1263 3302 in
1278 3241 1336 3304 han
1349 3243 1410 3302 rite
1426 3255 1501 3300 oon-

431 3340 556 3400 eistitin
573 3341 723 3405 tendendo
746 3361 800 3422 per
821 3345 885 3404 rias
906 3344 1019 3406 ordinis
1040 3349 1070 3404 et
1091 3341 1208 3406 honesti
1232 3341 1269 3402 od
1296 3342 1410 3404 bonnm
1434 3337 1501 3399 infr·

432 3442 531 3503 oitnm
553 3441 645 3522 (255).
666 3444 744 3518 Ergo
767 3443 838 3506 tinio
857 3443 911 3505 iiie
931 3443 1122 3506 immediatus
1141 3441 1287 3504 societatis
1309 3441 1345 3502 ed
1360 3439 1504 3500 ultimum

432 3545 525 3607 tinem
539 3543 672 3605 hominis
691 3549 735 3604 εει
750 3544 928 3605 naturaiiter
945 3543 1168 3604 subordinatus.

474 3645 544 3706 735.
559 3646 685 3705 Conone.
706 3646 788 3703 1.-
811 3645 974 3720 Quoniam,
996 3649 1031 3704 nt
1054 3645 1085 3703 in
1105 3647 1136 3703 2³
1148 3647 1230 3722 perte
1250 3631 1363 3703 ultri'nae
1383 3641 1507 3720 positio·

438 3746 488 3806 nie
502 3743 661 3822 pmhetum
684 3748 740 3817 eet,
755 3750 898 3805 nonoreto
916 3743 1075 3821 cujustibet
1089 3744 1235 3805 snoiotetio
1253 3743 1323 3802 finis
1336 3741 1507 3802 essentialis

438 3849 485 3905 εει
495 3843 643 3904 faciliores
667 3842 783 3904 eitirere
800 3844 865 3904 rien
878 3843 993 3904 ordinis
1012 3847 1042 3904 et
1060 3841 1178 3904 honesti
1192 3841 1403 3904 determinatae
1415 3857 1433 3900 ε
1446 3839 1508 3901 tine

436 3944 604 4005 neoesenrio
624 3948 656 4002 et
673 3959 692 4004 ε
713 3942 883 4006 mediorum
903 3943 1070 4024 aptitudine
1089 3943 1127 4004 ed
1145 3943 1227 4004 huno
1246 3943 1359 4018 finem,
1379 3942 1510 4020 quinquo

435 4044 515 4106 videt
527 4042 626 4104 idenm
638 4042 708 4121 iinip
718 4043 820 4104 ultimi
832 4045 981 4106 naturalis
989 4044 1081 4104 etiem
1093 4043 1123 4104 in
1135 4043 1273 4104 sooietete
1286 4057 1360 4122 pure
1373 4041 1512 4102 hnmana

438 4161 503 4206 esee
531 4145 645 4207 iontem
660 4158 695 4206 no
716 4160 852 4206 normam
869 4144 943 4205 idem
965 4144 1028 4204 veri
1041 4142 1112 4204 boni
1128 4141 1256 4204 sooieiis.
1273 4141 1418 4215 Quocirca
1436 4137 1511 4200 nlti-

439 4263 509 4306 mun
519 4245 681 4308 hominum
700 4248 771 4308 finis
782 4247 974 4327 potissimum
992 4242 1196 4305 consulendus
1209 4249 1264 4318 εει,
1279 4247 1313 4302 nt
1324 4240 1361 4302 de
1373 4240 1433 4302 fine
1447 4241 1512 4300 im-

437 4345 567 4407 mediato
577 4349 724 4426 omneque
736 4346 884 4408 societatis
896 4351 1009 4406 rentum
1020 4343 1172 4422 judicium
1181 4341 1304 4404 teretur.
1318 4341 1378 4414 Qui
1387 4339 1512 4419 quidem

437 4447 507 4508 tinio
528 4439 733 4521 immediatus,
756 4448 830 4526 quie
847 4445 1012 4508 materiatis
1031 4461 1066 4506 ne
1091 4442 1264 4523 temporetis
1284 4448 1345 4520 εει,
1371 4447 1510 4502 notorem
1627 4525 1628 4530 ἵ

436 4563 523 4610 ouem
533 4549 681 4612 moralem
692 4566 710 4611 o
722 4549 782 4610 fine
794 4549 903 4608 ultimo
917 4546 1052 4608 mutuari
1071 4544 1169 4606 debet.

479 4650 608 4724 Conon.
624 4653 654 4710 2.
668 4681 708 4696 -
718 4648 824 4742 Omnia
843 4646 978 4722 hnmana
992 4646 1129 4740 εοείειεε,
1144 4645 1341 4728 quantumvis
1352 4641 1511 4725 oomptetn,
