3559 5675
453 744 513 811 dil
863 762 943 809 tuuis
962 762 1122 808 namnetis

453 864 650 946 gebamunda
663 866 855 929 destinatum.
871 870 973 944 ltaque
994 882 1099 927 omnes
1117 866 1257 928 omnium
1277 872 1394 929 alatum
1414 866 1499 946 populi

455 968 511 1030 hoc
523 986 636 1030 munus
651 969 829 1031 consociatis
840 968 1027 1047 principibus
1036 968 1211 1027 incumbere
1227 967 1502 1044 agnoveruntimpli·

453 1068 522 1143 cite,
531 1070 647 1129 etiamsi
657 1068 1044 1129 ethnarehicaauctoritatis
1052 1068 1239 1128 existentiam
1247 1066 1501 1129 distincieuoulum

451 1170 601 1244 cognitam
616 1166 770 1229 haberent.
783 1168 860 1229 ilinc
868 1168 952 1229 enim
960 1166 1099 1229 ellectum
1108 1174 1155 1229 est
1163 1174 1209 1239 ut,
1221 1168 1337 1230 dissidii
1349 1170 1503 1229 momine

449 1268 525 1329 duas
541 1270 676 1330 nationes
696 1274 774 1343 orta,
794 1254 987 1346 unaquaeque
1005 1270 1115 1347 pariter
1130 1269 1403 1350 protestationibus,
1421 1267 1504 1329 derla-

398 1442 400 1445 ·
450 1370 628 1447 rationibus,
639 1369 839 1446 legationibus
848 1374 1007 1429 conamen·
1017 1370 1149 1431 cummis
1158 1367 1504 1449 principibusaepopnlis

448 1485 545 1530 causa
564 1486 627 1531 suae
648 1470 798 1547 justitiam
820 1467 1012 1547 persuadere.
1036 1469 1171 1549 idipsum
1183 1470 1381 1531 colluctantes
1394 1470 1505 1529 nationis

426 1634 430 1641 ,
450 1571 541 1629 nnius
555 1576 653 1649 partes
667 1576 806 1649 praestare
819 1575 1057 1647 consueverunt3
1072 1569 1237 1647 palamque
1252 1569 1334 1649 apud
1344 1586 1445 1630 omnes
1456 1570 1507 1628 iit·

450 1686 528 1750 ropae
544 1678 647 1747 gentas
663 1688 718 1732 sua
730 1672 802 1746 jura
813 1669 1003 1745 ostentando,
1018 1670 1192 1747 Belgarum,
1206 1670 1418 1749 Hispanorum,
1435 1668 1506 1729 Polo

449 1784 571 1847 nomm,
585 1770 756 1831 Graecorum
765 1769 920 1843 lectiones,
934 1774 1036 1829 uestra
1048 1773 1229 1846 patrumque
1244 1768 1505 1843 memoria,sammi

451 1869 534 1929 illius
547 1870 738 1946 magistratus
750 1868 934 1929 ethuarchiei
946 1856 1072 1928 mulam
1081 1884 1116 1929 ac
1128 1868 1304 1945 presidium
1317 1866 1507 1946 implorabant.

491 1970 572 2029 ilicet
585 1970 710 2029 sonasse
730 1965 842 2045 aliquis
856 1982 908 2029 eos
928 1966 1066 2046 populos,
1081 1984 1132 2027 eas
1145 1966 1291 2028 lectiones
1304 1982 1368 2027 non
1388 1966 1433 2026 sui
1445 1965 1509 2040 imis

452 2068 654 2130 authenticam
667 2066 909 2143 declarationem,
923 2066 974 2127 sed
994 2065 1093 2127 solum
1106 2072 1299 2126 externarum
1309 2067 1420 2126 virium
1430 2064 1510 2125 sulisi

451 2166 500 2228 dia
523 2172 596 2227 tunc
618 2166 780 2243 flagitasse.
803 2168 839 2226 tt
862 2166 997 2245 primum
1019 2165 1157 2243 quidem,
1179 2167 1327 2242 quoniam
1341 2164 1460 2245 publice
1474 2163 1510 2221 ris

451 2266 626 2327 exercitium
641 2266 673 2326 in
692 2266 831 2327 societate
843 2266 1010 2342 quarisest
1021 2261 1243 2325 lunatiosolins
1260 2264 1444 2325 auctoritatis
1454 2278 1512 2341 pm·

453 2368 530 2445 pria,
554 2368 608 2443 qui
631 2364 694 2427 'vim
718 2366 859 2427 socialem
882 2364 1007 2425 alterius
1029 2366 1160 2425 nationis
1184 2364 1319 2436 advocat,
1345 2362 1510 2424 auctoritatis

452 2482 574 2543 quoque
595 2465 641 2526 illi
655 2465 786 2526 societati
800 2463 986 2543 prasidantis
995 2463 1147 2539 indicium
1160 2462 1300 2542 appellat.
1307 2464 1461 2535 Pteleum,
1472 2478 1512 2519 nc

357 2584 360 2593 ·
454 2579 607 2641 quaquam
629 2561 845 2623 affirmavimus
866 2561 1095 2623 ethnamhicum
1108 2561 1199 2622 illum
1216 2561 1427 2637 magistratum
1437 2561 1512 2620 luisse

454 2662 537 2723 omni
550 2663 695 2723 memoria
707 2662 842 2741 explicite
857 2668 886 2721 et
899 2660 1094 2722 constitutum
1106 2667 1137 2721 et
1153 2679 1172 2721 a
1183 2661 1304 2740 populis
1313 2664 1460 2739 agnitum,
1473 2657 1512 2718 sed

456 2757 556 2819 solum
569 2760 744 2833 asserimus,
765 2758 851 2820 illius
862 2760 1053 2819 existentiam
1066 2774 1187 2837 semper
1197 2758 1294 2820 inimo
1306 2761 1456 2837 mitam
1467 2760 1513 2817 im·

456 2859 569 2938 plicita,
594 2859 674 2920 idest
692 2859 863 2920 instinctiro
888 2865 919 2920 st
936 2858 1061 2920 contuso
1083 2859 1218 2936 quodam
1237 2861 1389 2921 namralis
1409 2859 1514 2937 justitie

457 2974 563 3036 sensu;
596 2957 853 3035 quemadmodum
883 2959 990 3036 privati
1012 2958 1177 3035 litigantes,
1198 2957 1251 3018 noi
1272 2957 1403 3018 iaeidtas
1422 2955 1515 3033 indias
1578 3002 1579 3027 ,

457 3056 587 3118 adalindi
599 3056 686 3133 desit,
701 3055 851 3116 adstantes
865 3073 1002 3133 quosque
1014 3055 1178 3134 appellant,
1195 3054 1325 3115 arbitros
1339 3055 1461 3130 eligunt,
1473 3051 1514 3128 qui
1578 3032 1579 3127 J

457 3157 495 3218 de
508 3171 604 3216 causa
615 3155 731 3232 justitia
744 3161 887 3230 statuant,
902 3156 1043 3232 quamvis
1054 3154 1175 3214 nullam
1185 3155 1217 3214 iu
1226 3154 1264 3213 iis
1277 3148 1516 3215 auctoritatenal
1578 3138 1579 3143 ’

458 3255 488 3316 id
504 3254 703 3334 prestandum
713 3257 778 3331 jam
792 3255 1031 3334 praeexistentem
1044 3258 1219 3330 agnoscant.
1234 3255 1297 3314 llac
1313 3260 1416 3314 tamen
1429 3251 1516 3312 aliem

459 3355 614 3416 sententiae
641 3353 839 3432 appellatione
857 3355 1011 3416 evidenter
1032 3354 1055 3414 ii
1075 3353 1227 3430 litigantes
1247 3353 1422 3423 ostendunt,
1435 3351 1517 3412 aliena

460 3453 599 3529 suijuris
610 3451 806 3513 declaratione
820 3470 885 3514 sesa
899 3453 1046 3530 indigere,
1066 3458 1102 3513 ut
1115 3453 1222 3514 aliena
1234 3469 1358 3530 quoque
1372 3453 1418 3512 ris
1434 3447 1518 3529 prasi·

461 3553 546 3614 dium
562 3551 726 3613 obtineant.
741 3554 896 3629 Quocirca,
909 3555 987 3614 sieut
997 3569 1035 3612 cn
1047 3551 1105 3613 lioc
1117 3553 1184 3632 ipso
1193 3553 1272 3614 lacto
1287 3554 1448 3613 necessitas
1459 3565 1519 3628 pra·

461 3651 536 3712 aldis
547 3649 677 3728 alicujus
693 3653 747 3729 qui
761 3650 932 3712 individuos
945 3651 1085 3712 homines
1099 3651 1259 3728 gubernet,
1273 3651 1432 3712 manifeste
1452 3646 1519 3709 oilli·

463 3751 544 3827 gitur
571 3749 671 3827 (452);
696 3753 737 3811 ita
763 3752 852 3812 etiam
877 3769 915 3810 ex
940 3751 1034 3810 simili
1057 3749 1138 3829 apud
1162 3751 1298 3811 nadones
1319 3752 1519 3824 nationemque
1578 3744 1579 3821 l

463 3855 561 3929 partes
584 3850 762 3912 dissidentes
785 3849 861 3912 laeto
893 3850 998 3910 eadem
1028 3851 1190 3912 necessitas
1211 3857 1352 3929 respectu
1380 3852 1518 3912 cadonum
1578 3852 1579 3879 ¹

463 3951 574 4028 optime
588 3949 726 4011 infertur.
1578 3908 1579 3973 l

506 4052 541 4111 Et
566 4067 646 4123 varo.
669 4051 784 4128 quotics
803 4049 881 4112 bina
894 4056 999 4126 gentas
1016 4051 1096 4112 bello
1110 4051 1188 4111 iuter
1207 4067 1240 4111 sa
1253 4051 1406 4114 decertare
1420 4049 1516 4129 parant

467 4152 605 4212 omnium
626 4168 746 4230 quoque
768 4151 968 4212 finitimarum
979 4153 1058 4213 eirca
1067 4154 1228 4214 nationum
1239 4169 1286 4213 res
1301 4154 1415 4229 agitur.
1429 4148 1519 4214 Omni·

468 4251 524 4328 lius
537 4252 628 4326 igitur
647 4251 707 4311 illis
728 4253 781 4328 jus
803 4257 848 4312 est
865 4251 1091 4328 tranquillitatis
1111 4269 1174 4312 suas
1195 4250 1339 4312 adversus
1358 4250 1518 4312 insuetae

468 4347 573 4410 vicinis
584 4349 706 4428 populis
719 4351 852 4428 pericula
865 4351 997 4426 tuenda,
1010 4358 1040 4412 et
1052 4353 1223 4412 communis
1240 4352 1381 4412 omnium
1395 4345 1519 4424 tranquil·

468 4447 558 4509 litatis
569 4447 778 4510 conservanda
791 4451 946 4510 communi
959 4456 1080 4512 conatu.
1095 4451 1185 4528 Atqui
1204 4451 1377 4513 mmmnnis
1389 4441 1517 4528 ejusmodi
1578 4488 1579 4507 r

467 4554 604 4622 conatus,
617 4554 651 4606 ut
663 4547 754 4608 finem
767 4567 858 4610 suum
870 4556 1059 4630 assequatur,
1073 4552 1165 4611 unica
1172 4558 1203 4612 et
1214 4550 1371 4611 communi
1380 4546 1518 4611 directioni
1578 4616 1579 4631 χ

469 4647 597 4723 prolecto
611 4653 686 4722 eget.
702 4649 806 4726 igitur,
832 4648 1015 4726 ubiotimque
1030 4649 1133 4727 plures
1153 4651 1259 4712 viciam
1269 4656 1374 4727 genus
1392 4646 1517 4712 nauium

471 4743 595 4804 unitatis
618 4745 799 4824 principium
818 4746 969 4824 quoddam
983 4748 1049 4822 jam
1071 4745 1165 4825 adest,
1179 4746 1314 4825 quoilla
1326 4745 1362 4808 ad
1382 4751 1517 4806 mmmuut
