3559 5675
445 710 507 777 330
854 728 1113 775 rarissimarum
1195 756 1199 759 -

485 838 518 897 6·
529 836 680 909 Attamen,
692 834 780 897 rieuti
790 833 969 897 individuali
976 835 1094 913 judicio
1104 834 1255 899 interdum
1270 838 1343 899 ratio
1356 836 1498 900 individua·

443 938 483 1002 lis
506 936 632 997 minime
653 936 823 1015 surpuerat,
846 952 1017 1012 novemque
1037 938 1080 997 rei
1093 936 1310 998 discussionem
1330 940 1496 1016 postulatio

448 1038 603 1099 sententiaa
616 1033 714 1099 latera
731 1035 833 1097 sociali
846 1040 989 1114 potestate
1000 1035 1162 1112 judiciaria
1176 1042 1302 1115 possunt
1312 1038 1389 1113 sosii,
1398 1036 1496 1115 justitie

449 1135 584 1198 ordinem
613 1135 667 1197 illa
688 1136 793 1197 violari
817 1134 984 1214 opinantes,
1011 1132 1171 1211 refragari,
1195 1152 1364 1213 novamque
1387 1134 1497 1212 eJ'usdem

449 1248 546 1296 musa
557 1236 758 1311 cognitionem
776 1240 806 1294 et
819 1250 928 1293 noram
945 1234 1123 1294 sententiam
1150 1234 1349 1311 expostulare.
1365 1236 1499 1311 Qnrrmque

448 1332 587 1412 judicum
601 1332 649 1394 rel
671 1334 933 1410 integerrimorum
957 1332 1111 1392 sententiaa
1133 1348 1216 1392 error
1233 1333 1391 1412 subrepere
1411 1334 1499 1409 aliems
1575 1382 1576 1401 ,

450 1448 569 1511 semper
594 1433 699 1510 possit
718 1437 748 1493 et
763 1431 897 1509 judiees,
920 1436 956 1491 ut
982 1431 1046 1508 qui·
1063 1430 1203 1492 homines
1222 1437 1306 1505 strnt,
1320 1430 1365 1491 rel
1388 1433 1500 1510 passione

452 1531 554 1609 aliqua
573 1530 753 1611 propriavel
766 1530 864 1592 alieno
877 1544 952 1589 auro
971 1530 1084 1609 possint
1103 1530 1277 1608 eorrumpi;
1299 1530 1405 1591 ideireo
1423 1535 1501 1591 raetos

449 1633 575 1709 justitie
591 1631 664 1694 ordo
682 1630 739 1691 lroo
755 1631 861 1710 posuit,
881 1635 916 1689 ut
933 1626 1073 1707 judicum
1094 1631 1248 1690 sententia
1270 1630 1422 1707 aliquoties
1437 1630 1502 1691 liceat

451 1731 625 1806 reclamare,
645 1745 819 1806 novumque
835 1728 986 1805 judicium
1001 1728 1146 1788 obtinere.
1162 1729 1214 1787 llae
1235 1728 1451 1789 reclamationes
1467 1728 1502 1787 di·

452 1836 564 1890 euntur
582 1828 794 1912 appellationes
806 1845 861 1889 sea
874 1832 1104 1908 provocationes.
1122 1831 1200 1905 Ergo
1216 1826 1247 1886 l·
1260 1828 1397 1906 qtradam
1411 1844 1504 1907 appea-

451 1932 502 1993 dix
513 1933 621 2010 judieii
635 1934 754 1995 socialis
767 1939 812 1994 est
823 1930 1001 2012 appellatio.

492 2033 525 2093 7·
544 2030 779 2110 Deair'pre,·sieut
792 2033 944 2093 sociorum
955 2030 1114 2091 dissidium
1127 2037 1157 2091 et
1173 2032 1374 2093 controversie
1387 2032 1456 2092 eirea
1466 2046 1504 2091 ax·

348 2194 353 2210 ,
452 2138 537 2193 terna
554 2132 691 2209 quaedem
710 2117 788 2193 bona
805 2131 852 2192 rel
873 2138 1011 2191 artemas
1024 2130 1168 2208 quasdam
1184 2132 1317 2191 aetianos
1329 2137 1464 2205 versatur,
1476 2130 1505 2189 ita

453 2231 561 2293 eooiale
576 2230 729 2309 juditium
745 2246 781 2292 eo
798 2229 921 2291 tandem
938 2236 1070 2307 spectare
1087 2228 1187 2302 debet,
1202 2234 1237 2287 ut
1247 2234 1389 2290 externus
1400 2228 1464 2289 ordo
1474 2229 1506 2287 ir·

453 2336 500 2393 ter
519 2332 616 2393 sorios
632 2329 790 2393 efficaciter
806 2337 929 2391 externo
950 2336 1017 2389 aotu
1038 2335 1282 2406 reeomponatur,
1298 2336 1336 2391 eo
1351 2328 1444 2405 modo,
1461 2340 1507 2404 quo

449 2432 611 2509 judiciaria
638 2432 788 2493 marutia
814 2429 1088 2510 recomponendum
1118 2430 1207 2491 illum
1237 2443 1304 2490 esse
1334 2430 1506 2491 eonstituerit.

453 2534 542 2607 Ergo,
553 2532 634 2609 quod
648 2531 807 2611 iudiciaria
818 2536 946 2609 potestas
960 2531 991 2589 in
1006 2529 1088 2590 hune
1103 2529 1194 2591 finem
1207 2528 1381 2602 decreverit,
1396 2532 1508 2608 pmmpte

452 2639 541 2708 atque
555 2632 669 2705 integre
687 2630 880 2709 apnltlieavi
896 2635 928 2691 et
947 2628 1077 2689 effioaoia
1095 2628 1321 2706 exsequendum
1339 2636 1391 2691 est.
1409 2614 1507 2703 depol*

454 2730 575 2791 socialis
589 2731 696 2809 J'udioii
708 2731 858 2809 appendix
873 2735 918 2793 est
931 2728 1079 2790 sententiae
1091 2728 1249 2789 emeratis.
1300 2752 1304 2759 ·

495 2830 584 2894 1118.
598 2832 728 2894 torona
743 2831 772 2892 l.
783 2864 822 2878 -
833 2829 951 2910 Septem
967 2830 1060 2906 igitur
1073 2829 1223 2908 praeoipua
1237 2830 1322 2904 sunt,
1338 2845 1404 2906 qua
1416 2826 1448 2888 ad
1462 2841 1508 2885 rm

454 2937 519 2992 tim
539 2931 645 2994 amiate
662 2933 811 3012 judioiom
832 2930 1030 2992 obtinendum
1044 2929 1204 3006 diligenter
1215 2927 1402 3008 disponenda
1414 2929 1510 3003 riteque

453 3031 618 3093 ordinanda
630 3039 715 3107 sunt,
728 3033 840 3094 reilioet
853 3030 1013 3090 tribunalis
1025 3030 1175 3104 formatio,
1188 3043 1286 3090 eausa
1299 3027 1466 3108 propositio,
1478 3024 1509 3083 rei

454 3131 612 3210 discussio,
631 3133 796 3203 criterium,
812 3131 971 3204 sententia,
986 3129 1147 3208 appellatio
1168 3133 1197 3189 et
1215 3129 1377 3190 exsecutio.
1394 3131 1448 3189 ero
1460 3123 1510 3186 sin·

452 3231 533 3306 gulis
553 3231 634 3292 hisae
656 3229 763 3308 judieii
782 3229 925 3307 gradibus
949 3235 1023 3307 aptae
1044 3229 1125 3305 leges
1147 3229 1185 3289 ab
1208 3229 1434 3290 auetoritatibus
1453 3237 1510 3286 roa-

456 3331 588 3390 stitutira
607 3336 638 3389 et
655 3328 817 3406 mamas
835 3327 1051 3390 constituendae
1074 3332 1155 3388 nint.
1180 3329 1215 3388 lit
1239 3333 1268 3387 1ο
1289 3327 1411 3406 quidem
1432 3321 1509 3402 quoad

455 3427 616 3488 tribunalis
642 3427 873 3503 formationem,
898 3429 1043 3488 nimirum
1068 3425 1166 3503 quoad
1191 3426 1333 3504 judicum
1359 3423 1510 3488 electionem

454 3544 620 3606 eorumque
635 3531 807 3606 argenteam
821 3529 1056 3609 dispositionem,
1074 3527 1220 3588 servanda
1237 3535 1311 3588 sunt
1325 3527 1461 3604 quaejam
1473 3539 1511 3582 eu·

458 3628 560 3708 perias
585 3627 622 3688 de
644 3629 836 3707 mentalibus
855 3628 1049 3690 deliberatira
1068 3634 1098 3688 et
1116 3627 1280 3704 legislatira
1298 3623 1507 3694 consituendo,

455 3727 554 3804 deque
572 3729 742 3805 organismo
760 3729 957 3806 gubematiro
975 3728 1119 3787 diximus.

496 3827 595 3888 arum
606 3829 746 3906 judmam
759 3828 920 3890 eonorlium
935 3833 1002 3907 apte
1018 3833 1204 3909 oompaotum
1218 3832 1248 3887 et
1259 3827 1430 3889 ordinatum
1441 3823 1510 3889 adsit.

456 3923 648 3988 efficiendum
668 3935 714 3990 est
734 3936 770 3988 ut
788 3943 879 3990 omne
896 3929 950 4003 jus
968 3926 1147 4004 impeditum
1165 3933 1218 3986 eut
1238 3928 1385 3988 violatum
1415 3921 1511 4003 (tttll

455 4027 548 4106 possit
560 4027 643 4089 illins
657 4041 744 4106 opem
758 4033 895 4107 prompte
910 4028 1057 4088 inrooare.
1072 4027 1137 4087 lam
1153 4028 1352 4104 qrraerendum
1368 4028 1416 4088 hia
1429 4023 1510 4085 statim

457 4130 595 4199 ooorrrrn,
609 4129 679 4206 quia
698 4129 815 4206 primm
836 4143 939 4188 rorem
970 4126 1105 4188 attulere
1128 4127 1165 4186 ad
1188 4125 1358 4202 judiciaria
1382 4120 1511 4204 potestatis
1575 4137 1576 4214 ζ

456 4243 543 4302 opem
563 4227 759 4287 invemendam
781 4227 895 4304 debeat,
916 4233 1017 4286 utrum
1040 4243 1107 4304 pars
1127 4226 1208 4304 laesa,
1233 4243 1271 4287 an
1297 4223 1467 4296 multituda
1482 4231 1510 4278 tt

458 4324 626 4386 auotoritas.
642 4327 677 4386 Et
692 4327 724 4386 in
735 4327 835 4387 musis
847 4325 971 4404 quidem
990 4343 1065 4404 puro
1081 4327 1223 4388 uirilibus
1240 4335 1339 4406 partes
1357 4323 1510 4387 dissidente

456 4440 510 4502 per
524 4442 555 4485 se
571 4427 642 4504 ipsae
655 4441 777 4486 eruam
794 4427 832 4486 ad
847 4426 979 4486 tribunal
994 4425 1141 4487 delerant.
1162 4429 1200 4488 lt
1219 4427 1250 4487 in
1275 4429 1375 4489 oensis
1394 4422 1511 4487 erimina·
1570 4409 1576 4490 ᾎ

458 4523 538 4584 libus
557 4527 674 4604 privata
694 4539 819 4603 persona
838 4525 945 4588 delioto
959 4527 1139 4606 lasapotest
1154 4528 1201 4588 rel
1217 4529 1391 4606 impotentia
1405 4531 1432 4584 et
1444 4519 1511 4582 indr-
1575 4573 1576 4578 ,

459 4625 561 4684 mitate
575 4625 622 4686 vel
641 4627 721 4684 rnatu
737 4626 875 4705 impediri
889 4643 929 4688 ne
939 4627 1129 4705 jndiciariam
1146 4635 1320 4707 potestatem
1333 4628 1433 4700 adeat3
1447 4617 1511 4682 mul·

460 4719 554 4781 titudo
574 4739 644 4784 raro
663 4728 760 4801 potest
779 4741 842 4786 rem
863 4725 983 4787 silentio
999 4743 1134 4804 premere
1149 4727 1188 4788 ob
1203 4729 1356 4790 horrorem
1372 4719 1510 4804 quemdem
