3559 5675
451 744 510 809 toi
861 764 941 809 rusrrs
962 762 1122 808 seruulus

450 882 526 945 qua,
538 868 587 929 vel
607 868 730 949 physice
750 868 798 931 rel
809 870 945 945 moralis,
961 870 1023 931 sive
1037 884 1055 929 a
1070 868 1231 929 demortuo
1255 864 1399 939 Pontice,
1418 864 1493 927 siret

450 964 655 1030 Gurdinalium
675 969 817 1049 collegio,
838 971 901 1033 sire
916 971 954 1031 ab
976 972 1193 1049 Episcoporum
1214 965 1339 1029 concilio
1355 962 1494 1041 designata,

450 1070 555 1149 poterit
568 1086 641 1131 sane
653 1086 790 1133 exercere
805 1088 911 1133 omnes
934 1078 1017 1135 actus
1038 1086 1187 1151 suprema
1200 1066 1378 1130 auctoritatis
1394 1065 1440 1142 qui
1450 1080 1496 1125 nou

451 1171 569 1248 proprie
580 1172 730 1250 pertinent
741 1172 777 1233 ad
798 1188 956 1233 summum
970 1171 1184 1246 sacerdotium,
1195 1168 1246 1231 sed
1260 1166 1381 1229 cuilibet
1390 1164 1498 1225 bonam

408 1324 412 1331 ,
450 1268 632 1349 principatui
645 1288 822 1335 communen
836 1280 919 1345 sunt,
935 1272 973 1334 ad
994 1272 1190 1334 christianam
1210 1268 1379 1331 societatem
1391 1270 1444 1327 toto
1459 1264 1499 1325 illc

450 1374 585 1448 tempore
598 1372 631 1431 in
644 1379 766 1434 externo
778 1373 879 1434 solum
893 1374 998 1435 ordine
1008 1371 1247 1449 gubernandam.

491 1475 624 1539 wacca.
640 1482 670 1539 2.
687 1513 727 1524 -
747 1482 846 1541 Potest
859 1479 1023 1559 aliqnando
1045 1480 1122 1552 deri,
1135 1486 1225 1557 atque
1239 1477 1313 1539 olim
1336 1477 1440 1537 lactum
1459 1482 1501 1551 est,

451 1585 486 1640 ut
500 1578 604 1659 plures
632 1578 731 1641 adsint
751 1581 943 1656 simultanee,
957 1598 1088 1659 quorum
1110 1579 1323 1656 unusquisque
1346 1576 1502 1655 pontilieian

451 1678 509 1740 sibi
530 1678 704 1755 dignitatem
729 1680 885 1758 attribuat,
909 1692 1028 1742 caterua
1049 1681 1256 1760 competitores
1279 1678 1423 1737 damnans
1446 1680 1504 1735 um-

451 1793 544 1855 quam
558 1779 717 1856 sacrilegos
731 1782 843 1840 summi
857 1780 1012 1842 sacerdotii
1028 1786 1231 1859 usurpatores,
1247 1781 1287 1838 ita
1302 1784 1337 1837 ul
1356 1775 1403 1836 vel
1414 1792 1445 1836 cx
1460 1774 1505 1852 pri·

452 1878 556 1939 mitiva
570 1877 762 1957 electionum,
776 1880 857 1940 unde
866 1880 912 1941 illi
924 1880 1026 1961 plures
1039 1880 1246 1959 competitores
1258 1876 1405 1957 prodiere,
1421 1874 1506 1935 ubscu-

451 1977 549 2053 ritate,
572 1976 622 2038 vel
641 1996 677 2039 cx
699 1979 950 2058 subsequentium
983 1980 1254 2043 controversiarum
1276 1974 1505 2047 cavillationibus,

452 2076 593 2137 omnium
606 2080 636 2137 et
659 2077 851 2153 singulorum
864 2078 957 2140 dubie
971 2079 1100 2139 evaserit
1123 2077 1296 2151 auctoritas,
1314 2081 1343 2136 et
1362 2074 1506 2135 christiana

452 2176 611 2256 provincias
629 2177 661 2237 in
673 2179 772 2239 varias
789 2186 889 2259 parles
908 2179 1039 2241 discissae
1054 2178 1173 2252 abeant,
1187 2176 1235 2238 hae
1250 2176 1336 2251 huic,
1361 2174 1418 2234 illc
1440 2170 1506 2232 alteri

452 2277 638 2356 competitori
651 2276 837 2340 adhaerentes
858 2278 962 2356 :quod
985 2277 1145 2339 dissidium
1157 2274 1282 2337 retium
1296 2290 1393 2352 graeco
1410 2272 1509 2333 nomine

451 2374 768 2456 appellatur.Evidens
779 2383 826 2438 est
844 2377 927 2439 bunc
944 2376 1141 2439 dubitationis
1155 2392 1189 2437 ac
1209 2374 1329 2435 dissidii
1352 2378 1466 2442 statum,
1485 2371 1508 2427 iu

452 2489 513 2549 quo
526 2475 656 2536 Ecclesia
664 2482 810 2552 versetur,
822 2476 990 2555 plurimum
1002 2476 1122 2538 differre
1136 2476 1174 2537 ab
1186 2475 1247 2535 alio
1258 2480 1340 2535 statu
1356 2472 1437 2533 Sedis
1447 2472 1509 2549 ilpu-
1578 2512 1579 2529 ,

451 2572 562 2635 stolicae
580 2574 619 2635 ob
630 2576 782 2636 Pontificis
796 2583 924 2637 mortem
947 2577 1087 2638 vacantis.
1106 2578 1140 2639 ln
1154 2575 1212 2635 boc
1233 2574 1315 2635 enim
1332 2579 1410 2633 statu
1429 2576 1508 2651 postc-

451 2673 600 2752 riore,qui
613 2684 658 2739 est
668 2678 758 2755 plane
769 2675 954 2753 ordinarius,
964 2692 1151 2756 quamquam
1169 2674 1276 2736 nullus
1289 2674 1377 2735 adest
1388 2674 1509 2734 Summus

452 2774 597 2856 Pontifex,
613 2783 644 2839 at
669 2778 750 2840 brevi
769 2785 902 2859 tempore
917 2785 962 2841 est
988 2778 1162 2854 adiuturus,
1177 2790 1348 2854 omnesque
1376 2770 1509 2835 christiani

452 2877 555 2956 populi
565 2880 629 2956 J‘am
643 2886 715 2942 sunt
736 2881 891 2942 communi
906 2897 1055 2942 consensu
1078 2878 1115 2940 ud
1136 2877 1226 2939 illurn
1250 2876 1510 2956 excipiendum-pa·

452 2977 520 3038 rati.
538 2981 649 3057 Quare,
661 2981 830 3061 apostolica
843 2981 918 3044 Sede
937 2981 994 3043 boc
1007 2979 1097 3042 modu
1110 2986 1244 3057 vacante,
1266 2981 1420 3058 permanet
1431 2981 1510 3036 tanen

451 3077 603 3140 catholice
625 3081 748 3141 unitatis
761 3087 894 3140 centrum
922 3079 960 3142 ab
989 3079 1130 3142 omnibus
1144 3075 1343 3139 determinate
1367 3076 1510 3152 cognitum,

456 3178 568 3240 scilicet
581 3179 634 3240 ille
656 3180 710 3258 qui
725 3181 859 3241 Pumiles
874 3197 893 3240 a
906 3179 1047 3257 legitimis
1068 3178 1259 3253 electoribus,
1271 3178 1325 3254 qui
1340 3177 1378 3237 ab
1390 3173 1512 3236 omuibus

454 3285 633 3355 nomuutur,
648 3280 731 3342 breui
741 3279 975 3342 renuuliabitur.
991 3282 1028 3341 tlt
1042 3297 1123 3357 uero,
1138 3296 1247 3357 quum,
1265 3277 1405 3356 pluribus
1416 3275 1513 3336 adstan-

452 3378 535 3438 tibus
557 3381 675 3440 Summi
696 3379 890 3442 l’ontificatus
911 3380 1169 3461 competitoribus,
1185 3377 1302 3440 nullius
1317 3393 1423 3438 eorum
1437 3377 1513 3455 potest

452 3475 620 3550 legitimum
629 3479 682 3554 jus
695 3485 778 3539 extra
791 3478 1011 3539 dubitationem
1025 3479 1102 3558 apud
1118 3477 1245 3558 populos
1257 3477 1434 3539 christianos
1444 3473 1511 3554 poni,

453 3579 526 3634 tunc
539 3589 600 3634 non
611 3575 712 3636 solum
726 3577 882 3654 ignoratur
902 3575 940 3638 ab
953 3577 1000 3638 bis
1015 3579 1218 3639 necessarium
1232 3577 1385 3638 mtbclicae
1409 3571 1512 3636 unitatis

454 3679 603 3750 centrum,
615 3672 668 3735 sed
680 3675 767 3736 nulla
780 3683 918 3756 superest
928 3677 1000 3737 ratio
1014 3677 1108 3754 hujus
1120 3677 1214 3738 centri
1228 3677 1409 3756 reperiendi,
1421 3687 1511 3752 quan·

454 3775 631 3839 diocorum
647 3783 876 3860 competitorum
901 3782 1107 3842 controversiae
1132 3788 1273 3860 perstant.
1289 3783 1325 3841 ln
1354 3781 1410 3842 boc
1437 3779 1512 3854 igitur

453 3883 531 3939 statu
545 3879 806 3958 entraordinario,
824 3883 968 3960 quoniam
983 3881 1121 3943 Ecclesia
1141 3883 1240 3943 unitas
1265 3883 1373 3958 nequit
1392 3879 1442 3939 diu
1457 3891 1510 3935 cou-

452 3977 556 4039 sietere
574 3978 639 4039 siue
652 3981 743 4042 unico
759 3980 900 4042 Pontiiice
919 3979 956 4041 ab
980 3979 1121 4041 omnibus
1135 3981 1246 4057 agnito,
1265 3979 1454 4040 manifestum
1467 3979 1510 4046 cst,

453 4091 530 4136 nova
540 4079 611 4156 jura
635 4078 773 4155 quadam
793 4079 930 4140 Ecclesia
949 4084 1117 4158 competere
1140 4085 1287 4158 oportere,
1301 4095 1356 4157 per
1382 4091 1446 4155 que
1470 4071 1509 4131 ille

453 4173 546 4254 possit
557 4193 621 4238 sese
633 4177 671 4237 ab
683 4177 797 4239 exitiali
809 4179 866 4240 boc
879 4183 957 4240 stetu
971 4195 1064 4257 quarn
1078 4179 1212 4258 primum
1222 4177 1372 4256 expedire.

494 4275 642 4336 Nimirum
652 4277 796 4354 Ecclesia,
805 4284 833 4338 et
846 4293 900 4356 pro
914 4277 965 4338 illa
979 4279 1192 4357 Episcoporum
1205 4279 1367 4340 concilium
1379 4269 1507 4356 generale·

454 4375 486 4434 in
499 4375 658 4435 schismate
669 4377 856 4456 hujusmodi,
871 4383 901 4439 1·
916 4379 1005 4440 babet
1017 4382 1069 4457 jus
1084 4377 1207 4439 vocandi
1226 4378 1262 4439 ad
1277 4395 1368 4439 suum
1381 4373 1508 4457 judicium

453 4491 558 4538 omnes
573 4493 625 4537 eos
645 4479 863 4556 competitores,
888 4485 934 4556 ut,
956 4496 1026 4542 vcro
1046 4479 1187 4540 Pontidce
1209 4479 1342 4556 legitimo
1366 4479 1507 4556 comperite

455 4575 551 4634 caleri
565 4575 665 4635 statim
677 4575 883 4655 repudientur,
899 4595 944 4658 ac,
965 4581 989 4640 si
1005 4587 1134 4641 renuam
1151 4579 1283 4652 obedire,
1305 4578 1411 4639 debitis
1428 4571 1507 4654 poenis

453 4671 630 4734 alliciantur.
647 4707 685 4718 -
697 4679 730 4735 2·
743 4676 774 4737 Si
784 4677 899 4738 nullius
913 4679 1017 4741 electio
1029 4679 1163 4755 legitima
1176 4695 1276 4741 coram
1286 4678 1409 4740 concilio
1419 4672 1505 4755 probe

456 4779 517 4847 lnr,
526 4780 620 4851 potest
633 4791 668 4834 ac
679 4773 765 4836 debet
776 4777 935 4838 concilium
949 4794 1054 4840 oniues
1071 4779 1139 4841 illos
1153 4795 1269 4858 cogere,
1281 4787 1314 4840 ul
1324 4781 1386 4840 suia
1395 4773 1506 4854 jnribus.
