3559 5675
530 733 640 780 sousa.
661 749 702 766 ·-
722 731 806 780 stass
826 725 959 780 annuus.
1164 707 1166 710 ’
1224 702 1283 785 iat

254 828 382 895 hmddtn
399 836 496 898 tdebse
512 846 634 916 qnoque
658 845 802 918 oportere.
828 836 908 916 Ergo
934 825 998 899 tres*
1016 841 1163 917 organica
1188 849 1284 922 partes

252 935 356 994 rccittttt
370 935 482 998 cuilibet
500 937 624 1017 politica
641 943 714 998 sunt
726 938 922 1005 essentiales:
945 938 1054 1018 prima,
1075 957 1142 1016 qua
1161 943 1285 1003 unitatis

251 1039 329 1093 mous
342 1035 451 1096 sociatis
466 1036 652 1118 principium
677 1043 721 1098 est
732 1061 741 1115 ;
764 1025 868 1114 altera,
891 1047 959 1115 quta
980 1037 1131 1118 impulsus
1149 1045 1178 1102 et
1191 1041 1285 1103 direc-
1303 1045 1307 1049 ’

251 1132 337 1192 t'snem
351 1149 368 1192 a
380 1151 515 1214 suprema
525 1138 701 1198 securitate
714 1138 751 1198 ad
766 1138 934 1214 subjectum
951 1139 1163 1215 gubernatum,
1177 1135 1284 1220 nempe

249 1227 422 1310 simpertum,
436 1234 618 1312 transmittit,
634 1239 740 1313 astque
759 1241 858 1296 motus
875 1235 993 1295 sociatis
1007 1252 1148 1314 orpounm
1159 1251 1173 1312 ,·
1190 1227 1284 1316 tertia,

248 1343 298 1405 pun
312 1331 415 1391 societis
434 1334 656 1410 gubernationis
674 1337 761 1413 qnasi
776 1334 914 1409 materia,
928 1350 980 1394 seu
998 1334 1155 1414 subjectum
1174 1345 1228 1400 est.

275 1429 350 1491 turs.
362 1433 488 1494 macas.
506 1465 536 1479 -·
557 1435 709 1495 societatis
729 1432 857 1514 politicae
877 1435 1015 1511 organica
1035 1432 1188 1514 dispositio
1211 1437 1286 1516 phy-

245 1527 409 1591 s'cobnmani
423 1534 554 1613 eorporis
569 1535 742 1609 organismo
760 1533 871 1595 similis
885 1540 943 1596 est.
963 1537 999 1595 tn
1018 1539 1139 1614 c'orpore
1153 1533 1286 1615 naque

243 1624 459 1708 immonem
471 1635 615 1704 animam,
632 1633 698 1695 nitar
716 1641 806 1712 atqtm
825 1635 949 1696 unitatis
968 1630 1162 1714 principium,
1175 1625 1286 1715 duplex

243 1741 389 1804 specuum
402 1735 513 1813 species
526 1732 622 1810 adest,
638 1746 771 1812 uuonun
787 1734 880 1797 attera
896 1740 1013 1796 motum
1026 1734 1138 1797 babent
1153 1750 1171 1798 a
1184 1735 1287 1797 libera

242 1827 371 1893 voluntatis
387 1833 522 1913 impulsu
539 1831 733 1912 pendentem,
746 1834 840 1896 altera
854 1835 919 1895 soto
934 1841 1048 1896 natiue
1063 1833 1287 1898 instinctu'mo·

241 1935 331 1988 rmtnr.
342 1933 480 2009 bagnum
498 1934 602 1993 tamen
614 1929 777 1994 discrimen
797 1935 875 1995 inter
891 1949 1004 2012 organa
1023 1932 1152 2014 corporis
1171 1933 1287 2014 physici

239 2029 368 2104 domena
385 2033 519 2111 corporis
536 2031 662 2092 moralis
680 2033 812 2092 interest.
835 2033 909 2093 itam
927 2034 1062 2112 priorum
1076 2034 1200 2112 physica
1213 2048 1284 2096 con-

238 2125 326 2189 stitutio
340 2134 473 2192 tnutora
492 2132 619 2191 omnino
630 2131 776 2211 provenit,
787 2145 844 2192 nec
865 2129 919 2191 itta
936 2131 994 2192 sibi
1014 2133 1141 2209 quisque
1159 2149 1213 2212 pro
1228 2147 1282 2194 suo

238 2221 309 2285 tubito
322 2229 488 2308 mniingece
508 2234 615 2310 potest.
639 2231 678 2291 At
699 2241 809 2308 carpus
828 2229 954 2304 morale,
972 2233 1070 2306 quum
1092 2247 1109 2290 a
1131 2231 1207 2292 iacto
1225 2231 1284 2292 bu·

236 2337 476 2406 namenascatur,
487 2334 615 2409 possunt
627 2330 731 2390 muita
752 2329 837 2389 itlius
854 2335 955 2407 partes
976 2327 1013 2388 ab
1031 2323 1166 2390 humens
1180 2329 1285 2391 voiun-

237 2426 278 2482 ute
291 2430 500 2491 accommodata
513 2431 694 2491 conformari
705 2429 743 2490 ad
762 2443 869 2490 earum
886 2424 1066 2503 punctiones,
1081 2427 1128 2488 vet
1147 2429 1300 2507 ejusdem*

234 2523 462 2593 ntuntatis‘vitio
488 2530 661 2591 deformari.
978 2580 983 2590 .
1216 2523 1219 2530 “

261 2625 315 2688 tan
324 2631 445 2710 potitium
457 2631 644 2692 auctoritatis
655 2634 701 2691 est
710 2635 770 2690 tres
784 2626 851 2690 illes
862 2630 1016 2706 organicas
1028 2629 1174 2690 societatis
1186 2637 1284 2710 partes

231 2738 306 2803 ttptr
322 2734 513 2793 enumeratas
526 2736 556 2792 et
573 2732 641 2808 apte
651 2730 786 2809 primum
798 2728 979 2790 constituere
994 2735 1023 2789 et
1040 2731 1072 2789 in
1084 2729 1191 2792 idoneo
1205 2737 1284 2792 statu

231 2839 385 2894 wmarus.
414 2835 455 2895 Et
472 2830 554 2911 quod
568 2830 624 2907 tad
647 2829 796 2910 populum
829 2828 952 2906 attinet,
985 2828 1064 2891 nihii
1087 2829 1152 2908 jam
1184 2829 1285 2893 dieen-

229 2924 286 2989 dtun
297 2942 439 3012 superest.
456 2934 576 2995 Etenim
598 2932 700 2992 omnia
723 2944 792 3009 quas
817 2929 850 2989 in
870 2930 941 3006 jure
962 2928 1042 2992 civili
1058 2930 1225 2993 auctoritati
1247 2926 1284 2991 ad

229 3041 363 3096 ommune
387 3034 617 3097 individuorum
638 3034 755 3095 bonum
768 3030 907 3091 iacienda
920 3028 1149 3108 consutuimus,
1162 3028 1236 3091 dum
1251 3047 1286 3093 so

228 3138 340 3205 prount
360 3142 396 3196 ut
418 3137 545 3216 propria
565 3133 677 3215 poputo
704 3118 1050 3209 tenenspedum,
1081 3126 1118 3190 ad
1146 3130 1286 3193 eumdem

228 3228 301 3290 suu
310 3236 491 3311 peremeris
501 3235 593 3313 patrii
606 3230 729 3294 vincula
751 3226 1001 3307 conjungendum
1017 3236 1088 3290 eum
1102 3230 1139 3291 iis
1153 3231 1206 3309 qui
1221 3240 1285 3293 rent

225 3328 354 3402 pblicam
372 3339 500 3412 meunt,
511 3338 616 3411 suapte
630 3336 740 3393 natura
755 3331 917 3409 pertinent
935 3326 1012 3405 Ergo
1022 3329 1147 3409 politica
1158 3332 1287 3392 auctori·-

225 3430 278 3490 tstis
294 3433 389 3497 fflua
409 3434 453 3495 ad
471 3438 582 3496 rectam
600 3432 704 3513 popuii
717 3430 964 3493 constitutionem
985 3436 1017 3490 et
1035 3428 1285 3507 gubernationem

223 3536 444 3613 rpeanmjirm
464 3538 568 3595 sunta
587 3531 673 3593 nobis
686 3530 720 3591 in
741 3528 819 3591 libro
833 3525 987 3607 superiore
1008 3528 1162 3607 explicata.
1188 3532 1288 3592 ttestat

224 3634 250 3687 ut
263 3630 297 3694 ts
313 3634 456 3712 ejusdem
482 3633 587 3694 aiflois
608 3630 641 3692 in
658 3631 798 3693 societate
827 3628 1014 3705 gubernante
1032 3627 1199 3708 formanda,
1222 3638 1289 3692 tum

221 3732 303 3801 ipsud
315 3736 384 3811 ejus
407 3738 500 3814 ceput
513 3730 692 3810 tumqunsd
713 3728 862 3805 membra,
885 3729 1015 3789 breviter
1028 3726 1174 3790 dicamus.

255 3834 336 3895 tort.
349 3838 424 3897 Pos.
440 3835 522 3895 5no·.
536 3865 577 3879 -
589 3830 719 3893 Politica
735 3828 918 3892 auctoritatis
939 3828 1073 3889 osticium
1084 3835 1129 3889 est
1146 3830 1289 3915 principis

221 3934 568 4011 etpbysneexistantim
582 3936 614 3993 at
626 3929 734 3992 morati
747 3928 929 4006 educationi,
943 3934 972 3988 et
985 3928 1132 3989 constanti
1147 3930 1287 4007 probitati

221 4026 367 4109 dibeantm
380 4032 564 4115 prospicere.

253 4133 343 4196 Em.
360 4139 394 4195 1·
406 4147 496 4196 rans.
513 4128 691 4193 -ruuttes
705 4130 891 4191 securitatis
905 4128 951 4188 est
962 4126 1126 4207 principem
1146 4120 1289 4187 idoneum

218 4226 348 4295 fumare.
360 4235 411 4295 Ad
423 4231 588 4311 principem
598 4237 701 4292 tutem
711 4230 855 4290 idoneum
866 4226 1086 4288 efformandum
1098 4228 1154 4287 tria
1166 4226 1289 4289 euiden-

219 4333 441 4395 tsrnecessaria
450 4338 541 4394 snutc
553 4332 708 4411 physicam
721 4328 911 4391 existentiam
927 4326 1025 4389 eidem
1037 4332 1066 4389 et
1078 4330 1209 4405 primum
1220 4328 1292 4392 dare
1350 4400 1354 4407 .

218 4428 584 4513 etdeineapsconsersara3
600 4430 639 4491 ad
649 4430 795 4490 moralem
804 4428 991 4489 honestatem
1001 4428 1141 4489 eumdem
1151 4428 1290 4509 educare;

218 4532 354 4595 umnam
367 4534 406 4593 in
416 4531 528 4593 tatibus
537 4544 641 4593 rerum
649 4529 873 4592 conditionibus
885 4528 1044 4601 collocare,
1059 4534 1093 4589 ut
1105 4542 1171 4607 eam
1183 4526 1293 4592 hones·

218 4635 302 4692 uum
315 4632 373 4693 itta
383 4633 428 4693 sit
440 4640 520 4693 certo
540 4632 712 4693 secntnms.
729 4631 877 4704 tantem,
892 4628 972 4706 quod
986 4626 1023 4689 ad
1037 4630 1169 4708 primum
1183 4646 1219 4691 er
1233 4632 1290 4690 tri·

217 4726 343 4793 basiliis
361 4739 489 4811 spectat,
507 4731 629 4811 physica
641 4730 787 4810 principis
805 4729 965 4790 existentia
979 4728 1137 4808 pendetab
1157 4732 1223 4807 ejus
1243 4730 1291 4793 vet
