3559 5675
571 705 680 755 suus.
705 725 740 739 -
764 707 848 754 ussa
869 705 1060 755 ouonscruus.
1294 689 1349 752 581

277 826 333 887 per
356 827 391 874 ea
406 816 537 891 tempora
551 815 764 894 Episcoporum
783 799 983 896 complurium
1005 814 1238 896 imprudentiam
1253 817 1349 878 cessit.

317 911 400 972 lltud
412 929 481 973 vero
492 914 584 976 tuisse
596 916 833 977 lansenistarum
846 902 1016 988 consilium,
1035 916 1198 978 certissima
1215 916 1354 978 historia-

273 1023 349 1070 rum
372 1019 568 1074 monumenta
592 1013 682 1075 tidem
703 1016 825 1076 iaciunt.
847 1020 928 1078 Duos
955 1016 1090 1094 ejusdem
1112 1017 1157 1076 rei
1177 1021 1264 1077 testes
1284 1033 1355 1077 sana

274 1111 471 1186 gravissimos
482 1114 532 1174 hic
542 1113 651 1175 reterre
664 1115 802 1194 sufficiet,
811 1116 995 1178 Clementem
1002 1117 1038 1176 Xl
1049 1121 1079 1176 et
1088 1115 1354 1189 Clementemllllt,

274 1211 429 1294 Romanos
442 1213 610 1275 Pontifices.
624 1216 760 1288 Quorum
775 1216 856 1296 prior
874 1216 913 1277 ad
933 1216 1092 1294 Episcopos
1116 1221 1277 1275 conventus
1290 1229 1357 1276 vec·

274 1309 379 1392 tigalis
403 1328 480 1372 auno
502 1299 579 1374 1705
599 1311 694 1374 habiti
716 1315 873 1377 scribens:
893 1316 1032 1375 «Verum
1056 1313 1178 1376 uberem
1200 1314 1356 1387 ade0,1n·

274 1411 344 1487 quit
360 1409 411 1487 (a),
425 1411 529 1487 gaudii
542 1413 635 1472 nostri
647 1415 804 1489 materiam
817 1415 947 1476 turbavit
960 1413 1123 1475 admodum
1137 1413 1356 1474 nonnullarum

275 1507 473 1585 epistolarum
494 1511 685 1590 aliarumque
704 1513 901 1591 scriptionum
917 1513 1014 1594 palam
1034 1513 1181 1575 editarum
1200 1512 1298 1575 delata
1319 1511 1356 1573 ad

274 1608 483 1698 Apostolatum
504 1616 641 1686 nostrum
655 1603 771 1688 notitia,
784 1612 898 1691 quibus
912 1613 990 1673 nihil
1010 1613 1106 1689 magis
1123 1611 1243 1674 obtendi
1267 1618 1357 1689 atqua

274 1706 393 1767 adstrui
407 1708 537 1786 videtur,
551 1707 645 1788 quam
669 1717 703 1771 ut
726 1728 847 1773 summa
870 1713 954 1793 dictae
974 1712 1059 1774 Sedis
1074 1713 1232 1774 auctoritas
1251 1711 1357 1774 multi·

275 1806 384 1866 tariam
396 1808 570 1886 impetatur,
586 1809 709 1890 perinde
722 1827 755 1871 aa
769 1813 795 1872 si
810 1812 931 1872 nullum
950 1811 1039 1872 hodie
1053 1810 1213 1892 episcopali
1227 1811 1287 1872 zelo
1307 1827 1355 1872 ar·

276 1914 458 1983 gementum
477 1909 598 1987 dignius
619 1917 764 1986 occurrat,
778 1928 872 1988 quam
885 1915 920 1972 Β.
934 1912 1012 1971 Petri
1027 1911 1111 1972 Sedis
1125 1915 1299 1990 potestatem
1312 1915 1356 1970 at·

277 2011 416 2082 tenuare,¹
431 2006 510 2069 uode
529 2007 590 2087 ipse
607 2005 805 2091 Episcopatus
822 2019 851 2072 et
868 2017 930 2070 tota
950 2011 1110 2071 auctoritas
1126 2008 1251 2071 nominis
1267 2007 1355 2088 cnjus

275 2104 396 2166 emersit
410 2105 489 2184 (b)...
505 2109 689 2185 ignovimus
702 2109 736 2169 in
755 2109 812 2170 hoc
831 2125 904 2170 saue
925 2115 1081 2170 consuetas
1099 2109 1354 2186 nequissimorum

274 2204 480 2281 quorumdam
500 2208 661 2268 hominum
674 2209 857 2280 molitiones,
868 2209 922 2290 qui
941 2208 1015 2268 dum
1026 2209 1243 2284 jansenianum
1256 2210 1352 2282 virus,

274 2303 359 2380 quod
383 2305 470 2367 corde
492 2308 632 2383 retinent,
647 2323 805 2386 poenarum
823 2290 1057 2386 metuprolerre
1072 2322 1133 2367 uon
1151 2305 1274 2380 audent,
1291 2308 1353 2367 Ro-

274 2420 374 2465 manae
385 2405 464 2483 Sedi,
476 2423 494 2467 a
504 2420 566 2485 qua
579 2408 737 2486 comprimi
747 2424 778 2468 se
793 2408 923 2470 maxime
938 2406 1083 2480 sentiunt,
1096 2405 1246 2468 occultum
1260 2405 1352 2465 veluti

272 2501 391 2562 bellum
405 2503 535 2566 indicere
553 2513 709 2579 conantur,
730 2523 764 2568 ac
785 2524 838 2585 per
851 2507 1038 2586 importunas
1053 2505 1232 2583 questiones
1250 2504 1280 2564 in
1294 2520 1351 2564 ca-

273 2601 391 2666 tholica
413 2606 536 2665 unitatis
556 2607 730 2684 perniciem,
754 2605 978 2667 dissensionum
999 2605 1114 2668 semina
1128 2597 1281 2682 spargere.¹
1294 2603 1351 2666 Vos

266 2705 387 2782 panum,
400 2703 584 2764 venerabiles
602 2706 731 2777 Fratres,
746 2719 877 2782 quorum
897 2705 1033 2790 merueris
1046 2709 1108 2764 erat
1120 2703 1270 2780 inquietos
1283 2708 1352 2775 cor,¹

270 2789 381 2879 ripere,
397 2802 489 2863 nimis
503 2802 666 2864 dolendum
680 2808 725 2865 est
737 2803 913 2867 eorumdem
932 2805 1030 2883 potius
1049 2801 1289 2881 suggestionibus
1303 2817 1350 2863 ce·

270 2899 354 2976 dere,
368 2902 619 2980 ecclesiarumque
635 2904 836 2965 turbatoribus
856 2920 918 2965 non
942 2905 1021 2965 satis>
1034 2903 1218 2989 advertentes
1241 2919 1348 2965 manus

268 3006 420 3078 praestare.
436 3005 614 3065 »Hactenus
628 3003 765 3066 Clemens
776 3006 823 3065 xl.
1205 3020 1207 3025 ’
1450 2986 1454 2996 ’

310 3100 357 3161 Ad
376 3104 555 3183 Episcopum
567 3120 638 3165 vero
653 3106 852 3165 biterrensem
867 3102 1007 3163 Clemens
1023 3104 1088 3163 xttt
1109 3102 1172 3164 haec
1190 3104 1269 3164 inter
1287 3102 1347 3163 alia

267 3200 376 3260 scribit
388 3200 450 3279 (c):
470 3204 553 3263 uilis
575 3202 664 3263 malis
686 3204 712 3263 si
732 3201 861 3264 efficacia
883 3200 1029 3276 remedia,
1050 3202 1137 3281 culpa
1162 3208 1343 3281 temporum,

266 3298 412 3361 adhibere
434 3318 495 3363 non
519 3320 692 3383 possumus,
715 3302 788 3364 illuc
812 3309 914 3364 umen
938 3302 1040 3362 omnia
1057 3304 1166 3373 ,Nostra
1188 3308 1345 3381 vestraque

266 3396 368 3465 studia
381 3402 571 3463 conteramus
585 3394 711 3483 oportet,
724 3408 759 3463 ut
772 3393 1021 3485 lauseniauorum
1044 3402 1177 3478 heresis,
1195 3417 1263 3481 qua
1284 3404 1344 3464 du-

265 3504 343 3564 dum
355 3518 430 3581 pene
441 3502 597 3562 videbatur
610 3504 764 3574 exstincta,
776 3519 837 3581 quo
846 3502 971 3564 atrocior
984 3518 1039 3563 nec
1050 3502 1169 3581 opinato
1183 3504 1343 3567 novissime

264 3606 355 3683 quasi
377 3605 482 3665 revixit
502 3612 531 3667 et
554 3606 586 3665 in
606 3605 772 3667 Ecclesiam
790 3604 1010 3667 formidolosior
1028 3610 1128 3665 coorta
1149 3610 1205 3683 est,
1221 3622 1256 3667 eo
1269 3622 1342 3667 cou-

262 3705 430 3782 junctionis
455 3710 564 3768 nostre
585 3707 704 3768 vincula
726 3705 903 3783 diligentius
925 3720 1081 3766 aveamus
1102 3720 1139 3764 ue
1160 3704 1341 3766 relaxentur,

264 3803 353 3863 illios
365 3804 448 3865 enim
462 3812 547 3866 sectae
566 3812 713 3882 auctores,
726 3824 761 3867 ac
782 3804 910 3866 subinde
932 3804 1063 3864 duorum
1082 3802 1143 3861 lere
1163 3803 1341 3876 saeculorum

261 3902 358 3981 spatio
367 3904 422 3981 qui
434 3905 600 3984 principem
612 3905 690 3976 inea
703 3912 826 3968 tenuere
838 3903 950 3981 locum,
962 3902 993 3975 id
1008 3902 1137 3977 maxime
1149 3900 1340 3979 studuerunt,

262 4006 299 4061 ut
311 4002 527 4082 Episcoporum
543 4006 660 4067 animos
674 4005 902 4081 voluntatesque
917 4002 954 4064 ab
969 4003 1025 4062 hae
1035 4017 1119 4061 sacra
1130 4002 1163 4060 B.
1174 4000 1254 4059 Petri
1268 3999 1356 4061 Sede'

260 4100 398 4179 primum
420 4102 635 4183 abalienarcnt,
656 4122 717 4183 quo
730 4106 848 4166 facilius
862 4102 921 4164 sibi
935 4106 1011 4161 essct
1024 4098 1161 4159 eamdem
1176 4097 1295 4172 sedem,
1315 4098 1341 4158 si

259 4198 329 4259 fieri
351 4205 461 4281 posset,
477 4202 619 4285 evertere,
644 4187 772 4283 ejusque
797 4202 969 4266 auctoritate
991 4198 1120 4273 sublata,
1139 4196 1247 4263 deinde
1268 4197 1340 4279 lipi-
1380 4196 1382 4200 ’

260 4316 368 4378 scopos
382 4301 515 4380 aggredi,
534 4319 568 4365 ac
581 4302 704 4365 demum
718 4317 840 4363 omnem
859 4314 965 4361 eorum
979 4296 1078 4359 delere
1097 4301 1284 4379 potestatam,
1298 4303 1341 4359 at-

293 4454 331 4544 to)
342 4484 424 4533 breve
437 4483 514 4534 clem
525 4484 561 4534 11
571 4484 602 4535 ad
616 4485 697 4548 Epiro.
708 4489 734 4534 et
749 4483 811 4535 ulios
822 4482 909 4534 arcto.
921 4484 986 4533 viros
998 4480 1192 4533 aemiliensem
1208 4481 1277 4539 tint,
1289 4478 1339 4539 da·

259 4550 317 4604 tum
340 4555 381 4605 dia
395 4558 491 4617 toton.
509 4560 617 4609 111111-
631 4556 669 4621 (b)
686 4561 770 4608 innoc.
784 4558 803 4619 l,
816 4557 895 4620 epist.
909 4554 941 4607 ud
959 4554 1044 4605 Petras
1062 4552 1155 4605 concil.
1178 4550 1295 4607 Cadunt.
1310 4548 1342 4611 u,

257 4644 329 4682 anno
339 4634 396 4684 tra.
406 4658 437 4672 ··
447 4631 478 4697 (c)
490 4633 574 4697 Epist.
585 4632 643 4685 data
655 4638 670 4685 9
682 4646 743 4685 aar.
762 4636 830 4684 t'ttt.
896 4639 899 4647 ’
917 4686 920 4692 .
