3559 5675
552 727 659 773 sunus.
683 747 719 779 τ-
743 727 827 774 tusce
848 728 950 776 uenus,
1232 717 1293 778 189

254 825 395 888 lruuauitas
411 829 441 888 in
460 827 537 890 civili
551 827 711 890 hominum
727 831 873 906 regimine
887 829 1020 912 obtinere
1028 878 1038 911 ‚
1052 831 1195 898 deberent
1207 837 1292 913 prius

253 927 276 985 io
287 927 408 988 omnibns
427 928 538 989 ciuibus
556 929 635 990 vires
656 930 805 1010 corporis,
821 929 945 1000 honoris
964 948 1085 1011 sensus,
1102 933 1290 997 fortunarum

251 1026 352 1104 copiam,
365 1027 540 1090 educationis
552 1027 677 1090 modum
688 1027 814 1109 perlecte
830 1049 996 1112 exequere.

281 1127 394 1190 Conone.
409 1131 438 1188 2.
451 1161 488 1174 -
503 1131 704 1210 Propertionis
716 1133 881 1210 personalis
896 1133 928 1193 iu
941 1133 1038 1213 poeuis
1055 1133 1227 1211 infligendis
1239 1152 1293 1196 ne·

250 1225 344 1286 cessitas
357 1233 398 1288 est
411 1244 499 1293 eausa
510 1245 564 1292 cur
578 1229 773 1309 legislatores,
790 1247 887 1310 quum
901 1249 1003 1314 peenas
1014 1233 1212 1296 individuales
1225 1241 1290 1296 sta·

251 1329 313 1386 tuere
328 1342 384 1398 uon
403 1331 524 1408 possint,
546 1330 736 1394 latitudinem
758 1331 921 1410 quamdam
941 1333 1095 1413 judicibus
1117 1334 1189 1398 daut
1211 1337 1293 1398 intra

249 1425 425 1500 cujuslimites
437 1446 601 1508 congruam
616 1448 733 1512 pennam
749 1433 781 1494 in
793 1448 865 1494 casu
882 1448 1002 1511 quoque
1016 1433 1171 1497 individuo
1181 1433 1291 1512 eligere

249 1525 346 1600 possint.

276 1621 385 1687 mooun
395 1627 472 1688 3.-
482 1629 524 1690 lix
537 1629 641 1692 eodem
654 1630 799 1711 principio
812 1631 1011 1712 proportionis
1025 1632 1193 1711 personalis
1213 1633 1291 1694 illud

245 1721 518 1805 etiamcousequitur,
526 1725 651 1790 codicem
654 1728 799 1810 poenalem
807 1747 873 1794 essa
879 1736 985 1792 notura
992 1747 1047 1792 sua
1054 1731 1228 1794 umiahilcm
1238 1749 1292 1813 pro

245 1826 382 1904 tempomm
396 1833 425 1888 et
443 1828 625 1909 populorum
648 1830 795 1892 varietate.
814 1831 938 1892 Diversa
957 1846 1088 1910 namquo
1107 1837 1179 1893 suut
1200 1830 1289 1906 hona,

243 1939 293 2001 qua
305 1923 333 1987 hi
344 1933 392 1990 aut
406 1928 451 1990 illi
465 1929 569 2010 populi
583 1929 708 2002 diversis
722 1930 857 2001 statibus
871 1935 991 2004 amant3
1008 1937 1038 1992 et
1053 1930 1162 1994 idcirco
1173 1931 1290 1994 diversa

242 2021 301 2086 tona
312 2032 387 2100 sunt,
401 2045 534 2108 quorum
547 2029 673 2109 privatio
687 2031 766 2094 circs
777 2045 794 2092 a
805 2029 913 2097 delicto
925 2037 1059 2094 avertere
1070 2029 1227 2094 efficaciter
1238 2049 1290 2112 po·

241 2129 292 2186 teet.
306 2129 437 2201 Quocirca
458 2128 652 2192 uehementer
668 2128 817 2195 falluntur
827 2131 886 2210 qui¹
895 2130 1077 2210 deantiquis
1088 2136 1140 2194 aut
1159 2133 1289 2194 externis

239 2221 331 2301 legibus
341 2229 512 2309 poeualibus
527 2231 668 2310 judicant
678 2248 714 2294 cx
731 2237 839 2294 nostre
854 2233 947 2294 aetatis
967 2239 1019 2294 aut
1039 2232 1169 2309 regionis
1182 2239 1289 2315 nostrae

239 2323 373 2391 institutis:
394 2329 431 2394 de
452 2330 562 2399 mediis
585 2348 715 2410 namque
729 2348 791 2394 non
804 2330 891 2394 aliter
904 2347 997 2410 quarn
1011 2347 1046 2392 ex
1057 2346 1162 2398 eorum
1180 2333 1289 2411 aptitu-

237 2421 291 2486 dine
302 2426 335 2488 od
347 2427 437 2494 finem
452 2429 647 2494 statuendum
662 2437 716 2496 cst.

611 2641 816 2708 antidotus
837 2646 885 2707 tv.

283 2823 317 2886 De
326 2827 493 2906 punitionis
505 2773 695 2909 propositione
708 2827 852 2891 serrendo
863 2824 959 2910 quood
971 2823 1101 2889 dicerene
1113 2822 1226 2908 proclus

436 2926 556 2989 socr'olis
569 2928 696 2991 melitite
709 2946 766 3008 quo
780 2926 919 2991 delicium
932 2926 1054 2989 luderet.

261 3128 320 3189 tce.
333 3132 397 3191 Poe.
411 3129 498 3193 475⁸.
509 3158 551 3175 -
561 3128 685 3196 Socialis
696 3129 813 3208 punitio
824 3126 914 3189 dehet
922 3128 1085 3204 contincta
1096 3127 1286 3206 proportione

232 3238 277 3289 uon
289 3229 320 3291 ad
334 3231 495 3307 moralem,-
506 3228 557 3291 sed
572 3227 608 3291 ed
624 3229 761 3293 socialem
777 3228 877 3291 delicti
890 3227 1123 3307 culpabiliorem
1134 3226 1210 3289 etad
1221 3230 1287 3306 eius

230 3327 320 3399 gntus
331 3330 495 3407 integrales
507 3329 735 3393 accommodari.

260 3429 427 3495 Norrunuu.
440 3430 612 3492 -Gradus
630 3429 859 3493 inordinationis
874 3430 907 3494 io
921 3426 1028 3491 delicto
1042 3434 1138 3511 potest
1147 3430 1288 3493 conside

230 3522 275 3581 reri
286 3524 328 3585 rel
340 3526 371 3585 iu
385 3543 444 3587 sua
458 3524 573 3586 malitia
590 3541 644 3585 seu
658 3524 863 3605 culpabilitate
876 3524 1042 3601 essentiali,
1062 3523 1110 3585 vel
1120 3524 1154 3585 in
1167 3541 1225 3585 sua
1236 3523 1288 3585 in·

232 3624 315 3699 tegrali
338 3626 541 3691 exsecutione.

258 3724 423 3787 maliolis
436 3725 551 3787 malitis
565 3722 666 3787 delicti
679 3731 724 3787 est
736 3728 803 3804 ejus
816 3725 963 3805 oppositio
973 3730 1077 3787 eontra
1086 3725 1283 3788 honestatem.

228 3818 366 3900 integralis
386 3825 537 3889 exsecutio
549 3824 649 3887 delicti
664 3830 707 3887 est
725 3826 877 3904 quantitas
891 3831 1019 3887 exterum
1030 3826 1228 3887 exsecutionis
1249 3824 1286 3886 ad

228 3932 304 3995 quam
327 3922 472 3985 delictum
496 3922 641 4002 pervenit.
654 3922 720 3987 iam
740 3921 911 3984 essentialis
934 3920 1049 3983 malitia
1071 3919 1171 3983 delicti
1192 3928 1288 4001 potest

228 4021 391 4085 ousiuerurt
405 4030 435 4085 ct
453 4019 605 4085 rnoroliter
625 4028 655 4083 et
674 4019 839 4085 soeiclt'ter:
855 4020 978 4084 moretis
994 4019 1224 4083 maiitiadelieti
1245 4027 1289 4083 cst

228 4117 282 4193 ejus
301 4123 446 4205 oppositio
465 4128 567 4185 contre
585 4122 733 4185 internam
753 4121 958 4201 honestatem
978 4118 1097 4183 socialis
1120 4136 1188 4181 vero
1206 4119 1289 4183 illius

230 4218 455 4303 melititestep'us
465 4222 612 4303 oppositio
623 4230 728 4285 contra
737 4221 923 4285 honestatem
938 4219 1289 4299 externam-appellatur

227 4326 311 4385 tutent
327 4323 377 4387 hio
394 4332 517 4389 extema
530 4322 670 4386 honestas
688 4322 735 4383 vel
758 4322 885 4401 mulitia,
900 4321 953 4382 illa
970 4338 1038 4399 quae
1052 4321 1220 4383 societatem
1238 4319 1288 4381 di-

227 4430 290 4482 recte
301 4426 427 4503 attingit.
442 4422 576 4503 Denique
590 4422 701 4501 gredus
717 4423 874 4501 integrales
885 4422 988 4483 delicti
1003 4428 1076 4483 sunt
1089 4421 1164 4481 rarii
1178 4420 1289 4497 gradus

226 4525 410 4585 rtsemtionis
425 4524 463 4587 ad
478 4526 626 4601 mojorem
644 4524 690 4587 uel
707 4525 857 4587 minorem
879 4521 963 4582 illius
986 4519 1188 4596 iutegritatem
1201 4520 1289 4599 perti-

228 4628 327 4682 centes.

259 4720 344 4783 Pron.
360 4738 424 4785 uos.
442 4728 471 4783 t·
484 4738 571 4787 otus.
587 4754 622 4769 -
637 4720 786 4785 Societatie
803 4722 855 4797 jtrs
876 4728 906 4779 et
925 4716 1058 4783 cilicium
1074 4727 1120 4781 est
1132 4726 1288 4781 exurerent
