3559 5675
357 683 367 696 ’
445 704 533 768 odd·
852 721 932 770 runis
953 719 1113 770 ntvuntus

487 826 528 890 [te
551 831 815 894 menecratem
840 830 914 908 quid
939 829 1099 892 dicemus?
1121 831 1212 910 cujus
1235 833 1297 892 tam
1322 827 1403 890 clara
1426 833 1470 888 est
1490 843 1519 888 ec
1596 828 1597 900 l

446 943 564 1006 semper
581 927 639 990 luit
662 929 776 1008 ubique
796 930 932 1007 gentium
954 929 1067 1008 glorie,
1093 930 1183 990 tantis
1204 928 1339 1006 ingenii,
1363 927 1517 999 doctrine,

448 1025 627 1105 eloquentis
641 1028 782 1119 landipus
796 1035 977 1108 comparata,
993 1035 1027 1089 ut
1040 1031 1107 1106 ejus
1122 1043 1219 1088 unum
1234 1043 1345 1088 nomen
1361 1043 1417 1104 pro
1430 1042 1520 1102 quan·

450 1131 600 1204 murique
612 1130 739 1207 sitapud
754 1147 859 1191 omnes
872 1129 967 1206 hujus
979 1129 1035 1188 viri
1046 1127 1312 1190 commendatione.
1327 1128 1366 1187 nt
1379 1143 1416 1185 eo
1426 1128 1522 1186 minus
1597 1165 1598 1168 κ

452 1224 496 1284 illi
512 1227 728 1302 ignoscendum
740 1237 796 1305 est,
811 1247 909 1306 quum
925 1235 1023 1289 tantus
1033 1229 1199 1306 Episcopus
1211 1227 1377 1288 christiana
1391 1225 1524 1302 dogmata

451 1325 598 1386 nonnulla
616 1326 868 1403 fundamentalia,
888 1328 1000 1408 optime
1021 1343 1038 1387 a
1061 1343 1093 1386 se
1112 1326 1240 1402 cognita,
1263 1339 1325 1385 non
1343 1325 1449 1384 solum
1471 1340 1523 1382 non

450 1423 540 1484 audet
560 1443 660 1488 eoram
681 1445 751 1505 rege
774 1434 804 1490 et
823 1427 967 1490 adversus
990 1443 1091 1504 regem
1112 1442 1261 1498 asserere,
1286 1424 1338 1486 sed
1359 1441 1398 1485 es
1422 1427 1525 1502 rejicit,

451 1525 558 1588 saltem
567 1529 708 1604 exterius,
728 1545 763 1590 ac
777 1507 968 1608 pertinaciter
978 1533 1142 1608 oppugnat.
1156 1526 1372 1588 lansenianam
1387 1525 1525 1596 heresin,

452 1626 591 1704 regisque
613 1629 796 1708 superbiam,
816 1628 929 1706 quibus
953 1627 1072 1690 duobus
1095 1627 1199 1688 divina
1221 1633 1250 1686 et
1271 1625 1411 1684 humana
1432 1623 1527 1683 omnia

452 1727 719 1802 permiscebantur,
735 1735 766 1789 et
778 1729 815 1790 ad
829 1726 1007 1792 horrendam
1023 1727 1106 1788 illam
1117 1727 1161 1788 rei
1173 1726 1270 1787 civilis
1284 1725 1398 1803 pariter
1411 1741 1448 1784 ac
1462 1724 1527 1784 reli-

452 1826 551 1902 gionis
566 1826 694 1898 cladem,
711 1845 778 1906 qun
796 1827 972 1909 paulopost
990 1827 1150 1888 subsecuta
1167 1831 1223 1900 est,
1237 1823 1385 1904 gallicum
1403 1841 1527 1900 Quum

453 1928 514 1984 erat
528 1925 652 1986 omnino
662 1925 886 1999 deducendum,
902 1930 1017 2004 poterat
1029 1927 1190 1986 Bossuetus
1206 1939 1287 1984 unus
1301 1919 1453 1996 doctrina,
1469 1922 1529 1982 elo·

453 2024 589 2099 quentia,
610 2025 784 2086 auctoritate
798 2041 855 2086 sua
873 2024 959 2086 initio
977 2027 1077 2086 statim
1099 2023 1236 2100 frangere
1257 2029 1286 2084 et
1306 2028 1477 2082 conterere.
1497 2025 1529 2080 ,lt

450 2123 666 2196 jansenianunr
687 2141 820 2186 errorem
839 2125 890 2186 ille
913 2125 1047 2202 agnoscit
1066 2124 1192 2202 quidem
1214 2139 1250 2184 ac
1269 2121 1432 2200 repudiat;
1457 2139 1529 2181 nnn·

453 2238 544 2298 quam
568 2230 668 2286 lernen
691 2231 790 2304 aperte
813 2241 847 2287 ne
867 2226 982 2286 tortiter
1004 2225 1146 2286 eumdem
1167 2223 1226 2284 sibi
1250 2239 1315 2284 esse
1337 2219 1529 2282 refutandum

453 2323 570 2392 statuit;
592 2323 722 2386 molliter
742 2325 854 2402 ultique
870 2341 940 2384 cum
960 2324 1017 2384 hac
1037 2329 1118 2402 peste
1135 2323 1213 2400 agit3
1233 2321 1327 2400 parcit
1341 2323 1529 2397 Janserrianae

454 2422 634 2499 pertinacia,
647 2425 789 2501 quamvis
798 2424 1012 2502 J‘ansenianam
1025 2422 1164 2484 lraeresim
1177 2437 1240 2487 non
1254 2420 1359 2500 probet
1377 2417 1432 2496 (a).

496 2522 573 2596 Erga
586 2537 687 2598 regem
697 2539 779 2596 vero,
789 2519 843 2599 qui
856 2522 963 2599 cogitet
974 2527 1088 2598 quanta
1101 2520 1182 2581 idem
1196 2518 1343 2594 socordia,
1354 2519 1388 2579 in
1403 2525 1467 2580 tota
1479 2519 1530 2580 liae

454 2621 664 2694 controversia,
678 2637 798 2700 semper
820 2621 923 2696 luerit,
943 2620 1152 2697 gravissimam
1170 2625 1279 2680 statuet
1294 2620 1392 2680 luisse
1412 2620 1531 2698 culpam

453 2715 546 2793 hujus
556 2717 698 2790 hominis,
709 2721 949 2799 quantiscunque
961 2719 1028 2782 aliis
1038 2719 1199 2781 virtutibus
1211 2721 1318 2781 ornati.
1336 2721 1438 2780 (karoli
1452 2721 1529 2782 Calvi

452 2816 585 2881 alienum
595 2835 724 2897 regnum
735 2822 906 2901 occupantis
917 2820 1014 2885 scelus
1028 2821 1217 2885 conniventia
1225 2837 1281 2881 sua
1291 2820 1476 2881 llinrmarus
1484 2837 1532 2899 ap

456 2918 577 2995 probet;
592 2920 736 2981 atlversus
751 2922 926 2982 Pontificem
941 2923 1065 3001 principi
1081 2938 1132 3000 per
1146 2922 1289 2997 injuriam
1302 2920 1433 2997 spoliato
1448 2936 1529 2999 opem

455 3017 601 3079 terentem
611 3022 715 3097 jurgia
728 3022 877 3102 superbus
893 3022 977 3101 jacit,
996 3021 1178 3099 sophismata
1196 3020 1233 3080 ad
1249 3020 1436 3098 pontificiam
1453 3020 1530 3079 infir-

456 3117 595 3180 mandam
610 3122 814 3181 auctoritatem
825 3120 992 3197 conquirit3
1015 3118 1130 3181 litteras
1144 3118 1295 3179 Pontificis
1311 3118 1351 3177 ad
1363 3136 1438 3179 snos
1453 3120 1530 3179 deci-

456 3218 862 3299 piendosoorrumpitlt319‚
873 3226 935 3281 not.
947 3222 977 3295 2,
988 3220 1042 3298 1⁰).
1054 3218 1191 3279 ludovici
1204 3218 1295 3294 regie,
1304 3220 1449 3295 superbia
1460 3220 1533 3277 into

455 3316 572 3378 lerebili
586 3318 618 3379 in
631 3327 768 3380 externas
782 3326 898 3397 gentes,
912 3321 944 3380 in
956 3336 1028 3381 suos
1041 3318 1178 3398 populos,
1195 3318 1226 3377 in
1240 3317 1351 3378 Christi
1368 3318 1530 3379 Ecclesiam

456 3415 651 3493 lascivientis,
662 3419 817 3480 audaciam
830 3422 993 3481 Bossuetus
1005 3434 1067 3479 non
1075 3419 1195 3479 silentio
1205 3416 1303 3478 solum
1307 3462 1316 3493 ,
1330 3416 1382 3477 sed
1397 3418 1532 3477 machia·

457 3515 571 3577 vellieie
583 3535 617 3579 ac
631 3520 849 3598 protestanticis
859 3520 1046 3580 documentis
1061 3516 1235 3593 confirmat;
1257 3517 1355 3578 eidem
1370 3522 1528 3583 asseverat.

456 3614 534 3675 ouili
556 3617 756 3681 ecclesiastice
775 3621 923 3699 potestati,
944 3634 979 3680 ac
995 3618 1120 3698 proinde
1144 3617 1237 3678 nullis
1262 3617 1373 3679 divinis
1401 3616 1528 3695 legibus,

456 3714 569 3792 quibus
589 3718 800 3798 proponendis,
822 3718 1054 3797 interpretandis
1075 3736 1108 3780 ac
1129 3715 1316 3778 vindicandis
1333 3716 1529 3777 ecclesiastiea

457 3822 586 3891 potestas
597 3822 671 3877 esta
685 3819 745 3877 [teo
755 3818 927 3887 constituta.
939 3834 1023 3895 reges
1034 3816 1068 3878 in
1080 3816 1199 3897 publica
1212 3816 1390 3894 regerenda
1404 3834 1472 3877 esse
1482 3816 1529 3876 cle

456 3916 580 3991 noxios5
596 3920 649 3995 qui
663 3920 765 3979 tetrior
783 3924 828 3980 est
844 3918 1120 3981 machiavellismus
1134 3934 1225 3997 quam
1241 3916 1323 3995 quia
1337 3912 1530 3975 llachiavello

455 4016 520 4094 ipso
530 4014 723 4089 describitur;
736 4018 769 4078 in
779 4016 901 4080 historia
913 4020 1108 4097 antiquorum
1122 4026 1292 4095 temporum
1304 4015 1388 4092 regio
1402 4032 1460 4077 suo
1475 4014 1530 4074 dis

455 4114 567 4195 sipoto,
588 4116 730 4179 ludovici
747 4118 821 4196 tilio,
843 4120 1019 4193 enarrando,
1041 4128 1129 4197 atque
1144 4120 1175 4179 in
1192 4116 1319 4195 politicis
1339 4115 1498 4195 principiis
1515 4130 1529 4171 e

457 4214 609 4295 Scriptura
622 4234 705 4279 sacra
720 4218 904 4300 depromptis
920 4220 1018 4283 eidem
1035 4218 1220 4301 explicandis
1240 4216 1316 4278 lacta
1333 4218 1439 4276 omnia
1458 4230 1527 4275 sen·

460 4316 628 4393 tentiasque
638 4319 836 4397 circumcidit,
850 4338 920 4398 qum
932 4321 1046 4397 regiam
1058 4325 1234 4400 potestatem
1244 4312 1529 4379 ecclesiasticam}

457 4412 550 4475 ntum
565 4414 772 4479 demonstrent
788 4419 823 4498 (b)
832 4442 841 4495 ;
861 4420 1000 4483 Ecclesia
1018 4434 1148 4481 canones
1166 4416 1361 4495 gravissimos
1382 4433 1400 4477 a
1414 4432 1485 4491 rege
1500 4414 1543 4473 in-

490 4594 528 4655 (ol
536 4592 630 4646 llolrrlt.
641 4596 695 4657 lam
706 4601 751 4649 ctt.
761 4612 787 4661 p.
798 4602 844 4651 sta
857 4604 882 4650 st
892 4612 960 4663 sape.

489 4666 525 4725 (c)
536 4664 615 4730 idem,
623 4666 692 4719 nte.
706 4682 733 4732 p.
741 4672 786 4721 att
798 4675 824 4721 et
832 4682 901 4734 seqq.
916 4672 947 4721 tlt
955 4684 981 4734 p.
992 4673 1038 4721 stt
1054 4673 1090 4721 tts
1101 4682 1154 4721 rem
1163 4668 1291 4721 concludtt
1302 4682 1309 4719 r
1321 4686 1333 4713 α
1345 4669 1389 4733 or,
1398 4681 1439 4719 ees
1447 4666 1528 4719 eume
