3559 5675
531 732 638 806 snum.
662 775 700 790 -
722 755 805 805 crem
825 757 958 806 oremus.
1229 745 1290 810 25³

242 882 292 928 ouo
306 863 438 944 mocidet.
451 865 549 938 Quare
563 869 635 924 tunc
643 861 743 924 sotum
756 869 824 943 apta
837 864 957 926 socialis
971 865 1144 926 constitutio
1152 865 1285 942 dicenda

242 973 287 1042 est,
298 983 385 1045 ouum
398 965 436 1026 ab
457 965 520 1043 ipsa
530 963 645 1025 bonum
665 956 800 1040 regimen
818 981 922 1026 reuera
934 963 1067 1044 produit.
1088 965 1118 1027 id
1134 982 1204 1028 vero
1219 973 1289 1030 tuno

240 1067 321 1128 solnm
340 1065 398 1142 iret,
417 1062 538 1142 quando
557 1061 686 1143 publice)
701 1063 928 1139 gubernationis
946 1064 1060 1136 munia,
1083 1081 1119 1124 er
1142 1065 1205 1142 ipsa
1228 1065 1289 1125 im·

241 1165 300 1244 perii
319 1164 544 1235 consdtutione,
572 1162 611 1222 iis
633 1161 860 1225 comminentur
882 1162 1016 1238 civibus,
1039 1163 1092 1241 qui
1114 1179 1171 1224 sua
1186 1169 1289 1242 sponte

241 1265 409 1344 impellantur
430 1264 469 1325 ad
484 1262 604 1344 politica
622 1261 687 1324 bae
708 1261 806 1325 officia
823 1269 902 1326 recte
930 1281 964 1326 ac
984 1264 1113 1327 tideliter
1125 1263 1288 1346 implenda.

240 1365 316 1440 Sic,o.
326 1381 368 1444 9.,
376 1364 525 1444 sapienter
538 1363 571 1422 in
579 1361 762 1441 polyarcbiis
775 1363 1143 1444 monumentumque
1156 1364 1292 1428 electoris

240 1465 268 1523 iis
283 1463 348 1524 solis
364 1466 534 1542 competant
555 1459 668 1538 quibem
686 1461 728 1521 sit
739 1466 839 1523 cartus
851 1461 976 1539 quidam
988 1477 1114 1540 census3
1130 1465 1202 1540 quia
1218 1463 1292 1526 eleo

239 1566 451 1640 umpauperes
461 1577 518 1622 sna
531 1561 667 1639 ipsorum
679 1559 850 1622 conditione
867 1560 904 1622 ad
920 1577 1012 1623 sunm
1028 1559 1209 1640 sumagium
1219 1578 1291 1623 uen-

238 1659 348 1722 iendum
359 1661 536 1723 incitantur.
646 1677 661 1698 ·

267 1760 408 1836 Quocirca,
423 1767 460 1821 ut
475 1761 602 1840 pertenta
613 1759 786 1822 constitutio
797 1759 916 1838 politica
934 1759 1092 1836 habeatur,
1107 1759 1144 1821 iis
1159 1759 1294 1821 bomini-

237 1855 282 1917 bus
297 1875 416 1921 munera
429 1859 658 1936 gubernationis
680 1857 858 1921 conterende
878 1865 963 1938 sunt,
978 1860 1033 1938 qui
1051 1877 1069 1920 a
1086 1858 1206 1921 socialis
1228 1875 1291 1920 sue

236 1955 389 2020 cunittonis
417 1959 621 2028 similitudine
648 1958 839 2021 incitamenta
861 1959 975 2020 similia
1001 1959 1040 2022 ad
1065 1958 1235 2020 funciones
1263 1961 1290 2020 ei

235 2056 372 2120 ondiooni
388 2059 523 2122 adamas
542 2055 623 2122 recte'
640 2058 849 2138 adimplendas
871 2058 1013 2134 babeant,
1034 2065 1064 2120 et
1084 2060 1205 2139 politico
1228 2061 1291 2140 ipse

236 2157 381 2232 organismo
390 2158 597 2238 perducantur
609 2157 648 2220 ad
663 2157 779 2220 bonum
791 2157 1158 2239 socmiepromovendum,
1173 2159 1291 2221 etiamsi

236 2258 381 2332 monetes
399 2275 509 2321 eorunm
525 2259 739 2339 propensionee
759 2257 872 2337 publici
891 2257 963 2320 boni
983 2254 1119 2320 studium
1138 2255 1288 2320 retardare

236 2361 325 2426 inillis
338 2365 534 2445 aliquatenus
553 2371 683 2447 possent.
1064 2359 1066 2364 ’
1186 2445 1190 2452 ¹

265 2465 346 2526 demo
359 2471 463 2528 nmen
487 2464 636 2528 existimet
660 2472 719 2526 mm
739 2465 866 2546 perfecte
888 2476 975 2544 posse
991 2461 1150 2524 hominum
1169 2463 1292 2525 societa-

236 2563 381 2627 tcmuitam
394 2565 553 2640 constitui,
571 2571 605 2626 ut
623 2565 689 2644 pari
707 2564 847 2643 felicitate
866 2577 914 2624 res
936 2561 1056 2642 publica
1073 2567 1205 2640 geratur,
1227 2563 1290 2624 sive

236 2665 439 2744 auctorent,
468 2666 531 2728 sire
550 2665 642 2746 inepti
669 2670 722 2726 aut
743 2664 872 2748 improbi
888 2663 955 2724 'sint
975 2665 1041 2741 ejus
1059 2663 1201 2724 ministri.
1216 2665 1286 2752 Pro·

235 2759 296 2825 bites
318 2766 398 2827 enim
424 2773 455 2827 et
486 2765 590 2846 peritia
610 2767 841 2843 magistratuum
870 2763 1035 2843 personalis
1056 2762 1224 2843 plurimum
1251 2763 1291 2824 ad

232 2868 320 2924 rectam
332 2866 584 2943 gubernationem
603 2867 728 2941 content,
747 2864 934 2944 quacunque
947 2864 1069 2925 taudem
1084 2867 1123 2925 sit
1145 2865 1291 2928 societatis

233 2966 394 3028 unumne.
410 2968 601 3046 Quapropter
621 2966 834 3045 perfectissima
845 2962 912 3025 'iiia
926 2956 983 3025 erit
997 2964 1117 3025 socialis
1130 2950 1289 3039 ordinatio,

234 3076 287 3139 que
306 3082 363 3127 non
388 3067 495 3128 sotum
514 3066 706 3141 administros
729 3064 776 3126 uei
796 3066 913 3142 ineptos
933 3062 1061 3142 impellit
1075 3060 1112 3123 ad
1136 3060 1292 3141 publicum

234 3160 329 3226 bonum
346 3160 598 3245 promovendum,
622 3166 673 3227 sed
691 3155 793 3236 etiam,
814 3170 843 3224 et
854 3162 1057 3243 potissimum,
1074 3179 1109 3224 eo
1127 3168 1241 3242 spectat
1260 3167 1293 3223 ut

234 3278 369 3345 peneum,
382 3268 527 3345 aquibus
540 3266 667 3345 politice
688 3272 845 3345 potestates
865 3270 955 3325 erunt
973 3262 1152 3335 exercenda,
1170 3262 1292 3325 idoneas

234 3379 338 3438 prorsus
350 3365 464 3428 efficiat
469 3381 480 3444 3
496 3366 607 3445 quade
622 3350 658 3426 're
675 3366 801 3444 interius
820 3364 963 3425 nonnihil
977 3364 1170 3441 attingemus.

262 3465 381 3528 Εοιοιι.
397 3466 434 3527 t.
446 3500 484 3511 -
496 3466 650 3527 potestatis
669 3463 879 3526 constituentis
899 3463 1068 3524 functiones
1079 3478 1184 3523 omnes
1199 3462 1287 3523 redu*

234 3572 326 3625 untur
344 3566 466 3643 igitur:
490 3568 520 3625 1⁶
537 3564 574 3625 ad
590 3565 848 3645 perfectissimam,
860 3580 952 3641 qnam
973 3562 1039 3623 iieri
1057 3563 1162 3655 possit,
1175 3562 1291 3641 corpori

234 3661 319 3723 sociali
330 3666 483 3725 unitatem
504 3662 715 3737 tribuendam,
730 3666 762 3721 2⁰
781 3662 920 3723 omnium
940 3667 1055 3721 mentes
1071 3660 1101 3719 in
1116 3658 1196 3720 idem
1211 3657 1294 3736 judi-

232 3758 300 3821 cium
310 3780 361 3841 per
374 3764 551 3840 veritatem,
566 3762 601 3823 3⁰
614 3762 752 3823 omnium
766 3762 936 3822 uoluntates
950 3760 982 3819 iu
993 3756 1128 3837 ejusdem
1139 3756 1212 3835 boui
1226 3762 1291 3816 ntu-

234 3856 305 3922 dium
330 3881 383 3943 per
403 3865 477 3941 jus,
502 3862 537 3922 t·
559 3862 700 3922 omnium
726 3876 868 3940 personas
898 3860 928 3919 in
952 3856 1089 3935 ejusdem
1115 3840 1296 3935 operationis

233 3965 445 4025 unmneionem
467 3978 522 4043 per
543 3962 714 4039 organicam
738 3964 916 4040 potestatum
939 3956 1165 4035 dispositionem
1189 3962 1218 4015 et
1240 3972 1295 4035 per

234 4071 420 4139 opportunam
434 4069 582 4124 terrarum
598 4064 664 4142 jam
689 4078 708 4121 a
726 4061 862 4122 societate
882 4071 1084 4138 possessarum
1098 4053 1294 4115 cohabitatio-

235 4174 293 4221 nem
305 4164 515 4242 conjungendo
531 4178 617 4241 :qua
629 4162 731 4222 omnia
741 4178 779 4222 ex
791 4176 898 4221 norma
908 4155 1043 4237 justitiae,
1058 4144 1188 4241 quael'jus
1203 4170 1293 4214 suum

237 4263 386 4345 unicnique
401 4266 515 4329 serrari
529 4264 606 4340 vnit,
620 4268 790 4325 constanter
806 4259 1011 4340 perficiantur.
1109 4346 1112 4351 Ι
