3559 5675
443 788 503 852 342
850 799 928 847 tuate
949 800 1109 847 attuntets

445 908 572 989 plenum
596 914 715 971 tueatur
738 924 829 969 neum
852 908 991 967 omnium
1008 909 1126 982 jurium
1150 905 1298 983 or'eorum,
1323 920 1391 982 qum
1416 904 1518 963 scilieet

445 1026 484 1074 ex
499 1027 605 1072 eorum
616 1028 687 1071 oum
698 1010 766 1070 aliis
774 1006 896 1085 Juribus
911 1006 1065 1067 oollisione
1079 1006 1195 1082 integra
1209 1010 1341 1065 manent.
1360 1004 1451 1081 tuqui
1465 1018 1520 1063 oer-

442 1112 595 1172 tisslmum
617 1110 796 1185 hoonuique
817 1108 930 1168 nivium
950 1109 1001 1185 jus
1020 1113 1076 1174 est,
1095 1104 1197 1166 utendi
1219 1104 1357 1166 videlieet
1376 1104 1415 1164 ad
1437 1104 1520 1162 vitam

440 1207 669 1273 sustemandam
691 1209 741 1269 his
765 1213 820 1268 aut
850 1206 910 1268 iltis
933 1207 1057 1281 mediis,
1078 1212 1166 1287 prout
1182 1206 1313 1281 libuerit,
1336 1212 1430 1282 atque
1451 1204 1523 1263 hane

443 1316 499 1373 aut
511 1310 598 1370 illam
611 1310 678 1370 vita
691 1309 839 1370 rationem
855 1324 909 1387 pro
924 1308 1020 1368 lubito
1040 1304 1176 1369 ineundi.
1191 1306 1244 1367 Sui
1259 1322 1391 1392 namque
1404 1310 1524 1366 susten·
1584 1364 1585 1391 1

445 1410 519 1473 tatio
538 1426 590 1491 pro
612 1410 719 1487 quovis
735 1408 858 1469 homine
872 1406 909 1467 ad
924 1406 1295 1467 ordinemindiridualom
1311 1421 1365 1484 per
1375 1422 1409 1465 se
1421 1410 1452 1465 et
1465 1406 1524 1483 pri-

446 1510 542 1570 mario
554 1510 691 1588 pertinet.
706 1506 903 1569 individualis
918 1514 1019 1567 autern
1034 1506 1107 1567 ordo
1121 1522 1180 1567 non
1197 1506 1327 1567 asouiali
1341 1506 1524 1575 auctoritate,

444 1610 497 1671 aed
512 1611 551 1669 ab
570 1611 720 1685 nutusque
740 1609 873 1669 hominio
893 1608 1005 1667 ratione
1024 1606 1240 1683 guismundus
1259 1612 1313 1667 est.
1335 1608 1417 1682 Ergo
1430 1605 1525 1665 sociali

446 1711 613 1773 auotoritati
634 1724 825 1785 nequaquam
841 1724 895 1786 per
907 1724 939 1769 se
959 1713 987 1766 et
1002 1706 1179 1784 generaliter
1193 1707 1260 1767 licet
1278 1707 1450 1784 quidquam
1464 1706 1528 1764 elll·

447 1824 526 1882 eere,
540 1824 602 1885 quo
613 1808 694 1867 eires
707 1807 743 1867 ad
757 1814 867 1867 oertam
882 1806 950 1867 vitos
963 1806 1162 1867 sustentando
1179 1806 1322 1865 rationem
1337 1820 1400 1882 prm
1418 1804 1527 1865 caeteris

450 1906 686 1987 amplectendam
704 1907 826 1984 obliget.
841 1908 926 1969 Tune
946 1906 1046 1967 solum
1064 1906 1093 1965 id
1108 1907 1135 1965 ei
1150 1904 1261 1980 lioeltit,
1280 1922 1376 1983 quum
1387 1907 1443 1982 jus
1458 1904 1529 1964 illud

450 2006 635 2069 individuale
649 2008 722 2083 inre
742 2008 880 2068 omniurn
900 2006 1048 2067 sociorum
1072 2008 1187 2083 majore
1206 2012 1258 2065 aut
1276 2005 1386 2082 aequali
1410 2004 1530 2065 collide·

451 2117 512 2170 tur.

491 2206 574 2269 Unde
587 2204 777 2284 intelligitur,
798 2207 1039 2285 quotiescunque
1058 2205 1184 2283 peouma
1206 2205 1253 2265 vel
1274 2205 1332 2265 alla
1352 2205 1465 2282 quavis
1485 2220 1531 2263 ra-

450 2310 544 2382 tione,
559 2307 624 2368 sine
644 2308 708 2367 ullo
727 2307 875 2367 sooietatis
889 2312 941 2367 aut
959 2308 1143 2385 privatorum
1165 2304 1363 2380 incommodo,
1380 2302 1532 2365 sufficiens

454 2408 573 2488 publiea
594 2408 643 2467 vis
662 2408 824 2486 oomperari
846 2412 957 2485 potest,
981 2408 1126 2485 quoniam
1150 2407 1314 2483 tnnojuris
1337 2404 1532 2465 individualis

452 2526 523 2569 eum
544 2510 614 2585 jure
633 2507 735 2568 soeiali
760 2504 877 2567 oollisio
896 2506 982 2566 nulla
994 2512 1051 2581 est,
1067 2508 1119 2582 jue
1135 2507 1321 2585 privatorum
1332 2504 1371 2565 ad
1383 2506 1453 2566 vitas
1475 2524 1533 2565 sua

454 2610 598 2667 rationem
621 2622 676 2685 pro
698 2604 795 2665 lubitu
817 2604 1032 2665 instituendam
1057 2604 1146 2683 plane
1162 2605 1318 2664 reviviscit.
1343 2606 1458 2682 ltaque,
1484 2606 1532 2664 uhi

454 2703 575 2765 toriello
609 2705 782 2772 auotoritas,
808 2706 983 2765 neoessitate
1017 2712 1158 2781 urgente,
1187 2706 1336 2768 sorianum
1370 2722 1532 2767 numerum

454 2802 618 2882 quemdam
632 2803 669 2866 ed
683 2804 822 2865 militiam
836 2805 926 2882 eogit,
940 2804 1018 2868 hane
1038 2805 1098 2866 illis
1112 2820 1173 2866 non
1187 2812 1221 2867 ut
1234 2820 1348 2878 munus
1362 2804 1485 2884 aliquod
1498 2806 1532 2867 ad

414 2919 419 2926 ·
456 2905 524 2966 vita
534 2902 777 2968 anemalatlonem
792 2905 1062 2981 aooommodatum,
1078 2905 1129 2966 sed
1142 2913 1176 2966 ut
1187 2909 1402 2968 neressseriam
1417 2909 1534 2968 socialis

456 3006 621 3082 organismi
641 3005 826 3066 lrrnotionem
848 3007 995 3084 imperat3
1011 3023 1045 3067 aa
1059 3006 1183 3084 proinde
1197 3003 1282 3066 nulla
1304 3007 1335 3067 in
1351 3025 1384 3067 re
1402 3008 1441 3068 ad
1456 3007 1533 3069 ordi-

458 3121 529 3166 nem
554 3103 771 3166 individualem
792 3105 971 3183 pertinente,
988 3106 1030 3165 sle
1049 3104 1195 3184 jubendo,
1212 3121 1277 3166 sese
1295 3107 1472 3188 interponit,
1485 3108 1532 3168 ssd

459 3205 515 3266 hoo
529 3205 626 3264 solum
642 3211 737 3278 aurat,
750 3207 925 3282 utquisque
938 3205 1013 3265 nivis
1026 3205 1123 3265 ordini
1138 3204 1268 3280 politico,
1282 3211 1317 3265 ut
1330 3223 1384 3284 per
1399 3213 1457 3284 eet,
1469 3209 1534 3269 sub·

457 3305 575 3364 serviat*

500 3407 630 3466 Conona.
648 3405 677 3465 4.
689 3437 729 3452 -
741 3407 843 3483 leges,
866 3405 978 3484 quibus
997 3409 1092 3468 ouante
1114 3407 1244 3467 militum
1265 3409 1448 3488 conscriptio
1464 3410 1535 3470 diri-

462 3503 559 3582 genda
572 3511 627 3580 est,
640 3505 676 3566 avl
687 3503 743 3566 iras
753 3505 829 3567 duas
841 3507 1005 3584 praecipuae
1020 3506 1122 3567 reduoi
1135 3513 1279 3585 possum:
1298 3511 1325 3565 t·
1336 3509 1395 3581 Qui
1410 3511 1535 3588 aptiores

462 3603 500 3665 ed
522 3603 662 3666 militiam
686 3611 767 3678 sunt,
789 3605 1029 3681 conscribentem
1045 3609 1076 3664 2·
1089 3605 1200 3666 Coacta
1214 3607 1445 3685 ooneoriptionis
1466 3626 1537 3670 onus

461 3721 547 3780 aequa
559 3705 745 3784 proportione
757 3707 789 3766 in
800 3719 906 3766 omnes
919 3704 1066 3766 sooietatis
1078 3711 1173 3784 partes
1185 3705 1393 3767 distribuatur.
1409 3709 1537 3769 Priorem

462 3820 531 3865 eam
552 3805 648 3882 legem
669 3804 770 3865 llnalls
792 3805 950 3865 nenessitas
971 3804 1064 3882 lrrrjus
1086 3801 1322 3885 eonseriptionis,
1345 3811 1537 3884 posteriorem

461 3904 579 3980 iustitia
596 3903 786 3964 ‹listrllrutira
800 3903 940 3982 postulat.
960 3904 1075 3963 Etenim
1096 3903 1183 3963 debet
1196 3904 1354 3964 avralorltee
1374 3907 1537 3965 marimum

465 4003 511 4063 vis
521 4003 648 4081 publicae
661 4019 715 4082 per
728 4003 891 4064 minimum
908 4017 1033 4062 onerum
1053 4003 1182 4064 societati
1196 4003 1407 4080 impositorum
1421 4021 1539 4082 eompa-

465 4117 543 4162 rare.
566 4103 656 4180 ttqui
674 4104 785 4162 virium
799 4102 920 4161 illarum
933 4103 1085 4178 quantitas
1104 4117 1163 4161 non
1179 4101 1278 4161 solum
1293 4117 1310 4161 e
1325 4103 1463 4163 militnm
1488 4118 1537 4161 nu·

466 4218 562 4276 mero,
587 4201 639 4262 sed
667 4202 705 4261 ab
729 4202 952 4264 individuorum
978 4201 1093 4260 deleotu
1121 4200 1239 4277 pendet.
1265 4201 1374 4261 Onerie
1404 4209 1540 4280 praeterea

467 4303 617 4379 cujusque
634 4302 763 4377 gravitas
782 4301 944 4374 minuitur,
959 4301 987 4359 in
1004 4302 1103 4359 omnia
1122 4297 1365 4376 superueniret
1391 4303 1432 4360 eit
1449 4303 1542 4380 impo-

469 4401 618 4474 nendum,
632 4407 741 4478 puncta
755 4399 830 4460 illud
844 4407 912 4479 apte
923 4399 1139 4460 distribuendo.

508 4503 575 4562 lem
596 4514 735 4577 quanam
758 4500 797 4559 slt
819 4499 913 4577 hujus
934 4499 1152 4560 distributionis
1175 4501 1249 4559 ratio
1271 4501 1439 4580 aptissima,
1454 4501 1494 4562 ab
1513 4501 1543 4559 iis

468 4597 729 4663 determlnandum
750 4605 804 4678 est,
817 4601 872 4678 qui
887 4600 925 4660 de
941 4599 1059 4679 publiea
1072 4617 1104 4660 re
1116 4605 1183 4678 apte
1205 4599 1381 4678 utiliterque
1400 4601 1542 4663 adminis-

469 4699 572 4762 tranda
595 4699 756 4763 disserunt.
771 4699 923 4762 Nonnulla
947 4701 1102 4762 tamenne
1124 4702 1176 4777 jus
1200 4701 1299 4778 ipsum
1325 4701 1541 4780 pertinentiae

467 4803 555 4864 nobie
577 4811 725 4882 postremo
739 4803 803 4863 loon
817 4803 865 4862 hio
878 4802 1109 4866 adnotabuntur.
1132 4805 1184 4859 tnt
1199 4803 1347 4876 Quoniam
1361 4803 1465 4862 oneris
1479 4801 1541 4862 orri-
