3559 5675
552 761 661 821 suuni.
686 779 722 794 -
744 763 830 829 uturp
850 763 1039 817 onooscruus.
1266 763 1326 827 593

251 885 323 930 nam
344 869 376 930 iu
395 885 431 928 ea
445 872 617 930 contentam
630 867 723 930 luisse
736 869 893 932 confixam.
910 875 959 935 Sic
960 857 1080 954 ,orrum
1094 879 1245 946 dicimus.
1237 903 1244 916 ·
1260 889 1323 948 lm-

249 969 342 1050 probo
366 973 395 1029 et
416 967 527 1030 damno
546 970 681 1048 quinque
701 970 832 1032 lansenii
853 977 1084 1055 propositiones,
1111 997 1172 1044 non
1194 983 1322 1049 sormam

251 1077 369 1134 natum
383 1069 432 1132 rel
444 1068 570 1132 modam
580 1072 752 1148 rejicimus,
766 1088 826 1150 quo
844 1073 904 1136 illae
919 1084 989 1138 sunt
1003 1096 1146 1159 expresse
1164 1085 1212 1146 vel
1225 1087 1323 1167 editae,

248 1172 303 1233 sod
319 1189 423 1233 earnm
440 1171 619 1248 doctrinam,
637 1176 672 1231 ut
695 1175 833 1252 superius
853 1177 1120 1244 animadvertimus
1142 1202 1262 1264 argum.
1281 1195 1320 1252 1⁰.

249 1273 382 1348 Quodsi
402 1271 489 1334 nobis
512 1270 599 1332 liceat
617 1287 742 1333 sensum
764 1289 870 1335 eorum
888 1277 1048 1340 uerborum
1071 1282 1195 1344 obvium
1217 1293 1246 1347 et
1266 1305 1324 1350 na-

249 1372 381 1434 turolem
392 1370 572 1450 detorquere
584 1371 628 1433 ita
642 1376 676 1430 ut
687 1368 915 1436 deciormionem
933 1376 1097 1458 improbari
1110 1384 1198 1447 nobis
1211 1387 1249 1446 sit
1263 1404 1323 1450 non

247 1475 318 1551 ejus
335 1472 501 1534 doctrinam
525 1465 702 1549 i'mpmbari,
726 1471 779 1533 sed
800 1473 925 1535 modum
944 1482 1060 1539 tantum
1081 1499 1142 1560 quo
1165 1483 1324 1550 declaratio

247 1575 325 1637 iacto
340 1577 397 1646 est,
411 1587 498 1650 equo
510 1571 611 1632 licebit
624 1571 867 1635 Sacramentariis
887 1575 1011 1638 obvium
1025 1595 1150 1643 sensum
1162 1585 1323 1650 verborum

247 1673 358 1736 Christi
373 1691 381 1735 :
397 1669 517 1732 Hoe‘est
530 1688 636 1752 eorpus
653 1687 759 1763 meam,
772 1688 975 1754 corrumpere,
997 1685 1030 1739 nt
1048 1677 1098 1741 illa
1112 1681 1211 1746 solum
1225 1688 1323 1766 signi·

247 1775 359 1836 ficent:
374 1770 440 1833 Hoc
450 1778 494 1834 ert
504 1769 605 1852 pipare
615 1770 747 1851 eorporis
761 1773 828 1833 mei.
847 1775 934 1855 Ergo,
951 1784 1007 1840 etc.

290 1874 322 1935 9·
336 1875 407 1935 Pius
423 1873 460 1934 Vl
476 1871 625 1950 synodum
641 1873 851 1936 Pistoriensem
863 1877 971 1954 [argrrit
986 1883 1171 1964 temeritatis,
1192 1893 1321 1968 eoquod

248 1993 325 2038 ausa
337 1975 430 2036 tuerit
443 1973 596 2055 includere
620 1974 653 2034 in
667 1972 821 2036 decretum
834 1977 1010 2058 inscriptum
1023 2000 1032 2044 ι
1046 1981 1092 2045 Ile
1098 1985 1173 2065 Jtde,
1188 2006 1255 2051 eam
1269 1992 1320 2056 de-

247 2077 444 2140 cierationem
453 2072 575 2156 pridem
589 2071 779 2154 improbator
791 2073 827 2136 ab
839 2075 1012 2157 Apostolieo
1025 2079 1109 2145 Sede
1123 2088 1225 2168 Atqui,
1242 2093 1268 2152 si
1281 2109 1315 2154 ea

246 2178 408 2240 declaratio
420 2175 515 2236 luerat
528 2173 645 2253 pridem
658 2174 826 2253 improbata
846 2191 908 2237 non
921 2181 1041 2256 quoad
1033 2199 1129 2261 ipsam
1143 2186 1320 2268 doctrinam,

245 2277 302 2339 sed
316 2276 416 2338 solum
429 2273 527 2352 quoad
542 2272 667 2334 modum
680 2273 801 2350 agendi,
815 2273 879 2336 haec
892 2279 1085 2357 reprehensio
1108 2296 1220 2349 careret
1238 2308 1322 2368 pror·

244 2394 302 2442 sus
315 2375 520 2437 fundamento.
538 2375 624 2449 Nam,
636 2390 661 2434 ιι
652 2371 823 2434 'doctrina
815 2391 881 2453 ipsa
894 2375 1099 2442 declarationis
1112 2387 1246 2448 nondum
1258 2400 1322 2451 erat

246 2475 425 2557 improbata,
441 2490 503 2534 non
514 2480 577 2533 erat
593 2473 786 2544 temerarium
800 2489 866 2534 eam
886 2473 1028 2537 laudibus
1042 2497 1194 2564 enomere,
1211 2505 1322 2564 quem-

244 2581 295 2640 vis
306 2575 361 2636 illa
371 2575 496 2638 fortasse
510 2571 585 2633 taba
598 2577 687 2633 osset.
701 2573 851 2650 Neque,
827 2590 854 2633 sr
866 2590 901 2634 ea
915 2575 1014 2638 solum
1026 2579 1064 2640 ob
1078 2580 1249 2660 illegitimas
1262 2590 1322 2652 ior·
1432 2619 1435 2626 ι

245 2694 316 2739 mas
327 2676 386 2736 luit
398 2673 575 2754 improbata,
591 2670 729 2734 eamdem
743 2671 944 2736 includerem
961 2676 1113 2742 decretum
1129 2681 1173 2744 lte
1180 2688 1243 2764 fide
1259 2699 1321 2752 erat

246 2777 458 2853 temerarium,
478 2775 550 2853 quia
569 2774 655 2834 vetus
667 2772 720 2834 illa
734 2773 945 2854 improbatio,
938 2794 969 2836 ιιι
989 2777 1045 2841 hac
1059 2781 1229 2865 hypothesi,
1244 2793 1320 2854 ceci-

243 2880 341 2941 disset
357 2876 436 2937 tota
427 2892 461 2937 m
479 2874 579 2936 solum
599 2872 707 2952 agendi
723 2872 848 2935 modum
863 2890 882 2935 a
895 2886 1042 2942 conventu
1064 2884 1208 2960 gallicano
1222 2907 1321 2955 serva-

243 2990 329 3055 tum5
346 2993 437 3056 quem
455 2974 580 3054 quidem
592 2972 717 3033 modum
732 2974 864 3051 synodus
880 2976 1079 3058 pistoriensis,
1094 2984 1227 3062 legitime
1245 3008 1320 3053 con-

241 3084 368 3160 gregata
385 3084 415 3138 et
436 3076 570 3153 legitimo
589 3073 771 3149 deliberans,
793 3075 880 3154 plane
902 3078 1024 3141 vitabat.
1047 3084 1165 3147 Poterat
1184 3106 1254 3167 ergo
1268 3092 1320 3155 illa

241 3178 401 3258 gahicanae
410 3174 618 3237 declarationis
631 3174 764 3249 insertio,
777 3174 810 3234 in
819 3174 924 3235 eadem
935 3176 1103 3261 hypothesi,
1114 3199 1239 3249 erronea
1248 3188 1318 3268 dici,

239 3278 297 3342 sed
311 3292 373 3339 non
385 3274 547 3353 temeraria.
564 3274 654 3351 Ergo,
670 3272 726 3333 hoc
742 3273 808 3351 ipso
820 3274 901 3351 quod
916 3280 1090 3342 temeritatis
1104 3281 1227 3346 damnet
1239 3290 1320 3369 Apo-

238 3379 348 3443 stolica
366 3374 543 3439 constitutio
560 3374 754 3434 insertionem
773 3376 841 3451 ejus
860 3374 1076 3461 declarationis,
1098 3384 1255 3451 manifeste
1273 3392 1318 3452 al-

238 3480 346 3541 firmat
355 3472 543 3536 doctrinam
535 3486 568 3532 m
579 3487 614 3532 ea
626 3472 794 3534 contineri
781 3489 846 3549 yam
861 3452 1046 3537 damnatam.
1163 3536 1167 3547 f

286 3580 337 3639 ιθ·
346 3576 389 3637 Ile
398 3572 503 3635 eadem
513 3588 634 3667 prorsus
648 3573 864 3668 improbatione
874 3573 1002 3663 loquens
1016 3594 1052 3640 ea
1061 3582 1316 3667 BullaAuetorem

234 3677 326 3763 fider,
342 3657 530 3755 paragrapho
542 3686 599 3736 nrt
607 3671 678 3733 dicit
680 3655 912 3765 deciormionern
927 3676 1052 3759 luisses
1064 3683 1139 3745 Sede
1150 3688 1317 3769 apostolica
1340 3764 1342 3767 ¹

233 3778 362 3861 pridem
374 3772 585 3853 impmbatam,
604 3777 633 3832 et
646 3771 829 3851 paragrapho
843 3759 906 3835 exn
924 3752 996 3838 dicit
1008 3788 1072 3846 octo
1088 3781 1140 3842 alio
1154 3797 1318 3851 conventus

233 3876 384 3961 gallicani
404 3873 569 3954 improbata
588 3871 692 3933 fuisso.
707 3873 790 3935 adeo
810 3890 916 3935 verum
937 3883 992 3956 est,
1014 3880 1093 3957 quod
1116 3886 1256 3961 superius
1270 3891 1315 3949 in-

233 3978 428 4047 culcavimus
441 3972 544 4052 (1320,
554 3989 672 4049 argum.
687 3973 742 4052 1⁰),
752 3972 877 4035 ectailla
887 3978 1108 4052 quoaddeolara
1118 3982 1229 4045 tionem
1243 3990 1315 4051 sim-

232 4079 358 4165 pliciter
366 4075 541 4155 improbari,
557 4073 637 4134 idem
647 4074 774 4134 omnino
784 4091 850 4137 esse
861 4092 896 4137 ac
907 4078 1067 4159 improbari
1082 4081 1312 4153 declarationem

232 4190 351 4264 ipsam,
366 4178 478 4239 scilieet
488 4174 653 4236 doctrinam
666 4175 700 4235 in
719 4192 755 4237 ea
773 4183 952 4240 contentam.

261 4332 265 4339 ,
281 4287 335 4343 11⁰
348 4276 539 4339 innocentius
547 4276 612 4354 llll,
625 4276 657 4354 S,
670 4276 716 4354 P.‚
737 4278 770 4335 in
780 4277 961 4345 allocutione
974 4280 1142 4345 adsacrum
1151 4287 1312 4370 collegium
1352 4362 1357 4368 ,

233 4378 451 4449 cardinalium
471 4374 585 4452 hahita,
604 4380 784 4455 protestatur
799 4395 818 4437 a
836 4394 868 4438 se
879 4394 1037 4457 nunquam
1056 4378 1092 4444 ad
1113 4389 1313 4470 episcopatum

231 4484 411 4548 admissum
425 4478 464 4539 iri
484 4475 585 4538 ullum
604 4492 709 4537 eorum
730 4478 783 4555 qui
806 4480 904 4540 oscus
922 4483 1000 4543 notis
1012 4483 1083 4545 cleri
1098 4488 1238 4564 gallicani
1260 4512 1314 4559 co·

231 4586 339 4649 mitiis
361 4580 535 4654 interfuere,
550 4583 580 4640 et
601 4575 644 4638 idi
663 4578 753 4659 pestis
767 4577 871 4639 merito
888 4599 908 4643 o
927 4579 1035 4645 Sancto
1051 4584 1126 4650 Sede
1147 4594 1314 4673 reprobetis

230 4687 395 4751 ullatenus
417 4694 580 4753 assensere,
605 4686 634 4740 et
651 4679 705 4759 qni
719 4695 780 4774 non
798 4681 858 4741 sint
870 4680 907 4743 ob
923 4701 956 4745 eo
976 4684 1060 4775 labe
1053 4706 1219 4772 immunes3
1235 4698 1313 4762 nihil

230 4806 265 4851 se
280 4788 324 4849 ab
336 4783 542 4848 emtesiasnca
556 4780 700 4843 libertatis
719 4766 753 4844 ac
763 4783 878 4847 Sancte
893 4785 976 4849 Sedis
995 4770 1179 4855 auctoritatis
1193 4799 1311 4861 tuorrdor

358 4906 391 4954 ιι.
1133 4896 1171 4960 38
