<?xml version="1.0" encoding="UTF-8"?>
<!DOCTYPE html PUBLIC "-//W3C//DTD XHTML 1.0 Transitional//EN"
    "http://www.w3.org/TR/xhtml1/DTD/xhtml1-transitional.dtd">
<html xmlns="http://www.w3.org/1999/xhtml" xml:lang="en" lang="en">
 <head>
  <title>
</title>
<meta http-equiv="Content-Type" content="text/html;charset=utf-8" />
  <meta name='ocr-system' content='tesseract 3.04.00' />
  <meta name='ocr-capabilities' content='ocr_page ocr_carea ocr_par ocr_line ocrx_word'/>
</head>
<body>
  <div class='ocr_page' id='page_1' title='image "./jurisnaturalisu00bensgoog_0628.png"; bbox 0 0 3559 5675; ppageno 0'>
   <div class='ocr_carea' id='block_1_1' title="bbox 455 665 1125 736">
    <p class='ocr_par' dir='ltr' id='par_1_1' title="bbox 455 665 1125 736">
     <span class='ocr_line' id='line_1_1' title="bbox 455 665 1125 736; baseline 0.006 -10"><span class='ocrx_word' id='word_1_1' title='bbox 455 665 515 728; x_wconf 68' lang='lat' dir='ltr'><strong>tito</strong></span> <span class='ocrx_word' id='word_1_2' title='bbox 787 726 794 736; x_wconf 80' lang='grc'><strong>,</strong></span> <span class='ocrx_word' id='word_1_3' title='bbox 863 683 943 729; x_wconf 81' lang='lat' dir='ltr'><strong>runis</strong></span> <span class='ocrx_word' id='word_1_4' title='bbox 964 683 1125 730; x_wconf 70' lang='lat' dir='ltr'><strong>neruosus</strong></span> 
     </span>
    </p>
   </div>
   <div class='ocr_carea' id='block_1_2' title="bbox 411 787 1510 2552">
    <p class='ocr_par' dir='ltr' id='par_1_2' title="bbox 411 787 1507 1366">
     <span class='ocr_line' id='line_1_2' title="bbox 453 787 1502 872; baseline -0.006 -17"><span class='ocrx_word' id='word_1_5' title='bbox 453 792 669 872; x_wconf 77' lang='lat' dir='ltr'><strong>explicavimus</strong></span> <span class='ocrx_word' id='word_1_6' title='bbox 682 792 756 870; x_wconf 82' lang='lat' dir='ltr'><strong>(cap.</strong></span> <span class='ocrx_word' id='word_1_7' title='bbox 772 794 822 868; x_wconf 87' lang='lat' dir='ltr'><strong>tl).</strong></span> <span class='ocrx_word' id='word_1_8' title='bbox 837 791 928 870; x_wconf 87' lang='lat' dir='ltr'><strong>plane</strong></span> <span class='ocrx_word' id='word_1_9' title='bbox 941 790 1061 870; x_wconf 83' lang='lat' dir='ltr'><strong>affixus,</strong></span> <span class='ocrx_word' id='word_1_10' title='bbox 1082 791 1119 853; x_wconf 86' lang='lat' dir='ltr'><strong>cd</strong></span> <span class='ocrx_word' id='word_1_11' title='bbox 1140 791 1318 868; x_wconf 81' lang='lat' dir='ltr'><strong>religionem</strong></span> <span class='ocrx_word' id='word_1_12' title='bbox 1329 789 1416 851; x_wconf 86' lang='lat' dir='ltr'><strong>etiam</strong></span> <span class='ocrx_word' id='word_1_13' title='bbox 1427 787 1502 849; x_wconf 78' lang='lat' dir='ltr'><strong>socia</strong></span> 
     </span>
     <span class='ocr_line' id='line_1_3' title="bbox 454 889 1504 978; baseline -0.004 -25"><span class='ocrx_word' id='word_1_14' title='bbox 454 892 523 954; x_wconf 87' lang='lat' dir='ltr'><strong>liter</strong></span> <span class='ocrx_word' id='word_1_15' title='bbox 541 889 696 954; x_wconf 85' lang='lat' dir='ltr'><strong>colendam</strong></span> <span class='ocrx_word' id='word_1_16' title='bbox 721 898 767 952; x_wconf 89' lang='lat' dir='ltr'><strong>est</strong></span> <span class='ocrx_word' id='word_1_17' title='bbox 788 892 920 954; x_wconf 84' lang='lat' dir='ltr'><strong>naturali</strong></span> <span class='ocrx_word' id='word_1_18' title='bbox 939 893 1113 954; x_wconf 59' lang='lat' dir='ltr'><strong>necessitate</strong></span> <span class='ocrx_word' id='word_1_19' title='bbox 1128 891 1281 970; x_wconf 79' lang='lat' dir='ltr'><strong>alligatrrs,</strong></span> <span class='ocrx_word' id='word_1_20' title='bbox 1303 897 1338 950; x_wconf 94' lang='lat' dir='ltr'>nt</span> <span class='ocrx_word' id='word_1_21' title='bbox 1358 896 1504 978; x_wconf 79' lang='lat' dir='ltr'><strong>constater</strong></span> 
     </span>
     <span class='ocr_line' id='line_1_4' title="bbox 455 977 1505 1068; baseline -0.001 -19"><span class='ocrx_word' id='word_1_22' title='bbox 455 991 493 1052; x_wconf 88' lang='lat' dir='ltr'><strong>iis</strong></span> <span class='ocrx_word' id='word_1_23' title='bbox 510 1008 578 1068; x_wconf 73' lang='lat' dir='ltr'>qun</span> <span class='ocrx_word' id='word_1_24' title='bbox 588 991 627 1053; x_wconf 89' lang='lat' dir='ltr'>de</span> <span class='ocrx_word' id='word_1_25' title='bbox 647 991 732 1052; x_wconf 83' lang='lat' dir='ltr'><strong>cultu</strong></span> <span class='ocrx_word' id='word_1_26' title='bbox 750 992 804 1054; x_wconf 88' lang='lat' dir='ltr'><strong>bci</strong></span> <span class='ocrx_word' id='word_1_27' title='bbox 818 977 941 1054; x_wconf 84' lang='lat' dir='ltr'><strong>externo</strong></span> <span class='ocrx_word' id='word_1_28' title='bbox 955 991 1229 1053; x_wconf 75' lang='lat' dir='ltr'><strong>demonstravimus</strong></span> <span class='ocrx_word' id='word_1_29' title='bbox 1252 989 1331 1050; x_wconf 91' lang='lat' dir='ltr'><strong>libro</strong></span> <span class='ocrx_word' id='word_1_30' title='bbox 1344 990 1365 1046; x_wconf 87' lang='lat' dir='ltr'><strong>t·</strong></span> <span class='ocrx_word' id='word_1_31' title='bbox 1379 989 1463 1066; x_wconf 76' lang='lat'>(559).</span> <span class='ocrx_word' id='word_1_32' title='bbox 1475 1019 1505 1032; x_wconf 94' lang='lat'>-</span> 
     </span>
     <span class='ocr_line' id='line_1_5' title="bbox 454 1089 1506 1169; baseline -0.008 -15"><span class='ocrx_word' id='word_1_33' title='bbox 454 1093 486 1154; x_wconf 73' lang='lat'><strong>2.</strong></span> <span class='ocrx_word' id='word_1_34' title='bbox 508 1089 662 1151; x_wconf 83' lang='lat' dir='ltr'><strong>Socialiter</strong></span> <span class='ocrx_word' id='word_1_35' title='bbox 674 1089 781 1167; x_wconf 78' lang='lat' dir='ltr'><strong>religio</strong></span> <span class='ocrx_word' id='word_1_36' title='bbox 798 1092 928 1152; x_wconf 80' lang='lat' dir='ltr'><strong>exerceri</strong></span> <span class='ocrx_word' id='word_1_37' title='bbox 942 1092 1049 1169; x_wconf 84' lang='lat' dir='ltr'><strong>nequit</strong></span> <span class='ocrx_word' id='word_1_38' title='bbox 1064 1093 1131 1152; x_wconf 89' lang='lat' dir='ltr'><strong>sine</strong></span> <span class='ocrx_word' id='word_1_39' title='bbox 1142 1091 1274 1169; x_wconf 90' lang='lat' dir='ltr'><strong>templis,</strong></span> <span class='ocrx_word' id='word_1_40' title='bbox 1289 1089 1449 1158; x_wconf 85' lang='lat' dir='ltr'><strong>sacrificiis,</strong></span> <span class='ocrx_word' id='word_1_41' title='bbox 1463 1089 1506 1146; x_wconf 89' lang='lat' dir='ltr'><strong>mi·</strong></span> 
     </span>
     <span class='ocr_line' id='line_1_6' title="bbox 454 1187 1507 1267; baseline -0.004 -17"><span class='ocrx_word' id='word_1_42' title='bbox 454 1189 558 1250; x_wconf 89' lang='lat' dir='ltr'><strong>nistris</strong></span> <span class='ocrx_word' id='word_1_43' title='bbox 570 1190 740 1265; x_wconf 71' lang='lat' dir='ltr'><strong>socialibus,</strong></span> <span class='ocrx_word' id='word_1_44' title='bbox 754 1207 810 1250; x_wconf 89' lang='lat' dir='ltr'><strong>seu</strong></span> <span class='ocrx_word' id='word_1_45' title='bbox 823 1189 965 1267; x_wconf 88' lang='lat' dir='ltr'><strong>publicis.</strong></span> <span class='ocrx_word' id='word_1_46' title='bbox 986 1191 1054 1252; x_wconf 77' lang='lat' dir='ltr'><strong>llaec</strong></span> <span class='ocrx_word' id='word_1_47' title='bbox 1070 1197 1172 1252; x_wconf 91' lang='lat' dir='ltr'><strong>antem</strong></span> <span class='ocrx_word' id='word_1_48' title='bbox 1192 1190 1303 1252; x_wconf 84' lang='lat' dir='ltr'><strong>babere</strong></span> <span class='ocrx_word' id='word_1_49' title='bbox 1322 1190 1439 1249; x_wconf 88' lang='lat' dir='ltr'><strong>societas</strong></span> <span class='ocrx_word' id='word_1_50' title='bbox 1458 1187 1507 1247; x_wconf 85' lang='lat' dir='ltr'><strong>nlla</strong></span> 
     </span>
     <span class='ocr_line' id='line_1_7' title="bbox 411 1287 1360 1366; baseline -0.002 -16"><span class='ocrx_word' id='word_1_51' title='bbox 411 1287 415 1293; x_wconf 86' lang='lat'>&#39;</span> <span class='ocrx_word' id='word_1_52' title='bbox 454 1289 560 1366; x_wconf 85' lang='lat' dir='ltr'><strong>nequit</strong></span> <span class='ocrx_word' id='word_1_53' title='bbox 572 1290 639 1350; x_wconf 87' lang='lat' dir='ltr'><strong>sinc</strong></span> <span class='ocrx_word' id='word_1_54' title='bbox 649 1289 810 1350; x_wconf 71' lang='lat' dir='ltr'>socialibus</span> <span class='ocrx_word' id='word_1_55' title='bbox 823 1289 981 1350; x_wconf 80' lang='lat' dir='ltr'><strong>divitiisad</strong></span> <span class='ocrx_word' id='word_1_56' title='bbox 996 1291 1049 1352; x_wconf 87' lang='lat' dir='ltr'><strong>bei</strong></span> <span class='ocrx_word' id='word_1_57' title='bbox 1063 1291 1181 1351; x_wconf 89' lang='lat' dir='ltr'><strong>cultum</strong></span> <span class='ocrx_word' id='word_1_58' title='bbox 1192 1287 1360 1350; x_wconf 87' lang='lat' dir='ltr'><strong>destinatis.</strong></span> 
     </span>
    </p>

    <p class='ocr_par' dir='ltr' id='par_1_3' title="bbox 453 1385 1510 2470">
     <span class='ocr_line' id='line_1_8' title="bbox 494 1385 1508 1465; baseline -0.004 -15"><span class='ocrx_word' id='word_1_59' title='bbox 494 1390 585 1465; x_wconf 79' lang='lat' dir='ltr'><strong>Ergo,</strong></span> <span class='ocrx_word' id='word_1_60' title='bbox 603 1390 680 1450; x_wconf 85' lang='lat' dir='ltr'><strong>sicut</strong></span> <span class='ocrx_word' id='word_1_61' title='bbox 700 1391 802 1451; x_wconf 91' lang='lat' dir='ltr'><strong>omnis</strong></span> <span class='ocrx_word' id='word_1_62' title='bbox 822 1390 959 1450; x_wconf 86' lang='lat' dir='ltr'><strong>hnmana</strong></span> <span class='ocrx_word' id='word_1_63' title='bbox 980 1392 1105 1451; x_wconf 86' lang='lat' dir='ltr'><strong>societas</strong></span> <span class='ocrx_word' id='word_1_64' title='bbox 1125 1389 1217 1450; x_wconf 89' lang='lat' dir='ltr'><strong>habet</strong></span> <span class='ocrx_word' id='word_1_65' title='bbox 1238 1407 1257 1448; x_wconf 92' lang='lat' dir='ltr'><strong>a</strong></span> <span class='ocrx_word' id='word_1_66' title='bbox 1280 1395 1388 1448; x_wconf 89' lang='lat' dir='ltr'><strong>natura</strong></span> <span class='ocrx_word' id='word_1_67' title='bbox 1404 1389 1462 1464; x_wconf 85' lang='lat' dir='ltr'><strong>jus,</strong></span> <span class='ocrx_word' id='word_1_68' title='bbox 1480 1385 1508 1446; x_wconf 86' lang='lat' dir='ltr'><strong>ab</strong></span> 
     </span>
     <span class='ocr_line' id='line_1_9' title="bbox 454 1487 1509 1570; baseline -0.005 -20"><span class='ocrx_word' id='word_1_69' title='bbox 454 1489 538 1550; x_wconf 94' lang='lat' dir='ltr'><strong>omni</strong></span> <span class='ocrx_word' id='word_1_70' title='bbox 557 1489 631 1550; x_wconf 92' lang='lat' dir='ltr'><strong>laica</strong></span> <span class='ocrx_word' id='word_1_71' title='bbox 644 1494 786 1568; x_wconf 70' lang='lat' dir='ltr'><strong>potestate</strong></span> <span class='ocrx_word' id='word_1_72' title='bbox 804 1489 1021 1570; x_wconf 80' lang='lat' dir='ltr'>independens,</span> <span class='ocrx_word' id='word_1_73' title='bbox 1043 1506 1108 1550; x_wconf 87' lang='lat' dir='ltr'><strong>sese</strong></span> <span class='ocrx_word' id='word_1_74' title='bbox 1123 1489 1155 1550; x_wconf 93' lang='lat' dir='ltr'>in</span> <span class='ocrx_word' id='word_1_75' title='bbox 1169 1489 1346 1565; x_wconf 80' lang='lat' dir='ltr'><strong>religiosam</strong></span> <span class='ocrx_word' id='word_1_76' title='bbox 1364 1487 1509 1548; x_wconf 77' lang='lat' dir='ltr'><strong>socictatm</strong></span> 
     </span>
     <span class='ocr_line' id='line_1_10' title="bbox 454 1586 1510 1674; baseline -0.005 -23"><span class='ocrx_word' id='word_1_77' title='bbox 454 1589 655 1667; x_wconf 77' lang='lat' dir='ltr'><strong>congregandi</strong></span> <span class='ocrx_word' id='word_1_78' title='bbox 667 1591 779 1667; x_wconf 82' lang='lat' dir='ltr'><strong>beiqno</strong></span> <span class='ocrx_word' id='word_1_79' title='bbox 791 1589 940 1674; x_wconf 75' lang='lat' dir='ltr'><strong>socialiter</strong></span> <span class='ocrx_word' id='word_1_80' title='bbox 956 1587 1086 1664; x_wconf 88' lang='lat' dir='ltr'><strong>colendi,</strong></span> <span class='ocrx_word' id='word_1_81' title='bbox 1098 1590 1232 1670; x_wconf 87' lang='lat' dir='ltr'><strong>templis,</strong></span> <span class='ocrx_word' id='word_1_82' title='bbox 1247 1589 1411 1660; x_wconf 73' lang='lat' dir='ltr'><strong>menimis,</strong></span> <span class='ocrx_word' id='word_1_83' title='bbox 1425 1586 1510 1648; x_wconf 83' lang='lat' dir='ltr'><strong>minis</strong></span> 
     </span>
     <span class='ocr_line' id='line_1_11' title="bbox 454 1671 1510 1764; baseline -0.002 -18"><span class='ocrx_word' id='word_1_84' title='bbox 454 1687 508 1746; x_wconf 91' lang='lat' dir='ltr'><strong>tris</strong></span> <span class='ocrx_word' id='word_1_85' title='bbox 520 1689 553 1747; x_wconf 92' lang='lat' dir='ltr'>in</span> <span class='ocrx_word' id='word_1_86' title='bbox 564 1687 646 1748; x_wconf 89' lang='lat' dir='ltr'><strong>bunc</strong></span> <span class='ocrx_word' id='word_1_87' title='bbox 658 1679 749 1748; x_wconf 86' lang='lat' dir='ltr'><strong>linem</strong></span> <span class='ocrx_word' id='word_1_88' title='bbox 763 1689 965 1750; x_wconf 85' lang='lat' dir='ltr'><strong>communiter</strong></span> <span class='ocrx_word' id='word_1_89' title='bbox 978 1687 1110 1764; x_wconf 92' lang='lat' dir='ltr'><strong>utendo;</strong></span> <span class='ocrx_word' id='word_1_90' title='bbox 1127 1671 1174 1749; x_wconf 85' lang='lat' dir='ltr'><strong>ita¹</strong></span> <span class='ocrx_word' id='word_1_91' title='bbox 1190 1689 1282 1748; x_wconf 88' lang='lat' dir='ltr'><strong>etiam</strong></span> <span class='ocrx_word' id='word_1_92' title='bbox 1298 1685 1510 1764; x_wconf 84' lang='lat' dir='ltr'>independenter</span> 
     </span>
     <span class='ocr_line' id='line_1_12' title="bbox 454 1783 1509 1867; baseline -0.003 -20"><span class='ocrx_word' id='word_1_93' title='bbox 454 1803 665 1866; x_wconf 86' lang='lat' dir='ltr'><strong>aquacnnque</strong></span> <span class='ocrx_word' id='word_1_94' title='bbox 682 1786 757 1849; x_wconf 84' lang='lat' dir='ltr'><strong>laica</strong></span> <span class='ocrx_word' id='word_1_95' title='bbox 779 1793 921 1866; x_wconf 83' lang='lat' dir='ltr'><strong>potestate</strong></span> <span class='ocrx_word' id='word_1_96' title='bbox 944 1787 1033 1848; x_wconf 92' lang='lat' dir='ltr'><strong>habet</strong></span> <span class='ocrx_word' id='word_1_97' title='bbox 1046 1805 1064 1850; x_wconf 87' lang='lat' dir='ltr'><strong>a</strong></span> <span class='ocrx_word' id='word_1_98' title='bbox 1078 1794 1187 1849; x_wconf 86' lang='lat' dir='ltr'><strong>natura</strong></span> <span class='ocrx_word' id='word_1_99' title='bbox 1200 1789 1266 1867; x_wconf 87' lang='lat' dir='ltr'><strong>ipsa</strong></span> <span class='ocrx_word' id='word_1_100' title='bbox 1286 1789 1344 1864; x_wconf 85' lang='lat' dir='ltr'><strong>jus</strong></span> <span class='ocrx_word' id='word_1_101' title='bbox 1363 1783 1509 1865; x_wconf 87' lang='lat' dir='ltr'><strong>possidendi</strong></span> 
     </span>
     <span class='ocr_line' id='line_1_13' title="bbox 454 1887 1510 1960; baseline -0.003 -11"><span class='ocrx_word' id='word_1_102' title='bbox 454 1888 558 1949; x_wconf 93' lang='lat' dir='ltr'><strong>omnia</strong></span> <span class='ocrx_word' id='word_1_103' title='bbox 571 1887 704 1948; x_wconf 90' lang='lat' dir='ltr'><strong>subsidia</strong></span> <span class='ocrx_word' id='word_1_104' title='bbox 717 1887 756 1949; x_wconf 90' lang='lat' dir='ltr'><strong>ad</strong></span> <span class='ocrx_word' id='word_1_105' title='bbox 778 1887 862 1948; x_wconf 87' lang='lat' dir='ltr'><strong>hunc</strong></span> <span class='ocrx_word' id='word_1_106' title='bbox 875 1889 928 1950; x_wconf 84' lang='lat' dir='ltr'><strong>Dei</strong></span> <span class='ocrx_word' id='word_1_107' title='bbox 948 1888 1065 1950; x_wconf 87' lang='lat' dir='ltr'><strong>cultum</strong></span> <span class='ocrx_word' id='word_1_108' title='bbox 1088 1889 1230 1950; x_wconf 75' lang='lat' dir='ltr'><strong>socialem</strong></span> <span class='ocrx_word' id='word_1_109' title='bbox 1244 1889 1424 1948; x_wconf 83' lang='lat' dir='ltr'><strong>necessaria.</strong></span> <span class='ocrx_word' id='word_1_110' title='bbox 1440 1887 1510 1960; x_wconf 75' lang='lat' dir='ltr'><strong>Ergo,</strong></span> 
     </span>
     <span class='ocr_line' id='line_1_14' title="bbox 453 1986 1510 2067; baseline -0.003 -18"><span class='ocrx_word' id='word_1_111' title='bbox 453 1989 480 2049; x_wconf 91' lang='lat' dir='ltr'><strong>si</strong></span> <span class='ocrx_word' id='word_1_112' title='bbox 504 1988 573 2050; x_wconf 89' lang='lat' dir='ltr'><strong>talis</strong></span> <span class='ocrx_word' id='word_1_113' title='bbox 597 1990 722 2051; x_wconf 89' lang='lat' dir='ltr'><strong>societas</strong></span> <span class='ocrx_word' id='word_1_114' title='bbox 746 1989 907 2051; x_wconf 89' lang='lat' dir='ltr'><strong>bominum</strong></span> <span class='ocrx_word' id='word_1_115' title='bbox 932 1988 1074 2067; x_wconf 75' lang='lat' dir='ltr'><strong>religiosa</strong></span> <span class='ocrx_word' id='word_1_116' title='bbox 1096 1987 1410 2052; x_wconf 79' lang='lat' dir='ltr'><strong>dinnasmatcrlalcs</strong></span> <span class='ocrx_word' id='word_1_117' title='bbox 1430 1986 1510 2048; x_wconf 78' lang='lat' dir='ltr'><strong>divino</strong></span> 
     </span>
     <span class='ocr_line' id='line_1_15' title="bbox 453 2087 1510 2169; baseline -0.004 -20"><span class='ocrx_word' id='word_1_118' title='bbox 453 2087 548 2149; x_wconf 87' lang='lat' dir='ltr'><strong>cultui</strong></span> <span class='ocrx_word' id='word_1_119' title='bbox 563 2088 726 2152; x_wconf 86' lang='lat' dir='ltr'><strong>destinatas</strong></span> <span class='ocrx_word' id='word_1_120' title='bbox 746 2090 882 2167; x_wconf 81' lang='lat' dir='ltr'><strong>acquiret</strong></span> <span class='ocrx_word' id='word_1_121' title='bbox 904 2091 952 2152; x_wconf 85' lang='lat' dir='ltr'><strong>ria</strong></span> <span class='ocrx_word' id='word_1_122' title='bbox 976 2105 1159 2169; x_wconf 86' lang='lat' dir='ltr'><strong>quacunque</strong></span> <span class='ocrx_word' id='word_1_123' title='bbox 1180 2091 1328 2166; x_wconf 81' lang='lat' dir='ltr'><strong>legitima,</strong></span> <span class='ocrx_word' id='word_1_124' title='bbox 1352 2093 1443 2166; x_wconf 90' lang='lat' dir='ltr'><strong>potest</strong></span> <span class='ocrx_word' id='word_1_125' title='bbox 1457 2089 1510 2164; x_wconf 87' lang='lat' dir='ltr'><strong>jore</strong></span> 
     </span>
     <span class='ocr_line' id='line_1_16' title="bbox 454 2189 1510 2270; baseline 0 -22"><span class='ocrx_word' id='word_1_126' title='bbox 454 2189 585 2250; x_wconf 86' lang='lat' dir='ltr'><strong>naturali</strong></span> <span class='ocrx_word' id='word_1_127' title='bbox 601 2206 637 2251; x_wconf 88' lang='lat' dir='ltr'><strong>ac</strong></span> <span class='ocrx_word' id='word_1_128' title='bbox 653 2189 741 2251; x_wconf 89' lang='lat' dir='ltr'><strong>debet</strong></span> <span class='ocrx_word' id='word_1_129' title='bbox 763 2191 819 2251; x_wconf 85' lang='lat' dir='ltr'><strong>has</strong></span> <span class='ocrx_word' id='word_1_130' title='bbox 841 2189 962 2252; x_wconf 82' lang='lat' dir='ltr'><strong>divitias</strong></span> <span class='ocrx_word' id='word_1_131' title='bbox 986 2189 1138 2270; x_wconf 88' lang='lat' dir='ltr'><strong>possidere</strong></span> <span class='ocrx_word' id='word_1_132' title='bbox 1159 2189 1398 2269; x_wconf 84' lang='lat' dir='ltr'><strong>independenter</strong></span> <span class='ocrx_word' id='word_1_133' title='bbox 1416 2205 1434 2248; x_wconf 90' lang='lat' dir='ltr'><strong>a</strong></span> <span class='ocrx_word' id='word_1_134' title='bbox 1450 2203 1510 2263; x_wconf 87' lang='lat' dir='ltr'><strong>qm·</strong></span> 
     </span>
     <span class='ocr_line' id='line_1_17' title="bbox 453 2287 1509 2370; baseline -0.008 -18"><span class='ocrx_word' id='word_1_135' title='bbox 453 2305 576 2369; x_wconf 83' lang='lat' dir='ltr'><strong>cunque</strong></span> <span class='ocrx_word' id='word_1_136' title='bbox 588 2290 664 2352; x_wconf 87' lang='lat' dir='ltr'><strong>laica</strong></span> <span class='ocrx_word' id='word_1_137' title='bbox 675 2297 818 2369; x_wconf 88' lang='lat' dir='ltr'><strong>potestate</strong></span> <span class='ocrx_word' id='word_1_138' title='bbox 823 2314 833 2368; x_wconf 77' lang='lat'><em>3</em></span> <span class='ocrx_word' id='word_1_139' title='bbox 844 2308 925 2369; x_wconf 76' lang='lat' dir='ltr'><strong>qna,</strong></span> <span class='ocrx_word' id='word_1_140' title='bbox 940 2293 1070 2369; x_wconf 90' lang='lat' dir='ltr'><strong>siquam</strong></span> <span class='ocrx_word' id='word_1_141' title='bbox 1084 2309 1192 2354; x_wconf 88' lang='lat' dir='ltr'><strong>earnm</strong></span> <span class='ocrx_word' id='word_1_142' title='bbox 1201 2299 1319 2370; x_wconf 87' lang='lat' dir='ltr'><strong>partem</strong></span> <span class='ocrx_word' id='word_1_143' title='bbox 1333 2289 1392 2350; x_wconf 89' lang='lat' dir='ltr'><strong>sibi</strong></span> <span class='ocrx_word' id='word_1_144' title='bbox 1405 2304 1454 2366; x_wconf 92' lang='lat' dir='ltr'><strong>per</strong></span> <span class='ocrx_word' id='word_1_145' title='bbox 1464 2287 1509 2346; x_wconf 91' lang='lat' dir='ltr'><strong>rin</strong></span> 
     </span>
     <span class='ocr_line' id='line_1_18' title="bbox 454 2385 1187 2470; baseline -0.001 -21"><span class='ocrx_word' id='word_1_146' title='bbox 454 2385 611 2464; x_wconf 85' lang='lat' dir='ltr'><strong>attribuat,</strong></span> <span class='ocrx_word' id='word_1_147' title='bbox 623 2386 803 2470; x_wconf 79' lang='lat' dir='ltr'><strong>rocritepum</strong></span> <span class='ocrx_word' id='word_1_148' title='bbox 815 2389 975 2450; x_wconf 86' lang='lat' dir='ltr'><strong>committit</strong></span> <span class='ocrx_word' id='word_1_149' title='bbox 988 2387 1187 2450; x_wconf 70' lang='lat' dir='ltr'><strong>terminium.</strong></span> 
     </span>
    </p>

    <p class='ocr_par' dir='ltr' id='par_1_4' title="bbox 494 2485 1509 2552">
     <span class='ocr_line' id='line_1_19' title="bbox 494 2485 1509 2552; baseline -0.008 -2"><span class='ocrx_word' id='word_1_150' title='bbox 494 2493 527 2550; x_wconf 77' lang='lat'><strong>2·</strong></span> <span class='ocrx_word' id='word_1_151' title='bbox 547 2490 746 2551; x_wconf 74' lang='lat' dir='ltr'><strong>Necessarium</strong></span> <span class='ocrx_word' id='word_1_152' title='bbox 778 2489 862 2549; x_wconf 87' lang='lat' dir='ltr'><strong>illam</strong></span> <span class='ocrx_word' id='word_1_153' title='bbox 893 2495 1007 2552; x_wconf 80' lang='lat' dir='ltr'><strong>namra</strong></span> <span class='ocrx_word' id='word_1_154' title='bbox 1040 2487 1182 2550; x_wconf 74' lang='lat' dir='ltr'><strong>humanm</strong></span> <span class='ocrx_word' id='word_1_155' title='bbox 1208 2485 1392 2548; x_wconf 81' lang='lat' dir='ltr'><strong>tendentium</strong></span> <span class='ocrx_word' id='word_1_156' title='bbox 1416 2486 1447 2546; x_wconf 87' lang='lat' dir='ltr'><strong>ad</strong></span> <span class='ocrx_word' id='word_1_157' title='bbox 1470 2485 1509 2545; x_wconf 79' lang='lat' dir='ltr'><strong>lici</strong></span> 
     </span>
    </p>
   </div>
   <div class='ocr_carea' id='block_1_3' title="bbox 453 2584 1572 2875">
    <p class='ocr_par' dir='ltr' id='par_1_5' title="bbox 453 2584 1572 2875">
     <span class='ocr_line' id='line_1_20' title="bbox 453 2584 1572 2666; baseline -0.005 -12"><span class='ocrx_word' id='word_1_158' title='bbox 453 2589 568 2654; x_wconf 87' lang='lat' dir='ltr'><strong>cultum</strong></span> <span class='ocrx_word' id='word_1_159' title='bbox 582 2590 731 2652; x_wconf 89' lang='lat' dir='ltr'><strong>socialiter</strong></span> <span class='ocrx_word' id='word_1_160' title='bbox 741 2587 939 2651; x_wconf 84' lang='lat' dir='ltr'><strong>exercendum</strong></span> <span class='ocrx_word' id='word_1_161' title='bbox 960 2589 1110 2666; x_wconf 86' lang='lat' dir='ltr'><strong>Christus,</strong></span> <span class='ocrx_word' id='word_1_162' title='bbox 1133 2589 1338 2659; x_wconf 82' lang='lat' dir='ltr'><strong>llomollcns.</strong></span> <span class='ocrx_word' id='word_1_163' title='bbox 1361 2584 1509 2660; x_wconf 78' lang='lat' dir='ltr'><strong>certislegi·</strong></span> <span class='ocrx_word' id='word_1_164' title='bbox 1571 2645 1572 2648; x_wconf 74' lang='grc'>,</span> 
     </span>
     <span class='ocr_line' id='line_1_21' title="bbox 454 2684 1510 2768; baseline -0.009 -16"><span class='ocrx_word' id='word_1_165' title='bbox 454 2691 512 2752; x_wconf 91' lang='lat' dir='ltr'><strong>bns</strong></span> <span class='ocrx_word' id='word_1_166' title='bbox 524 2689 668 2761; x_wconf 82' lang='lat' dir='ltr'><strong>delinivit,</strong></span> <span class='ocrx_word' id='word_1_167' title='bbox 687 2690 774 2751; x_wconf 83' lang='lat' dir='ltr'><strong>noris</strong></span> <span class='ocrx_word' id='word_1_168' title='bbox 796 2690 950 2768; x_wconf 78' lang='lat' dir='ltr'><strong>preceptis</strong></span> <span class='ocrx_word' id='word_1_169' title='bbox 972 2688 1007 2750; x_wconf 83' lang='lat' dir='ltr'><strong>ad</strong></span> <span class='ocrx_word' id='word_1_170' title='bbox 1031 2705 1121 2751; x_wconf 91' lang='lat' dir='ltr'><strong>omne</strong></span> <span class='ocrx_word' id='word_1_171' title='bbox 1134 2689 1306 2749; x_wconf 89' lang='lat' dir='ltr'><strong>humanum</strong></span> <span class='ocrx_word' id='word_1_172' title='bbox 1326 2703 1422 2765; x_wconf 81' lang='lat' dir='ltr'><strong>genus</strong></span> <span class='ocrx_word' id='word_1_173' title='bbox 1439 2684 1510 2765; x_wconf 87' lang='lat' dir='ltr'><strong>porti·</strong></span> 
     </span>
     <span class='ocr_line' id='line_1_22' title="bbox 453 2788 1507 2875; baseline -0.004 -24"><span class='ocrx_word' id='word_1_174' title='bbox 453 2791 594 2875; x_wconf 81' lang='lat' dir='ltr'><strong>uentibus</strong></span> <span class='ocrx_word' id='word_1_175' title='bbox 614 2789 813 2866; x_wconf 85' lang='lat' dir='ltr'><strong>confirmarit,</strong></span> <span class='ocrx_word' id='word_1_176' title='bbox 842 2788 1077 2870; x_wconf 86' lang='lat' dir='ltr'>independenter</span> <span class='ocrx_word' id='word_1_177' title='bbox 1099 2789 1137 2851; x_wconf 88' lang='lat' dir='ltr'><strong>ab</strong></span> <span class='ocrx_word' id='word_1_178' title='bbox 1158 2789 1243 2850; x_wconf 90' lang='lat' dir='ltr'><strong>omni</strong></span> <span class='ocrx_word' id='word_1_179' title='bbox 1266 2788 1345 2851; x_wconf 84' lang='lat' dir='ltr'><strong>laisa</strong></span> <span class='ocrx_word' id='word_1_180' title='bbox 1370 2792 1507 2871; x_wconf 82' lang='lat' dir='ltr'><strong>potestate,</strong></span> 
     </span>
    </p>
   </div>
   <div class='ocr_carea' id='block_1_4' title="bbox 370 2888 1508 3372">
    <p class='ocr_par' dir='ltr' id='par_1_6' title="bbox 370 2888 1508 3372">
     <span class='ocr_line' id='line_1_23' title="bbox 452 2888 1508 2970; baseline -0.004 -21"><span class='ocrx_word' id='word_1_181' title='bbox 452 2891 527 2968; x_wconf 83' lang='lat' dir='ltr'><strong>quin</strong></span> <span class='ocrx_word' id='word_1_182' title='bbox 545 2892 608 2952; x_wconf 92' lang='lat' dir='ltr'><strong>imo</strong></span> <span class='ocrx_word' id='word_1_183' title='bbox 620 2890 764 2951; x_wconf 88' lang='lat' dir='ltr'><strong>humanis</strong></span> <span class='ocrx_word' id='word_1_184' title='bbox 783 2891 927 2951; x_wconf 89' lang='lat' dir='ltr'><strong>omnibus</strong></span> <span class='ocrx_word' id='word_1_185' title='bbox 948 2890 1143 2970; x_wconf 79' lang='lat' dir='ltr'><strong>potestatibus</strong></span> <span class='ocrx_word' id='word_1_186' title='bbox 1160 2906 1230 2969; x_wconf 76' lang='lat' dir='ltr'><strong>qua</strong></span> <span class='ocrx_word' id='word_1_187' title='bbox 1247 2894 1321 2951; x_wconf 87' lang='lat' dir='ltr'>tnnc</span> <span class='ocrx_word' id='word_1_188' title='bbox 1343 2888 1508 2969; x_wconf 88' lang='lat' dir='ltr'><strong>temporisin</strong></span> 
     </span>
     <span class='ocr_line' id='line_1_24' title="bbox 391 2988 1508 3070; baseline -0.004 -17"><span class='ocrx_word' id='word_1_189' title='bbox 391 3055 396 3063; x_wconf 63' lang='grc'>,</span> <span class='ocrx_word' id='word_1_190' title='bbox 453 2997 513 3053; x_wconf 93' lang='lat' dir='ltr'><strong>toto</strong></span> <span class='ocrx_word' id='word_1_191' title='bbox 527 2997 672 3053; x_wconf 86' lang='lat' dir='ltr'><strong>terranrm</strong></span> <span class='ocrx_word' id='word_1_192' title='bbox 685 2991 758 3052; x_wconf 89' lang='lat' dir='ltr'><strong>orbe</strong></span> <span class='ocrx_word' id='word_1_193' title='bbox 775 2992 923 3068; x_wconf 77' lang='lat' dir='ltr'><strong>rigerent,</strong></span> <span class='ocrx_word' id='word_1_194' title='bbox 936 3009 1027 3070; x_wconf 82' lang='lat' dir='ltr'><strong>quam</strong></span> <span class='ocrx_word' id='word_1_195' title='bbox 1042 2991 1174 3053; x_wconf 84' lang='lat' dir='ltr'><strong>maxime</strong></span> <span class='ocrx_word' id='word_1_196' title='bbox 1184 2990 1409 3051; x_wconf 86' lang='lat' dir='ltr'><strong>obsistentibus.</strong></span> <span class='ocrx_word' id='word_1_197' title='bbox 1422 2992 1453 3049; x_wconf 94' lang='lat' dir='ltr'><strong>ln</strong></span> <span class='ocrx_word' id='word_1_198' title='bbox 1467 2988 1508 3048; x_wconf 80' lang='lat' dir='ltr'><strong>hee</strong></span> 
     </span>
     <span class='ocr_line' id='line_1_25' title="bbox 453 3089 1506 3168; baseline -0.008 -15"><span class='ocrx_word' id='word_1_199' title='bbox 453 3097 554 3153; x_wconf 87' lang='lat' dir='ltr'><strong>autern</strong></span> <span class='ocrx_word' id='word_1_200' title='bbox 568 3091 707 3168; x_wconf 77' lang='lat' dir='ltr'><strong>religiosa</strong></span> <span class='ocrx_word' id='word_1_201' title='bbox 729 3092 869 3152; x_wconf 89' lang='lat' dir='ltr'><strong>societate</strong></span> <span class='ocrx_word' id='word_1_202' title='bbox 886 3092 1053 3153; x_wconf 82' lang='lat' dir='ltr'><strong>universali</strong></span> <span class='ocrx_word' id='word_1_203' title='bbox 1076 3110 1094 3151; x_wconf 92' lang='lat' dir='ltr'><strong>a</strong></span> <span class='ocrx_word' id='word_1_204' title='bbox 1116 3108 1148 3153; x_wconf 90' lang='lat' dir='ltr'><strong>se</strong></span> <span class='ocrx_word' id='word_1_205' title='bbox 1166 3096 1266 3153; x_wconf 79' lang='lat' dir='ltr'><strong>creata</strong></span> <span class='ocrx_word' id='word_1_206' title='bbox 1280 3089 1416 3168; x_wconf 90' lang='lat' dir='ltr'><strong>publicos</strong></span> <span class='ocrx_word' id='word_1_207' title='bbox 1436 3090 1506 3159; x_wconf 90' lang='lat' dir='ltr'><strong>ritus,</strong></span> 
     </span>
     <span class='ocr_line' id='line_1_26' title="bbox 370 3182 1507 3270; baseline -0.004 -17"><span class='ocrx_word' id='word_1_208' title='bbox 370 3245 376 3253; x_wconf 89' lang='lat'><em>.</em></span> <span class='ocrx_word' id='word_1_209' title='bbox 452 3196 637 3251; x_wconf 87' lang='lat' dir='ltr'><strong>sacramenta</strong></span> <span class='ocrx_word' id='word_1_210' title='bbox 659 3189 844 3265; x_wconf 89' lang='lat' dir='ltr'><strong>communia,</strong></span> <span class='ocrx_word' id='word_1_211' title='bbox 867 3190 956 3251; x_wconf 89' lang='lat' dir='ltr'><strong>leslos</strong></span> <span class='ocrx_word' id='word_1_212' title='bbox 976 3189 1040 3251; x_wconf 90' lang='lat' dir='ltr'><strong>dies</strong></span> <span class='ocrx_word' id='word_1_213' title='bbox 1060 3188 1209 3270; x_wconf 87' lang='lat' dir='ltr'><strong>publicos,</strong></span> <span class='ocrx_word' id='word_1_214' title='bbox 1234 3195 1401 3251; x_wconf 84' lang='lat' dir='ltr'><strong>conventus</strong></span> <span class='ocrx_word' id='word_1_215' title='bbox 1425 3182 1507 3266; x_wconf 75' lang='lat' dir='ltr'><strong>populi</strong></span> 
     </span>
     <span class='ocr_line' id='line_1_27' title="bbox 452 3291 1508 3372; baseline -0.006 -20"><span class='ocrx_word' id='word_1_216' title='bbox 452 3292 586 3353; x_wconf 76' lang='lat' dir='ltr'><strong>universi</strong></span> <span class='ocrx_word' id='word_1_217' title='bbox 601 3293 633 3353; x_wconf 95' lang='lat' dir='ltr'><strong>in</strong></span> <span class='ocrx_word' id='word_1_218' title='bbox 647 3292 712 3353; x_wconf 87' lang='lat' dir='ltr'><strong>loca</strong></span> <span class='ocrx_word' id='word_1_219' title='bbox 732 3291 942 3369; x_wconf 85' lang='lat' dir='ltr'><strong>determinata,</strong></span> <span class='ocrx_word' id='word_1_220' title='bbox 965 3308 1089 3372; x_wconf 90' lang='lat' dir='ltr'><strong>precum</strong></span> <span class='ocrx_word' id='word_1_221' title='bbox 1103 3292 1284 3371; x_wconf 85' lang='lat' dir='ltr'><strong>piorumque</strong></span> <span class='ocrx_word' id='word_1_222' title='bbox 1308 3306 1432 3369; x_wconf 89' lang='lat' dir='ltr'><strong>operum</strong></span> <span class='ocrx_word' id='word_1_223' title='bbox 1444 3302 1508 3348; x_wconf 79' lang='lat' dir='ltr'><strong>con-</strong></span> 
     </span>
    </p>
   </div>
   <div class='ocr_carea' id='block_1_5' title="bbox 453 3384 1572 3470">
    <p class='ocr_par' dir='ltr' id='par_1_7' title="bbox 453 3384 1572 3470">
     <span class='ocr_line' id='line_1_28' title="bbox 453 3384 1572 3470; baseline -0.001 -18"><span class='ocrx_word' id='word_1_224' title='bbox 453 3392 628 3452; x_wconf 88' lang='lat' dir='ltr'><strong>mnnionem</strong></span> <span class='ocrx_word' id='word_1_225' title='bbox 642 3384 777 3455; x_wconf 77' lang='lat' dir='ltr'><strong>Christus</strong></span> <span class='ocrx_word' id='word_1_226' title='bbox 791 3391 938 3453; x_wconf 83' lang='lat' dir='ltr'><strong>Dominus</strong></span> <span class='ocrx_word' id='word_1_227' title='bbox 953 3392 1095 3468; x_wconf 87' lang='lat' dir='ltr'><strong>instituit,</strong></span> <span class='ocrx_word' id='word_1_228' title='bbox 1114 3408 1150 3454; x_wconf 89' lang='lat' dir='ltr'><strong>ac</strong></span> <span class='ocrx_word' id='word_1_229' title='bbox 1170 3398 1314 3470; x_wconf 87' lang='lat' dir='ltr'><strong>perpetuo</strong></span> <span class='ocrx_word' id='word_1_230' title='bbox 1331 3390 1438 3451; x_wconf 75' lang='lat' dir='ltr'><strong>servan</strong></span> <span class='ocrx_word' id='word_1_231' title='bbox 1453 3391 1507 3466; x_wconf 88' lang='lat' dir='ltr'><strong>jus·</strong></span> <span class='ocrx_word' id='word_1_232' title='bbox 1571 3424 1572 3451; x_wconf 87' lang='lat' dir='ltr'><strong>l</strong></span> 
     </span>
    </p>
   </div>
   <div class='ocr_carea' id='block_1_6' title="bbox 327 3478 1572 3569">
    <p class='ocr_par' dir='ltr' id='par_1_8' title="bbox 327 3478 1572 3569">
     <span class='ocr_line' id='line_1_29' title="bbox 327 3478 1572 3569; baseline 0.009 -21"><span class='ocrx_word' id='word_1_233' title='bbox 327 3506 330 3513; x_wconf 93' lang='lat'>·</span> <span class='ocrx_word' id='word_1_234' title='bbox 452 3491 502 3550; x_wconf 88' lang='lat' dir='ltr'><strong>sit.</strong></span> <span class='ocrx_word' id='word_1_235' title='bbox 521 3490 618 3569; x_wconf 88' lang='lat' dir='ltr'><strong>Super</strong></span> <span class='ocrx_word' id='word_1_236' title='bbox 630 3490 693 3553; x_wconf 82' lang='lat' dir='ltr'><strong>lime</strong></span> <span class='ocrx_word' id='word_1_237' title='bbox 705 3492 808 3553; x_wconf 90' lang='lat' dir='ltr'><strong>omnia</strong></span> <span class='ocrx_word' id='word_1_238' title='bbox 820 3491 945 3553; x_wconf 89' lang='lat' dir='ltr'><strong>selectos</strong></span> <span class='ocrx_word' id='word_1_239' title='bbox 961 3492 1038 3557; x_wconf 81' lang='lat' dir='ltr'><strong>viros</strong></span> <span class='ocrx_word' id='word_1_240' title='bbox 1057 3491 1255 3569; x_wconf 78' lang='lat' dir='ltr'><strong>ingentihuic</strong></span> <span class='ocrx_word' id='word_1_241' title='bbox 1269 3492 1401 3553; x_wconf 84' lang='lat' dir='ltr'><strong>societati</strong></span> <span class='ocrx_word' id='word_1_242' title='bbox 1414 3488 1506 3567; x_wconf 79' lang='lat' dir='ltr'><strong>guber·</strong></span> <span class='ocrx_word' id='word_1_243' title='bbox 1571 3478 1572 3559; x_wconf 51' lang='grc' dir='ltr'>Ῠ</span> 
     </span>
    </p>
   </div>
   <div class='ocr_carea' id='block_1_7' title="bbox 452 3587 1572 3669">
    <p class='ocr_par' dir='ltr' id='par_1_9' title="bbox 452 3587 1572 3669">
     <span class='ocr_line' id='line_1_30' title="bbox 452 3587 1572 3669; baseline -0.006 -20"><span class='ocrx_word' id='word_1_244' title='bbox 452 3587 560 3649; x_wconf 84' lang='lat' dir='ltr'><strong>nandae</strong></span> <span class='ocrx_word' id='word_1_245' title='bbox 578 3592 749 3669; x_wconf 83' lang='lat' dir='ltr'><strong>preposuit,</strong></span> <span class='ocrx_word' id='word_1_246' title='bbox 771 3590 974 3669; x_wconf 85' lang='lat' dir='ltr'><strong>pulcherrima</strong></span> <span class='ocrx_word' id='word_1_247' title='bbox 994 3592 1152 3651; x_wconf 88' lang='lat' dir='ltr'><strong>constituta</strong></span> <span class='ocrx_word' id='word_1_248' title='bbox 1167 3589 1358 3665; x_wconf 85' lang='lat' dir='ltr'><strong>hierarchia,</strong></span> <span class='ocrx_word' id='word_1_249' title='bbox 1377 3606 1458 3666; x_wconf 83' lang='lat' dir='ltr'><strong>que,</strong></span> <span class='ocrx_word' id='word_1_250' title='bbox 1480 3588 1505 3643; x_wconf 89' lang='lat' dir='ltr'><strong>ut</strong></span> <span class='ocrx_word' id='word_1_251' title='bbox 1571 3624 1572 3637; x_wconf 45' lang='lat' dir='ltr'>r</span> 
     </span>
    </p>
   </div>
   <div class='ocr_carea' id='block_1_8' title="bbox 452 3686 1503 3769">
    <p class='ocr_par' dir='ltr' id='par_1_10' title="bbox 452 3686 1503 3769">
     <span class='ocr_line' id='line_1_31' title="bbox 452 3686 1503 3769; baseline -0.005 -20"><span class='ocrx_word' id='word_1_252' title='bbox 452 3686 579 3749; x_wconf 87' lang='lat' dir='ltr'><strong>articulo</strong></span> <span class='ocrx_word' id='word_1_253' title='bbox 594 3690 747 3767; x_wconf 87' lang='lat' dir='ltr'><strong>superiore</strong></span> <span class='ocrx_word' id='word_1_254' title='bbox 758 3689 902 3764; x_wconf 77' lang='lat' dir='ltr'><strong>vidimus,</strong></span> <span class='ocrx_word' id='word_1_255' title='bbox 917 3689 1026 3769; x_wconf 90' lang='lat' dir='ltr'><strong>triplici</strong></span> <span class='ocrx_word' id='word_1_256' title='bbox 1037 3688 1142 3751; x_wconf 88' lang='lat' dir='ltr'><strong>ordine</strong></span> <span class='ocrx_word' id='word_1_257' title='bbox 1156 3694 1285 3766; x_wconf 76' lang='lat' dir='ltr'><strong>constan,</strong></span> <span class='ocrx_word' id='word_1_258' title='bbox 1297 3692 1429 3752; x_wconf 81' lang='lat' dir='ltr'><strong>Romano</strong></span> <span class='ocrx_word' id='word_1_259' title='bbox 1441 3688 1503 3747; x_wconf 81' lang='lat' dir='ltr'><strong>Pon-</strong></span> 
     </span>
    </p>
   </div>
   <div class='ocr_carea' id='block_1_9' title="bbox 453 3784 1572 3869">
    <p class='ocr_par' dir='ltr' id='par_1_11' title="bbox 453 3784 1572 3869">
     <span class='ocr_line' id='line_1_32' title="bbox 453 3784 1572 3869; baseline -0.003 -21"><span class='ocrx_word' id='word_1_260' title='bbox 453 3787 531 3849; x_wconf 87' lang='lat' dir='ltr'><strong>tilice</strong></span> <span class='ocrx_word' id='word_1_261' title='bbox 551 3787 684 3865; x_wconf 74' lang='lat' dir='ltr'><strong>religiosi</strong></span> <span class='ocrx_word' id='word_1_262' title='bbox 705 3788 798 3865; x_wconf 84' lang='lat' dir='ltr'><strong>huJ‘ns</strong></span> <span class='ocrx_word' id='word_1_263' title='bbox 820 3790 939 3869; x_wconf 88' lang='lat' dir='ltr'><strong>imperii</strong></span> <span class='ocrx_word' id='word_1_264' title='bbox 963 3784 1141 3865; x_wconf 83' lang='lat' dir='ltr'><strong>monarcha,</strong></span> <span class='ocrx_word' id='word_1_265' title='bbox 1156 3790 1311 3868; x_wconf 81' lang='lat' dir='ltr'><strong>Episcopis</strong></span> <span class='ocrx_word' id='word_1_266' title='bbox 1338 3787 1502 3866; x_wconf 78' lang='lat' dir='ltr'><strong>singularum</strong></span> <span class='ocrx_word' id='word_1_267' title='bbox 1571 3794 1572 3809; x_wconf 63' lang='lat'><em>³</em></span> 
     </span>
    </p>
   </div>
   <div class='ocr_carea' id='block_1_10' title="bbox 451 3885 1501 3973">
    <p class='ocr_par' dir='ltr' id='par_1_12' title="bbox 451 3868 1572 3977">
     <span class='ocr_line' id='line_1_33' title="bbox 451 3885 1501 3973; baseline 0.003 -25"><span class='ocrx_word' id='word_1_268' title='bbox 451 3886 625 3949; x_wconf 83' lang='lat' dir='ltr'><strong>dioecesium</strong></span> <span class='ocrx_word' id='word_1_269' title='bbox 651 3888 921 3966; x_wconf 78' lang='lat' dir='ltr'><strong>gnbenratoribns,</strong></span> <span class='ocrx_word' id='word_1_270' title='bbox 951 3890 1154 3973; x_wconf 72' lang='lat' dir='ltr'><strong>presbyteris.</strong></span> <span class='ocrx_word' id='word_1_271' title='bbox 1168 3889 1299 3967; x_wconf 83' lang='lat' dir='ltr'><strong>dcniqne</strong></span> <span class='ocrx_word' id='word_1_272' title='bbox 1336 3885 1501 3966; x_wconf 78' lang='lat' dir='ltr'><strong>singularum</strong></span> 
     </span>
    </p>
   </div>
   <div class='ocr_carea' id='block_1_11' title="bbox 451 3988 842 4069">
    <p class='ocr_par' dir='ltr' id='par_1_13' title="bbox 451 3988 842 4069">
     <span class='ocr_line' id='line_1_34' title="bbox 451 3988 842 4069; baseline -0.003 -19"><span class='ocrx_word' id='word_1_273' title='bbox 451 3988 649 4069; x_wconf 79' lang='lat' dir='ltr'><strong>parociamm</strong></span> <span class='ocrx_word' id='word_1_274' title='bbox 661 3988 842 4068; x_wconf 87' lang='lat' dir='ltr'><strong>pastoribus.</strong></span> 
     </span>
    </p>
   </div>
   <div class='ocr_carea' id='block_1_12' title="bbox 491 4078 1572 4169">
    <p class='ocr_par' dir='ltr' id='par_1_14' title="bbox 491 4078 1572 4169">
     <span class='ocr_line' id='line_1_35' title="bbox 491 4078 1572 4169; baseline 0.001 -18"><span class='ocrx_word' id='word_1_275' title='bbox 491 4090 581 4167; x_wconf 79' lang='lat' dir='ltr'><strong>Atqui</strong></span> <span class='ocrx_word' id='word_1_276' title='bbox 594 4087 717 4151; x_wconf 85' lang='lat' dir='ltr'><strong>evidens</strong></span> <span class='ocrx_word' id='word_1_277' title='bbox 729 4095 775 4151; x_wconf 88' lang='lat' dir='ltr'><strong>cst</strong></span> <span class='ocrx_word' id='word_1_278' title='bbox 796 4089 826 4151; x_wconf 84' lang='lat' dir='ltr'><strong>t.</strong></span> <span class='ocrx_word' id='word_1_279' title='bbox 841 4090 913 4153; x_wconf 87' lang='lat' dir='ltr'><strong>hnic</strong></span> <span class='ocrx_word' id='word_1_280' title='bbox 932 4091 1097 4153; x_wconf 83' lang='lat' dir='ltr'><strong>universali</strong></span> <span class='ocrx_word' id='word_1_281' title='bbox 1119 4091 1252 4153; x_wconf 71' lang='lat' dir='ltr'><strong>emulari</strong></span> <span class='ocrx_word' id='word_1_282' title='bbox 1275 4090 1428 4169; x_wconf 82' lang='lat' dir='ltr'><strong>religiose,</strong></span> <span class='ocrx_word' id='word_1_283' title='bbox 1448 4098 1500 4164; x_wconf 66' lang='lat' dir='ltr'>111¹ae</span> <span class='ocrx_word' id='word_1_284' title='bbox 1571 4078 1572 4087; x_wconf 40' lang='lat'>¹</span> 
     </span>
    </p>
   </div>
   <div class='ocr_carea' id='block_1_13' title="bbox 450 4185 1498 4375">
    <p class='ocr_par' dir='ltr' id='par_1_15' title="bbox 450 4185 1498 4375">
     <span class='ocr_line' id='line_1_36' title="bbox 450 4185 1498 4273; baseline -0.006 -22"><span class='ocrx_word' id='word_1_285' title='bbox 450 4190 581 4251; x_wconf 79' lang='lat' dir='ltr'><strong>Ecclesia</strong></span> <span class='ocrx_word' id='word_1_286' title='bbox 605 4190 726 4266; x_wconf 87' lang='lat' dir='ltr'><strong>dicitnr,</strong></span> <span class='ocrx_word' id='word_1_287' title='bbox 746 4199 777 4253; x_wconf 91' lang='lat' dir='ltr'><strong>et</strong></span> <span class='ocrx_word' id='word_1_288' title='bbox 795 4193 849 4269; x_wconf 75' lang='lat' dir='ltr'><strong>ius</strong></span> <span class='ocrx_word' id='word_1_289' title='bbox 862 4194 1012 4273; x_wconf 89' lang='lat' dir='ltr'><strong>optimum</strong></span> <span class='ocrx_word' id='word_1_290' title='bbox 1028 4210 1093 4255; x_wconf 88' lang='lat' dir='ltr'><strong>esse</strong></span> <span class='ocrx_word' id='word_1_291' title='bbox 1110 4200 1139 4255; x_wconf 88' lang='lat' dir='ltr'><strong>et</strong></span> <span class='ocrx_word' id='word_1_292' title='bbox 1166 4192 1299 4256; x_wconf 83' lang='lat' dir='ltr'><strong>officium</strong></span> <span class='ocrx_word' id='word_1_293' title='bbox 1319 4194 1446 4253; x_wconf 88' lang='lat' dir='ltr'><strong>strictum</strong></span> <span class='ocrx_word' id='word_1_294' title='bbox 1464 4185 1498 4245; x_wconf 88' lang='lat' dir='ltr'><strong>sui</strong></span> 
     </span>
     <span class='ocr_line' id='line_1_37' title="bbox 453 4290 1497 4375; baseline -0.004 -28"><span class='ocrx_word' id='word_1_295' title='bbox 453 4290 546 4367; x_wconf 84' lang='lat' dir='ltr'><strong>ipsius</strong></span> <span class='ocrx_word' id='word_1_296' title='bbox 566 4290 775 4353; x_wconf 81' lang='lat' dir='ltr'><strong>consecrandae</strong></span> <span class='ocrx_word' id='word_1_297' title='bbox 796 4299 827 4353; x_wconf 91' lang='lat' dir='ltr'><strong>et</strong></span> <span class='ocrx_word' id='word_1_298' title='bbox 846 4293 1046 4375; x_wconf 82' lang='lat' dir='ltr'><strong>perficiendae,</strong></span> <span class='ocrx_word' id='word_1_299' title='bbox 1073 4293 1309 4375; x_wconf 87' lang='lat' dir='ltr'>independenter</span> <span class='ocrx_word' id='word_1_300' title='bbox 1331 4291 1368 4355; x_wconf 85' lang='lat' dir='ltr'><strong>ab</strong></span> <span class='ocrx_word' id='word_1_301' title='bbox 1390 4290 1497 4350; x_wconf 86' lang='lat' dir='ltr'><strong>bumana</strong></span> 
     </span>
    </p>
   </div>
   <div class='ocr_carea' id='block_1_14' title="bbox 450 4384 1530 4473">
    <p class='ocr_par' dir='ltr' id='par_1_16' title="bbox 450 4384 1530 4473">
     <span class='ocr_line' id='line_1_38' title="bbox 450 4384 1530 4473; baseline -0.024 -7"><span class='ocrx_word' id='word_1_302' title='bbox 450 4387 586 4465; x_wconf 78' lang='lat' dir='ltr'><strong>qnalibet</strong></span> <span class='ocrx_word' id='word_1_303' title='bbox 605 4396 760 4469; x_wconf 70' lang='lat' dir='ltr'><strong>messae,</strong></span> <span class='ocrx_word' id='word_1_304' title='bbox 774 4394 925 4470; x_wconf 88' lang='lat' dir='ltr'><strong>quinimo</strong></span> <span class='ocrx_word' id='word_1_305' title='bbox 939 4394 1073 4456; x_wconf 90' lang='lat' dir='ltr'><strong>hnmana</strong></span> <span class='ocrx_word' id='word_1_306' title='bbox 1083 4408 1265 4471; x_wconf 65' lang='lat' dir='ltr'><strong>wacunque</strong></span> <span class='ocrx_word' id='word_1_307' title='bbox 1279 4396 1415 4473; x_wconf 80' lang='lat' dir='ltr'><strong>potestate</strong></span> <span class='ocrx_word' id='word_1_308' title='bbox 1425 4384 1497 4448; x_wconf 84' lang='lat' dir='ltr'><strong>inrita</strong></span> <span class='ocrx_word' id='word_1_309' title='bbox 1529 4389 1530 4392; x_wconf 74' lang='grc'>’</span> 
     </span>
    </p>
   </div>
   <div class='ocr_carea' id='block_1_15' title="bbox 450 4484 1495 4774">
    <p class='ocr_par' dir='ltr' id='par_1_17' title="bbox 450 4484 1495 4774">
     <span class='ocr_line' id='line_1_39' title="bbox 451 4484 1495 4559; baseline -0.006 -11"><span class='ocrx_word' id='word_1_310' title='bbox 451 4489 541 4550; x_wconf 89' lang='lat' dir='ltr'><strong>ctiam</strong></span> <span class='ocrx_word' id='word_1_311' title='bbox 556 4495 585 4551; x_wconf 91' lang='lat' dir='ltr'><strong>et</strong></span> <span class='ocrx_word' id='word_1_312' title='bbox 598 4491 773 4555; x_wconf 87' lang='lat' dir='ltr'><strong>reluctante.</strong></span> <span class='ocrx_word' id='word_1_313' title='bbox 801 4496 876 4557; x_wconf 80' lang='lat' dir='ltr'><strong>liam</strong></span> <span class='ocrx_word' id='word_1_314' title='bbox 897 4496 1069 4559; x_wconf 84' lang='lat' dir='ltr'><strong>Delenitus</strong></span> <span class='ocrx_word' id='word_1_315' title='bbox 1091 4503 1120 4557; x_wconf 87' lang='lat' dir='ltr'><strong>et</strong></span> <span class='ocrx_word' id='word_1_316' title='bbox 1143 4495 1254 4555; x_wconf 80' lang='lat' dir='ltr'><strong>animae</strong></span> <span class='ocrx_word' id='word_1_317' title='bbox 1268 4492 1351 4555; x_wconf 88' lang='lat' dir='ltr'><strong>salus</strong></span> <span class='ocrx_word' id='word_1_318' title='bbox 1371 4496 1434 4553; x_wconf 87' lang='lat' dir='ltr'><strong>sunl</strong></span> <span class='ocrx_word' id='word_1_319' title='bbox 1450 4484 1495 4545; x_wconf 89' lang='lat' dir='ltr'><strong>dno</strong></span> 
     </span>
     <span class='ocr_line' id='line_1_40' title="bbox 450 4593 1494 4687; baseline -0.004 -37"><span class='ocrx_word' id='word_1_320' title='bbox 450 4593 580 4653; x_wconf 75' lang='lat' dir='ltr'><strong>nimime</strong></span> <span class='ocrx_word' id='word_1_321' title='bbox 593 4594 732 4655; x_wconf 90' lang='lat' dir='ltr'><strong>omnium</strong></span> <span class='ocrx_word' id='word_1_322' title='bbox 751 4595 887 4687; x_wconf 74' lang='lat' dir='ltr'><strong>numano</strong></span> <span class='ocrx_word' id='word_1_323' title='bbox 908 4598 1011 4675; x_wconf 79' lang='lat' dir='ltr'><strong>generi</strong></span> <span class='ocrx_word' id='word_1_324' title='bbox 1034 4596 1212 4672; x_wconf 81' lang='lat' dir='ltr'><strong>necessaria,</strong></span> <span class='ocrx_word' id='word_1_325' title='bbox 1235 4595 1400 4673; x_wconf 83' lang='lat' dir='ltr'><strong>habentque</strong></span> <span class='ocrx_word' id='word_1_326' title='bbox 1413 4598 1494 4651; x_wconf 79' lang='lat' dir='ltr'><strong>omnes</strong></span> 
     </span>
     <span class='ocr_line' id='line_1_41' title="bbox 450 4687 1492 4774; baseline -0.009 -25"><span class='ocrx_word' id='word_1_327' title='bbox 450 4690 586 4754; x_wconf 87' lang='lat' dir='ltr'><strong>homines</strong></span> <span class='ocrx_word' id='word_1_328' title='bbox 605 4692 815 4771; x_wconf 85' lang='lat' dir='ltr'><strong>plenissimum</strong></span> <span class='ocrx_word' id='word_1_329' title='bbox 837 4702 889 4774; x_wconf 84' lang='lat' dir='ltr'><strong>jns</strong></span> <span class='ocrx_word' id='word_1_330' title='bbox 910 4704 939 4759; x_wconf 86' lang='lat' dir='ltr'><strong>et</strong></span> <span class='ocrx_word' id='word_1_331' title='bbox 959 4696 1090 4769; x_wconf 82' lang='lat' dir='ltr'><strong>officinm</strong></span> <span class='ocrx_word' id='word_1_332' title='bbox 1111 4697 1321 4771; x_wconf 71' lang='lat' dir='ltr'><strong>gravissimum</strong></span> <span class='ocrx_word' id='word_1_333' title='bbox 1344 4687 1492 4755; x_wconf 83' lang='lat' dir='ltr'><strong>hisdnobns</strong></span> 
     </span>
    </p>
   </div>
   <div class='ocr_carea' id='block_1_16' title="bbox 0 0 1784 5675">
    <p class='ocr_par' dir='ltr' id='par_1_18' title="bbox 0 0 1784 5675">
     <span class='ocr_line' id='line_1_42' title="bbox 0 0 1784 5675; baseline 0 1"><span class='ocrx_word' id='word_1_334' title='bbox 0 0 1784 5675; x_wconf 95' lang='lat' dir='ltr'><strong> </strong></span> 
     </span>
    </p>
   </div>
  </div>
 </body>
</html>
