3559 5675
480 750 540 809 3111
883 762 963 809 tuuis
985 763 1144 809 strenuus

480 878 564 931 terre
580 870 754 945 qualitatem
776 876 806 928 et
821 872 1016 947 quantitatem
1034 872 1175 947 possidet,
1191 876 1286 929 tantm
1304 868 1404 929 exinde
1417 868 1522 928 redditus

481 969 630 1047 percipere
650 966 746 1027 dehet.
767 969 800 1027 2ο
815 968 873 1039 Qui
897 970 929 1028 in
944 967 1032 1029 dumo
1054 968 1110 1027 silei
1131 966 1342 1045 comparanda,
1365 966 1523 1047 supellectili,

482 1069 578 1145 equis,
591 1067 740 1135 curribus,
751 1064 874 1125 tenutis
888 1074 919 1127 et
932 1064 1119 1143 hujusmodi,
1132 1074 1228 1125 tantas
1241 1068 1388 1145 impensas
1400 1067 1463 1143 agit,
1474 1074 1525 1125 tait·

482 1176 527 1227 tes
539 1166 674 1227 redditus
685 1181 803 1225 arrianos
816 1164 927 1225 habete
940 1165 1107 1225 credendus
1122 1172 1174 1226 est.
1190 1166 1220 1227 3⁰
1228 1167 1285 1243 Qui
1300 1167 1385 1227 talem
1397 1174 1479 1225 artem
1489 1164 1525 1225 tali

482 1264 547 1326 loce
562 1270 686 1337 exercet,
708 1270 823 1323 tantum
836 1262 969 1341 quotidie
989 1263 1036 1323 vel
1052 1264 1083 1323 in
1105 1263 1241 1339 singulos
1256 1280 1374 1325 menses
1395 1270 1525 1325 autentus

481 1363 590 1425 lucrari
610 1364 694 1423 solet.
714 1364 811 1422 l‘rima
824 1364 878 1421 illa
897 1364 1008 1423 ratione
1028 1363 1211 1423 estimantur
1224 1366 1370 1441 cujusque
1384 1365 1526 1425 lcrluneer

481 1464 591 1523 annuis
615 1461 791 1531 redditibus,
807 1478 883 1537 quus
898 1464 1045 1540 percipere
1066 1480 1101 1521 ex
1122 1464 1184 1521 suis
1205 1463 1308 1523 fundis
1328 1465 1415 1544 prolte
1428 1463 1526 1523 excultis

480 1564 532 1624 ille
543 1562 731 1641 supponitur.
739 1561 875 1621 Secunda
888 1562 1001 1621 ratione
1015 1563 1200 1621 estimantur
1212 1580 1247 1621 ex
1261 1564 1371 1623 annuis
1383 1562 1525 1640 sumptibus

480 1680 557 1739 qnos
575 1662 705 1738 quisque
729 1661 807 1719 lacit.
824 1661 922 1719 Tertia
944 1660 1058 1721 ratione
1078 1662 1264 1721 estimantur
1285 1679 1321 1722 ex
1346 1678 1442 1721 annito
1454 1662 1526 1734 lucre,

480 1760 561 1840 quod
573 1762 682 1836 cuique
699 1775 734 1817 ex
750 1758 833 1819 illius
847 1758 995 1819 industria
1009 1764 1038 1819 el
1052 1758 1153 1821 labere
1166 1762 1311 1839 provenit.
1327 1764 1410 1839 Ergo,
1424 1768 1471 1821 etc.

520 1857 609 1917 tint.
628 1860 694 1917 tus.
712 1855 795 1916 543⁸.
816 1890 846 1899 -
865 1856 987 1916 Tributa
1005 1856 1146 1919 indirecte
1162 1859 1297 1934 quinque
1310 1860 1466 1937 presertim
1479 1874 1528 1919 me-

480 1958 528 2017 dis
540 1956 656 2033 imponi
674 1960 810 2032 possum,
830 1954 944 2015 scilieet
960 1956 1007 2017 vel
1029 1956 1060 2015 in
1078 1958 1274 2033 quantitatem
1288 1960 1443 2025 mercium,
1455 1958 1494 2017 vel
1505 1960 1527 2015 ie

481 2072 586 2123 smum
607 2054 800 2133 qualitatem,
827 2054 875 2113 vel
896 2056 929 2125 in
947 2060 1038 2115 tutem
1060 2054 1263 2132 productionis
1285 2056 1530 2119 iudustriamrtri·

481 2154 634 2212 beurere
656 2152 689 2211 in
702 2151 848 2210 mercium
862 2152 1060 2227 quantitatem
1079 2150 1218 2231 imposita
1233 2162 1362 2231 pessunt
1382 2154 1481 2215 directe
1500 2152 1529 2211 n-

481 2252 567 2312 licere
590 2266 694 2311 earum
714 2248 760 2309 vel
783 2247 1087 2327 productioremve
1110 2250 1362 2331 uamlatioaem,
1380 2254 1430 2315 rel
1452 2252 1531 2313 vendi·

481 2353 603 2411 tionem.

521 2452 662 2511 13010.-
679 2448 1004 2509 lutributisiudirectie
1017 2450 1173 2526 exigendis
1188 2452 1369 2513 vertentes
1385 2470 1402 2512 a
1418 2458 1530 2532 potestate

482 2546 852 2617 exsecutiveadhilieutur,
863 2564 930 2625 quae
946 2548 1047 2611 reduci
1056 2550 1092 2609 ad
1107 2550 1243 2627 quinque
1254 2552 1408 2629 praecipua
1420 2558 1529 2630 pessunt.

480 2648 597 2707 Etenim
612 2662 725 2707 merces
737 2644 848 2721 quibus
861 2646 974 2727 tributa
997 2649 1206 2727 imponuntur,
1231 2651 1357 2726 spectari
1373 2658 1488 2729 pessunt
1498 2650 1532 2707 rel

481 2752 594 2811 ratione
614 2764 717 2809 earum
738 2748 922 2827 quantitatis,
945 2750 993 2809 vel
1009 2750 1120 2811 ratione
1137 2767 1242 2811 esrum
1262 2754 1531 2829 qualitatis,.velra·

481 2853 560 2912 tioue
576 2851 666 2915 tutius
685 2848 840 2908 industrias
857 2865 926 2926 quae
947 2851 1025 2910 eirea
1043 2851 1112 2918 ¹illas
1128 2851 1339 2931 producendas
1360 2863 1414 2916 aut
1435 2868 1533 2930 qunque

479 2951 568 3012 mede
586 2947 788 3010 immutandas
807 2955 952 3009 versetur.

518 3053 583 3111 tam
594 3047 745 3128 quantitas
755 3049 902 3107 niueinm
916 3048 1098 3110 considerari
1112 3057 1207 3128 potest
1218 3053 1265 3112 vel
1279 3053 1355 3114 dum
1368 3069 1475 3116 inertes
1484 3067 1533 3128 pru·

477 3151 643 3223 ducuntur,
657 3146 789 3208 aeidum
804 3145 865 3204 hue
878 3146 951 3206 illuc
964 3149 1207 3228 transvehuntur,
1219 3150 1265 3210 vel
1279 3151 1356 3212 dum
1374 3153 1485 3231 putitiu
1504 3147 1534 3208 di·

479 3251 654 3312 vendentur
669 3267 677 3302 ι
694 3245 774 3306 nihil
787 3246 869 3304 erum
883 3245 1017 3304 medium
1033 3245 1112 3308 inter
1125 3248 1188 3308 haee
1202 3250 1262 3310 tria
1273 3254 1401 3330 reperiri
1416 3267 1493 3330 pesse
1505 3249 1534 3307 vi
1581 3315 1582 3326 χ

478 3351 578 3423 detur,
593 3345 673 3424 quud
689 3345 795 3404 nunad
806 3344 916 3404 horum
933 3345 1023 3406 trium
1038 3347 1160 3423 aliquod
1174 3347 1345 3408 reducatur.

524 3449 666 3510 llerciunr
683 3460 753 3506 vere
773 3444 902 3520 qualitas
926 3445 1034 3504 tributo
1047 3446 1147 3522 alique
1157 3445 1233 3508 allici
1248 3455 1344 3526 petest
1360 3469 1413 3529 per
1425 3463 1535 3512 necesst-

478 3549 554 3610 riam
567 3543 669 3622 eipilti
679 3543 790 3622 pulrllci
812 3540 936 3620 (tinniret
958 3543 1198 3622 impressionem,
1212 3563 1273 3622 qua
1286 3551 1535 3627 meruiscujusque

479 3654 561 3712 certa
574 3645 704 3724 qualitas
717 3643 895 3720 declaretur,
904 3651 933 3702 et
946 3642 982 3704 ad
995 3655 1086 3722 quam
1100 3645 1291 3708 obtinendam
1304 3655 1423 3710 eertum
1435 3643 1534 3721 10011111
1581 3641 1582 3709 i

480 3747 601 3829 publico
614 3745 717 3804 erario
728 3741 906 3802 saliendum
921 3743 970 3800 sit.

520 3848 664 3924 lienique,
679 3842 800 3924 publica
813 3847 941 3918 potestas
963 3841 1199 3905 administrativa
1223 3851 1315 3908 101001
1334 3849 1432 3927 ipsam
1453 3845 1535 3906 indus·

386 3929 392 3943 ’
480 3950 592 4021 triam,
610 3961 678 4022 quae
705 3957 817 4000 merces
836 3940 982 4018 quasdam
1007 3943 1171 4020 producat,
1194 3947 1372 4024 transierat,
1395 3945 1534 4014 divendit,

479 4049 537 4110 silvi
555 4046 609 4106 uui
630 4042 781 4104 vindicare
805 4047 912 4118 potest,
932 4041 1089 4102 elliceeiter
1110 4045 1236 4105 vetando
1257 4051 1287 4106 et
1304 4045 1492 4126 impediendo
1508 4057 1535 4100 ne

478 4149 561 4210 ullus
574 4145 723 4206 sociorum
733 4141 818 4200 illam
833 4141 946 4218 privata
960 4157 1016 4202 sua
1029 4145 1201 4204 auctoritate
1212 4151 1242 4206 et
1253 4147 1285 4206 iu
1299 4149 1449 4225 privatum
1463 4155 1536 4204 suun

477 4245 670 4313 coinmedum
691 4246 825 4302 exerceat
840 4259 848 4300 ;
864 4256 932 4316 quar
951 4241 1074 4318 quidem
1087 4243 1160 4303 ratio
1174 4244 1305 4324 alicujus
1320 4247 1475 4307 industrie
1490 4241 1533 4302 sili

479 4351 532 4410 uni
545 4341 729 4408 reservandae
742 4343 937 4420 vrmcpcttum
959 4342 1137 4422 appellatur.
1157 4347 1352 4424 Perspicuum
1368 4361 1494 4422 namque
1504 4345 1536 4400 esi

479 4463 583 4511 omnes
592 4460 715 4523 quoque
725 4442 867 4502 utilitates
882 4459 917 4500 ex
933 4441 987 4502 tali
1001 4441 1149 4506 industria
1164 4449 1372 4526 provenientes
1390 4447 1444 4508 suli
1458 4449 1535 4524 petes·

479 4551 529 4610 tati
547 4544 789 4608 administrativa
799 4551 869 4602 utne
880 4559 1026 4604 cessuras.

522 4651 756 4712 1101100011.
777 4649 856 4700 1.-
867 4645 1001 4720 Quisque
1018 4646 1103 4706 lacile
1125 4647 1283 4726 intelliget,
1294 4649 1445 4727 judicium
1468 4636 1536 4710 net,

478 4765 551 4832 que,
566 4747 605 4812 ed
620 4743 734 4806 tributa
750 4741 862 4804 directe
875 4745 986 4823 cuique
1001 4747 1081 4810 secio
1095 4747 1339 4826 determinanda,
1355 4749 1441 4812 illius
1458 4745 1535 4811 lurtu-
