3559 5675
446 706 503 768 ttiti
851 717 930 766 auara
950 717 1110 764 uir-ouius

443 830 591 906 quia-paee
603 832 649 890 eat
662 823 866 886 multitudinis
879 826 923 886 eie
932 825 1093 906 operantia.
1108 821 1196 898 Quod
1205 839 1274 886 raro
1284 825 1410 904 poeitira
1419 824 1502 902 hujus

444 925 591 988 individui
604 923 769 1004 conparatio
782 921 868 986 nullo
877 925 1019 1004 peculiari
1029 923 1142 986 indicio
1153 923 1305 1003 probetur,
1322 923 1400 988 nihii
1413 923 1501 1000 mtert

441 1027 514 1107 quia
525 1025 671 1088 societatis
684 1023 827 1086 delictum
841 1041 877 1086 ex
888 1025 1047 1105 hypotheai
1056 1030 1172 1086 certum
1181 1030 1241 1101 cet3
1253 1023 1443 1088 individuum
1452 1041 1503 1086 au·

442 1133 502 1190 mm
524 1125 602 1188 iliud
624 1141 690 1188 ecee
710 1124 804 1202 cuiue
821 1125 968 1186 aocietatie
985 1125 1158 1186 membrum
1171 1125 1281 1204 pariter
1296 1129 1420 1187 condat.
1434 1126 1503 1201 lirqo

436 1224 583 1305 quamdiu
597 1223 649 1286 illa
662 1222 782 1304 publice
793 1239 825 1285 aa
836 1241 854 1285 a
865 1225 934 1284 talia
943 1225 1092 1288 aoeiatatie
1105 1223 1274 1286 intentione
1286 1231 1318 1286 et
1327 1223 1434 1286 madiie
1448 1241 1502 1285 oon

441 1332 569 1406 caperat,
591 1331 636 1386 eet
658 1323 807 1388 socialiter
828 1325 948 1395 cocina,
974 1325 1047 1402 quia
1068 1325 1218 1387 societatis
1237 1325 1503 1402 uolucrumque

440 1427 531 1488 etiam
558 1424 743 1506 delicto-illi,
758 1421 807 1486 rel
825 1424 888 1486 cola
903 1441 960 1485 aua
985 1425 1144 1504 praesentia
1169 1441 1351 1486 cocaenaum
1377 1426 1502 1506 praebuit

440 1527 518 1604 Ergo
538 1541 658 1607 poenam
679 1523 833 1601 socialem,
860 1539 930 1602 qua
948 1524 981 1584 in
999 1523 1393 1604 illumquoqueredundet,
1411 1525 1504 1602 utique

439 1631 570 1688 meretur
585 1643 593 1684 ε
610 1641 704 1703 aqua
718 1624 744 1686 ai
756 1639 788 1686 aa
805 1639 938 1702 auosque
958 1623 1073 1704 eripere
1083 1625 1240 1702 roluiaaet,
1255 1629 1504 1705 aperteeeeecon

437 1733 482 1789 tra
494 1724 918 1804 dalicmmaocialaoppenere
929 1723 1091 1787 debuisset.

477 1829 617 1890 attamen
626 1825 741 1906 pernitie
751 1823 850 1886 delicti
863 1823 985 1886 comalia
997 1830 1029 1886 et
1046 1825 1111 1904 ipae
1134 1824 1226 1887 debet
1237 1827 1358 1893 socialia
1372 1843 1447 1905 aeae,
1458 1828 1505 1888 toti

434 1925 576 1988 uidelicet
583 1925 716 1986 metauri
735 1920 859 1984 inflicta.
884 1925 1035 2001 injuctum
1049 1940 1181 2002 namque
1193 1932 1272 1988 eeeat
1289 1925 1506 1988 individualiter

438 2027 546 2108 punire
567 2023 712 2086 delictum
730 2037 792 2085 non
816 2021 1016 2100 individuale,
1037 2026 1115 2086 sicut
1131 2029 1212 2087 creet
1230 2027 1384 2104 injuctum
1405 2028 1505 2107 punire

439 2125 590 2186 socialiter
602 2121 748 2185 delictam
772 2137 835 2184 non
855 2121 989 2184 sociale:
1013 2123 1150 2202 quiailla
1169 2129 1289 2186 mamm
1299 2141 1441 2206 perrone,
1458 2141 1505 2186 eeu

436 2225 562 2308 physica
583 2239 637 2286 eeu
662 2222 806 2300 moralia,
822 2223 976 2304 punienda
997 2230 1063 2304 eat,
1088 2238 1156 2303 qua
1181 2219 1328 2288 delictum
1351 2225 1504 2290 mmmm

438 2327 528 2403 Ergo,
542 2329 599 2386 etc.

475 2425 546 2488 975.
562 2425 692 2486 Conona.
710 2426 790 2486 1.-
807 2425 991 2501 Quanquam
1010 2422 1127 2484 nemini
1141 2439 1280 2504 unquam
1299 2421 1392 2486 liceat
1415 2424 1507 2486 inacc-

436 2534 496 2590 tam
517 2539 571 2605 pro
584 2529 669 2585 aonia
682 2523 794 2584 directe
807 2523 930 2603 punire,
950 2528 1085 2585 attamen
1097 2539 1202 2603 poenae
1213 2541 1283 2602 qua
1303 2540 1360 2604 per
1376 2523 1506 2586 amidam

388 2699 396 2718 .
435 2641 452 2688 e
474 2625 557 2686 noxii
569 2623 726 2704 punitione
753 2625 785 2683 in
805 2623 943 2684 turonica
960 2622 1143 2699 redundant,
1166 2639 1228 2686 non
1247 2629 1369 2686 tenetur
1392 2625 1507 2686 aocietae

419 2724 581 2804 ,impedire
596 2739 604 2784 ε
618 2728 691 2785 eunt
703 2737 835 2800 namque
849 2722 910 2784 illac
928 2722 1116 2785 inevitabiles
1142 2724 1271 2803 aequata
1289 2723 1394 2786 delicti
1412 2730 1441 2786 et
1456 2741 1507 2803 pu·

433 2827 559 2889 niiionia
568 2824 674 2887 delicto
683 2821 865 2903 indigentia.
877 2824 926 2885 Sic
934 2824 967 2885 in
975 2824 1123 2887 eocieutis
1131 2831 1274 2906 potestate
1283 2826 1413 2887 minime
1422 2827 1506 2889 eitum

435 2934 482 2989 eat
507 2926 653 3007 impedire
674 2940 712 2989 nc
733 2924 856 2987 huonis
875 2925 971 3005 eapite
994 2924 1246 3001 damnatitius,
1273 2928 1330 2987 etei
1354 2929 1505 3003 inuocem,

434 3028 590 3089 horrorem
603 3023 766 3104 quamdam
781 3024 860 3105 apud
872 3026 953 3086 cirea
965 3025 1073 3087 eicitet
1084 3026 1124 3087 ol)
1142 3027 1322 3087 memoriam
1334 3026 1507 3089 delicturum

434 3144 454 3189 a
469 3132 553 3207 patra
565 3124 733 3187 iliiuaolim
745 3124 975 3187 commiaaoruru
990 3149 1001 3204 ς
1014 3142 1053 3187 ne
1062 3124 1178 3208 prodigi
1190 3126 1390 3189 iuueriatiiius
1399 3144 1508 3207 paupe·

324 3236 330 3249 ’
434 3230 511 3289 riam
530 3226 670 3305 patiatur,
694 3226 726 3284 in
751 3236 844 3302 quam
868 3222 964 3303 patria
985 3227 1117 3287 amentia
1139 3230 1294 3304 conjectae
1320 3233 1379 3289 est.
1402 3228 1506 3289 caiam

435 3329 526 3409 piane
539 3324 630 3387 modo
645 3338 707 3385 non
717 3330 762 3384 eat
774 3324 926 3401 integrum
938 3326 1070 3387 societati
1082 3326 1230 3405 impedire
1249 3329 1418 3405 quominue
1432 3326 1507 3389 mul-

436 3434 484 3497 cta
492 3426 702 3509 patrifamiliae
712 3426 839 3501 irrogata
852 3423 985 3489 tiliorum
999 3428 1136 3489 fortunae
1149 3428 1327 3507 imminuat;
1347 3431 1424 3507 quin
1432 3434 1507 3507 ejua

434 3528 504 3591 dem
527 3526 565 3589 ad
584 3526 720 3607 triremaa
733 3524 885 3587 damnatio
907 3528 960 3588 toti
973 3528 1108 3603 familie,
1124 3529 1226 3606 utique
1244 3530 1370 3605 ineunti,
1384 3530 1507 3593 dedecus

435 3628 545 3691 inurat.
559 3627 653 3704 igitur
672 3624 729 3687 hoc
751 3642 848 3688 unum
864 3627 996 3687 societati
1010 3627 1214 3707 prestandum
1228 3634 1284 3701 eat,
1298 3631 1506 3711 miceriaejua·

435 3727 519 3789 rnodi
532 3726 642 3806 aliquia
665 3726 777 3789 modus
801 3726 1112 3809 suppeditanduequo
1127 3727 1175 3789 vei
1189 3728 1303 3791 demna
1323 3732 1368 3791 aio
1391 3729 1508 3809 mlemta

436 3826 678 3901 remmianmai
686 3842 807 3907 peregre
817 3826 1005 3905 emigrando,
1015 3828 1359 3908 pubiicaaeaeinlamia
1370 3830 1507 3911 eripiant.

456 3930 607 3991 'coactu
630 3930 660 3991 ὲ).
677 3958 719 3975 -
733 3926 914 4005 intelligitur
937 3926 1008 3991 inde
1032 3930 1239 4007 querimoniae
1260 3946 1365 3993 eorum
1390 3935 1444 4010 qui
1464 3934 1507 3993 in·

430 4030 546 4107 Juatam
560 4028 759 4090 acbarbarem
774 4027 925 4109 appellant
938 4030 1106 4107 quamlibet
1118 4029 1216 4107 legem
1237 4032 1505 4094 communicationis

430 4146 595 4208 pacorum,
611 4144 806 4208 naquaquam
816 4144 883 4190 esse
892 4129 959 4191 aine
968 4128 1106 4207 diligenti
1115 4131 1255 4191 examine
1267 4132 1299 4192 in
1306 4132 1430 4195 meiana
1442 4152 1505 4213 par·

434 4230 613 4293 tioularibua
625 4228 823 4308 excipiendas.
840 4230 1007 4290 Praesertim
1019 4246 1103 4303 raro,
1119 4230 1173 4292 ubi
1186 4230 1282 4293 civilis
1292 4235 1503 4309 auctoritem

433 4328 575 4411 prudenti
590 4327 756 4390 reverentia
776 4344 848 4405 erga
861 4345 947 4391 acore
963 4328 1136 4393 domestica
1158 4332 1306 4393 societatia
1328 4334 1503 4413 penetralia,

433 4432 471 4492 ai>
485 4430 611 4491 internis
629 4428 814 4490 iamilierum
835 4431 971 4492 moribua
982 4424 1179 4513 inspiciendis
1197 4434 1338 4509 abaduct,
1358 4452 1416 4497 nec
1428 4435 1500 4515 apud

432 4530 515 4604 illac,
531 4530 588 4590 niti
603 4528 755 4609 apricatia
768 4528 938 4605 advocatur,
955 4548 987 4591 ee
999 4532 1120 4609 ingerit,
1132 4531 1255 4593 eridena
1266 4541 1311 4598 eet
1321 4536 1451 4613 privatos
1465 4537 1503 4613 ip

430 4646 482 4694 eoa
503 4632 715 4694 communione
739 4632 922 4695 damnorum
946 4634 1170 4697 tolerandorum
1193 4649 1258 4697 eoae
1286 4637 1450 4718 urgendos,
1474 4644 1504 4695 ut

443 4740 511 4794 cira
521 4730 699 4795 domesticoe
707 4734 833 4814 parietes
844 4732 1013 4797 societatem
1023 4733 1272 4813 aquoriedaiiatu
1282 4735 1338 4815 ipai
1352 4742 1500 4797 tueantur.
