3559 5675
478 729 537 792 tbi
887 745 967 794 runis
988 746 1149 814 seruatus
1223 707 1231 712 ’

477 853 559 914 enirn
574 852 697 932 impune
710 850 849 928 quisquis
859 851 1067 930 possitdelicti
1083 853 1318 917 contaminatione
1332 855 1530 930 aduersarium,

477 949 959 1030 autpaoatumquempiamcivem
970 958 1093 1028 terrere,
1101 970 1193 1032 prava
1205 953 1271 1018 bac
1282 957 1378 1023 animi
1387 956 1532 1036 dispositio,

478 1047 1073 1128 etpravavoluntatismanifestatioutiiis
1084 1053 1354 1131 proiectoemultis
1358 1053 1532 1132 judicabitur.

479 1153 568 1233 ntqui
589 1151 713 1212 societas
726 1149 813 1210 debet
826 1150 936 1230 punire
950 1151 1031 1229 quod
1050 1150 1203 1230 publicam
1216 1155 1264 1216 sel
1286 1154 1429 1234 privatam
1440 1156 1533 1216 civium

477 1253 724 1334 tranquillitatem
746 1256 775 1312 et
794 1251 983 1313 securitatem
1006 1252 1158 1332 perturbat
1164 1269 1175 1330 ;
1191 1254 1280 1316 debet
1298 1257 1405 1335 punire
1418 1255 1489 1334 quod
1504 1256 1533 1316 ad

474 1355 659 1438 judiciorum
676 1349 884 1413 rectitudinem
910 1351 941 1411 to
967 1352 1056 1412 sociis
1080 1355 1308 1432 pervertendam
1329 1357 1422 1421 tendit
1442 1355 1532 1434 (err).

478 1459 556 1534 Ergo
568 1468 630 1515 non
644 1449 743 1511 solum
757 1449 846 1512 debet
860 1450 984 1512 societas
997 1453 1174 1532 opportunis
1190 1455 1318 1518 cautelis
1336 1462 1436 1517 centra
1452 1453 1533 1516 delicti

477 1551 740 1622 comminationem
755 1566 918 1628 scenaque
933 1550 1068 1615 membru
1080 1555 1171 1629 tueri,
1186 1553 1343 1618 sedetiam
1355 1553 1443 1617 debet
1463 1571 1532 1617 mm·

477 1655 672 1720 minationem
683 1651 781 1731 ipsam
795 1649 915 1729 punire.

518 1759 612 1820 Paos.
633 1756 666 1814 2·
680 1765 766 1814 raus.
784 1781 824 1794 -
839 1749 951 1810 Omnes
961 1748 1074 1826 padus
1085 1753 1284 1816 exsecutionis
1296 1754 1351 1833 qui
1366 1755 1442 1816 inter
1451 1754 1532 1817 delict

475 1841 680 1924 committendi
702 1849 888 1931 propositum
909 1849 1036 1930 ejusque
1054 1849 1179 1913 totalem
1191 1855 1414 1918 exsecutionem
1426 1857 1531 1920 interce-

476 1959 564 2032 dunt,
582 1956 611 2018 l⁰
629 1957 701 2014 sunt
718 1950 842 2012 totidem
855 1958 941 2012 actus
952 1952 1098 2028 majorem
1111 1968 1146 2014 ac
1159 1955 1306 2033 maiorem
1319 1957 1465 2020 malitiam
1475 1973 1532 2020 con·

476 2065 616 2136 timentes,
631 2059 683 2116 aut
698 2051 800 2114 saltem
815 2057 936 2112 externe
947 2051 1187 2133 manifestantem
1199 2057 1232 2116 2·
1242 2063 1314 2118 sunt
1325 2058 1447 2120 totidem
1464 2065 1530 2121 actu

475 2180 528 2247 per
540 2173 616 2238 quos
629 2153 666 2216 ad
688 2154 834 2230 integram
846 2150 947 2212 delicti
966 2153 1181 2215 exsecutionem
1193 2160 1224 2216 et
1234 2157 1358 2237 propius
1376 2159 1531 2239 etprobabi

468 2263 535 2326 iius
549 2253 716 2328 acceditur3
729 2251 762 2312 3⁰
774 2255 845 2310 sunt
859 2248 981 2311 totidem
1002 2249 1113 2328 gradus
1133 2269 1186 2332 per
1203 2269 1280 2332 quos
1293 2258 1433 2334 magicae
1452 2261 1531 2335 magis

476 2360 640 2446 proborum
654 2353 766 2415 civium
780 2350 934 2422 securitas,
947 2349 1140 2412 scelestorum
1152 2351 1268 2416 delictis
1276 2355 1424 2436 impetita,
1435 2359 1532 2438 pericti-

474 2469 565 2528 tatur.
580 2455 671 2534 atqui
685 2458 782 2514 rectus
794 2449 867 2512 ordo
874 2450 1014 2528 postulat,
1023 2456 1058 2510 ut
1075 2452 1171 2528 aanor
1189 2469 1278 2532 prena
1289 2459 1398 2536 majori
1410 2459 1441 2520 iu
1453 2459 1531 2520 delin-

473 2559 591 2642 quendo
602 2549 827 2636 perseverantia
839 2554 1016 2641 opponatur,
1026 2555 1117 2627 atque
1129 2557 1164 2612 ut
1182 2551 1234 2614 ille
1247 2557 1302 2633 qni
1319 2559 1419 2636 primo
1429 2575 1531 2621 exmu-

470 2661 563 2724 tionis
575 2655 670 2736 gradu
690 2649 864 2728 deliquerit,
879 2651 993 2726 majore
1007 2665 1095 2729 poena
1109 2649 1274 2730 infligenda
1289 2659 1423 2720 mcundo
1441 2659 1529 2738 gradu
1590 2682 1591 2685 ¹

467 2761 671 2826 absterreatur
684 2753 721 2816 ab
737 2749 878 2812 ulteriore
889 2746 988 2810 delicti
1002 2752 1201 2814 msmnnone.
1216 2755 1305 2835 Ergo,
1317 2765 1376 2820 etr„

511 2866 606 2924 Paeo.
632 2858 664 2919 3·
688 2868 822 2917 anns·
836 2848 984 2913 Delictum
997 2848 1102 2913 ellectu
1127 2870 1231 2917 careus
1253 2858 1392 2923 eamdem
1405 2860 1530 2923 moralem

472 2962 620 3027 malitiam
632 2956 774 3029 continet,
787 2950 984 3028 eamdemque
1001 2950 1102 3011 sociali
1122 2956 1272 3017 seerrritatt
1291 2961 1529 3038 perturbationem
1590 2979 1591 3006 i

471 3061 557 3125 sliert
576 3075 610 3121 ac
629 3056 773 3119 delictum
792 3052 880 3135 piane
905 3056 1159 3114 comummatum.
1173 3055 1311 3118 attamen
1330 3059 1473 3123 damnum
1489 3061 1530 3121 de·

471 3156 541 3224 licto
552 3164 674 3241 partum
685 3152 899 3215 multominus
917 3156 962 3211 est
973 3168 1028 3231 per
1038 3151 1187 3231 accidens,
1203 3171 1297 3232 mam
1310 3159 1338 3219 si
1348 3178 1398 3223 res
1408 3176 1529 3244 prospere

468 3259 657 3339 delinquenti
666 3254 813 3318 cessisset.
824 3249 915 3330 aqut
929 3266 1018 3331 poeus
1026 3251 1115 3314 debet
1128 3268 1199 3316 cum
1210 3260 1402 3338 proportione
1411 3262 1446 3323 ad
1459 3262 1529 3323 dam·

469 3378 545 3425 num
559 3360 675 3419 illatum
687 3352 905 3415 accommodari
919 3350 1008 3429 (960).
1020 3354 1098 3429 drgo
1110 3358 1207 3433 potest
1228 3356 1317 3417 etiam
1336 3374 1428 3440 poena
1445 3360 1529 3421 immi·

468 3464 523 3525 nui
535 3476 588 3541 pro
599 3457 714 3518 ratione
732 3452 858 3514 minoris
870 3451 984 3513 damni.
999 3454 1096 3531 rttqne
1120 3454 1160 3515 ita
1174 3455 1225 3517 liet
1243 3463 1278 3517 ut
1291 3474 1449 3538 poenarum
1475 3476 1529 3539 pro·
1590 3481 1591 3562 p

467 3562 620 3644 portiones
639 3574 674 3618 eo
690 3570 809 3633 semper
830 3558 975 3632 spectent,
989 3560 1024 3613 ut
1045 3552 1163 3615 bomini
1182 3558 1294 3635 cuique
1312 3560 1387 3624 utile
1414 3562 1527 3635 sitnon

468 3654 659 3725 solummodo
669 3654 792 3717 nullum
805 3654 921 3713 crimen
932 3651 1022 3730 plane
1033 3654 1232 3732 committere,
1244 3657 1298 3719 sed
1308 3659 1429 3723 etiama
1440 3659 1527 3723 crimi-

469 3762 517 3823 nis
530 3756 640 3837 incepti
653 3760 684 3815 et
697 3751 834 3815 noudum
849 3750 936 3831 plane
950 3752 1152 3813 consummati
1165 3758 1353 3821 exsecutione
1367 3760 1401 3821 in
1409 3774 1528 3839 quocun·

469 3874 529 3940 que
544 3856 627 3917 illius
643 3858 755 3935 puncto
767 3850 921 3925 desistere,
931 3854 961 3909 et
974 3848 1073 3911 delicti
1081 3850 1172 3931 plane
1183 3860 1387 3937 consummati
1403 3858 1526 3921 mmmm

467 3978 485 4021 a
502 3970 683 4037 quacumque
694 3968 783 4015 musa
795 3949 932 4030 impediri
948 3964 957 4007 ε
977 3950 1021 4011 sic
1034 3951 1124 4011 etiam
1137 3952 1189 4014 liet
1201 3962 1237 4015 ut
1249 3958 1372 4021 rationis
1385 3966 1416 4021 et
1430 3958 1523 4021 utilio·

465 4062 503 4122 tis
518 4058 710 4122 incitamenta
723 4050 828 4113 eodem
841 4049 1005 4112 coltiment.

507 4160 601 4221 Pace.
619 4154 650 4216 4·
666 4168 742 4216 rens
752 4150 895 4213 teciltime
907 4166 944 4211 ex
957 4149 1044 4213 dictis
1056 4167 1088 4213 n.
1101 4152 1201 4215 nocet
1213 4155 1264 4218 hic
1277 4158 1309 4219 in
1322 4160 1361 4220 3·
1372 4162 1525 4240 partispro

467 4258 654 4323 batione·
672 4251 790 4315 Etenim
814 4249 957 4311 delictum
971 4250 1062 4329 plane
1080 4264 1322 4319 consumma-tum
1345 4264 1375 4320 et
1394 4261 1524 4336 integram

465 4358 555 4422 bibet
566 4351 710 4417 moralem
729 4350 829 4410 delicti
843 4349 1001 4422 malitiam,
1017 4356 1046 4411 et
1057 4352 1160 4412 omnia
1173 4353 1285 4416 damna
1296 4358 1442 4436 producit,
1459 4358 1524 4431 Ergo

464 4460 565 4524 omnia
579 4454 673 4518 simul
685 4452 794 4515 adsunt
810 4467 877 4530 qua
893 4453 1058 4529 morionem
1074 4456 1262 4532 punitionem
1275 4460 1437 4537 postulant.

505 4563 599 4623 Paos.
617 4558 747 4617 emme.
769 4586 807 4597 ·-
836 4556 864 4613 1⁰
882 4554 925 4613 ido
943 4556 1041 4631 major
1052 4570 1141 4631 piena
1163 4564 1267 4618 eontra
1290 4558 1430 4621 delictum
1454 4556 1524 4620 adli

463 4658 562 4725 benda
586 4662 649 4733 est,
678 4670 739 4734 quo
759 4656 857 4732 major
874 4660 919 4713 est
944 4652 1027 4713 itlius
1051 4652 1234 4734 impediendi
1258 4658 1430 4722 difficultas.
1447 4654 1522 4734 Atqui

464 4762 561 4823 nutrito
575 4757 726 4819 difficilius
739 4762 783 4817 eat
799 4755 906 4814 delicta
920 4754 1084 4813 tiabitnalia
1098 4772 1151 4815 sen
1166 4759 1296 4820 recinit-a
1305 4762 1456 4841 impedire,
1469 4766 1520 4817 trin
