3559 5675
486 665 494 675 ·
560 664 668 711 susus.
692 681 730 697 -
752 665 839 713 essm
859 666 1047 713 ooousmrms.
1292 654 1347 716 53i

286 785 360 829 mem
379 767 576 829 calamitatem
589 769 690 831 adhuc
707 769 832 833 adhibet
847 770 884 832 ad
907 772 1034 852 populos
1055 771 1130 833 olim
1153 772 1284 835 maxime
1297 791 1351 835 ca-

284 870 404 931 tholicos
419 869 665 950 corrumpendos.

319 970 447 1030 (onom.
468 969 499 1031 l.
512 1000 552 1015 -
563 971 750 1049 turpissime
763 971 917 1051 desipiunt
937 973 959 1032 ii
980 974 1150 1051 scriptores,
1164 974 1218 1051 qui
1232 990 1264 1034 se
1275 973 1348 1052 phi·

282 1068 414 1146 losophos
438 1068 612 1148 appellent,
643 1075 675 1130 et
696 1086 775 1148 quos
797 1070 942 1151 sophistas
966 1071 1092 1133 dicendo
1119 1088 1174 1133 nos
1202 1072 1348 1135 lenissimi

282 1170 398 1245 erimus,
423 1169 498 1229 dum
521 1186 556 1231 ea
575 1186 643 1247 que
665 1171 697 1230 in
718 1170 880 1232 christiana
904 1170 1039 1233 docmina
1057 1171 1202 1233 divinitus
1222 1172 1351 1235 revelata

278 1272 338 1345 jam
352 1269 554 1345 continentur,
569 1270 683 1332 audent
695 1271 833 1333 ridiculis
846 1272 911 1333 suis
934 1272 1099 1333 ratiociniis
1116 1272 1350 1350 vanissimisque

281 1369 539 1447 disceptationibus
555 1371 714 1448 subjicere.
728 1372 869 1434 incidunt
889 1372 972 1434 enim
987 1370 1020 1432 iri
1034 1371 1171 1433 camdem
1190 1388 1261 1434 cum
1281 1389 1350 1451 pro·

282 1470 446 1531 testantibus
460 1472 621 1549 insaniam,
636 1490 734 1551 quum
746 1471 830 1553 suctu
844 1472 983 1551 quedam
995 1472 1101 1535 nolunt
1114 1471 1237 1534 aliunde
1256 1490 1348 1551 quam

279 1590 312 1633 es
324 1575 501 1635 testimoniis
523 1578 701 1655 conquisitis
716 1578 832 1653 riteque
855 1576 1028 1657 ponderatis
1049 1592 1247 1655 cognoscere5
1267 1576 1348 1653 quod

278 1690 363 1749 quam
385 1675 424 1734 sit
449 1676 587 1754 ineptum
608 1681 638 1736 et
659 1675 848 1748 absurdum,
878 1692 970 1756 snpra
987 1678 1054 1752 jem
1078 1674 1349 1737 demonstravimus

281 1772 375 1849 (1313,
390 1775 479 1853 proh.
500 1778 531 1834 1·
545 1792 627 1857 pars,
639 1775 696 1853 4⁰).
712 1779 779 1852 Quo
792 1776 858 1837 heri
869 1793 990 1839 neeesse
1003 1783 1059 1854 est,
1070 1781 1105 1836 ut
1117 1777 1273 1837 veritatem
1287 1776 1350 1838 illic

277 1880 435 1949 querentes
452 1876 506 1937 uhi
517 1876 604 1937 noha
617 1879 682 1955 ejus
699 1878 812 1938 indicis
832 1882 1008 1957 suppetunt,
1027 1893 1146 1955 semper
1157 1877 1350 1955 queritantes

277 1974 347 2035 nihil
361 1975 409 2037 isti
422 1992 563 2055 unquam
576 1978 743 2039 inveniant.
764 1976 912 2053 «viderit,
924 1980 966 2039 ait
978 1978 1142 2039 acerrimus
1155 1978 1203 2039 ille
1216 1978 1285 2039 hier
1297 1976 1347 2055 (c),
1461 1972 1465 1979 '

276 2075 324 2149 qui
346 2077 457 2152 querit
476 2093 611 2156 semper,
625 2078 700 2155 quia
720 2093 783 2138 non
805 2078 944 2138 inuenit:
960 2076 1025 2139 illic
1044 2078 1125 2138 enim
1153 2076 1272 2154 querit,
1296 2074 1349 2137 uhi

276 2188 331 2233 non
350 2175 533 2237 invenietur.
551 2176 662 2238 Viderit
674 2178 729 2255 qui
741 2193 862 2257 semper
875 2176 997 2255 pulset,
1012 2177 1085 2254 qnia
1104 2191 1263 2253 nunquam
1280 2192 1349 2254 ape·

276 2273 386 2335 rietur:
407 2276 476 2337 illic
498 2277 581 2337 enim
604 2277 723 2355 pulsat,
749 2276 803 2338 uhi
824 2292 915 2337 nemo
938 2281 994 2335 est.
1020 2274 1133 2336 Viderit
1154 2275 1206 2351 qui
1232 2290 1351 2352 semper

277 2374 359 2449 petit,
387 2378 466 2455 qnia
494 2393 652 2455 nunquam
680 2377 840 2454 audietnr3
867 2376 906 2438 ah
928 2392 963 2437 eo
986 2375 1068 2437 enim
1091 2373 1183 2453 petit,
1210 2359 1350 2450 quinon

278 2471 394 2535 audit.»

313 2576 423 2653 Regula
436 2576 564 2654 quidem
581 2578 649 2639 fidei
664 2579 789 2639 tirmiter
802 2583 927 2649 reeca.
939 2592 1100 2656 possumus
1115 2575 1212 2637 multe
1225 2576 1349 2637 mrutari

278 2673 434 2754 dequibus
448 2696 482 2739 ee
495 2678 574 2738 nihil
590 2680 704 2753 statuit,
719 2678 817 2739 multa
829 2679 920 2739 etiam
930 2677 1281 2757 pervestigare,quorum
1294 2676 1350 2736 etsi

279 2776 420 2840 rentetem
437 2779 492 2840 illa
511 2779 636 2854 docem,
650 2778 775 2840 modum
798 2784 898 2840 emen
920 2792 982 2839 nou
1005 2776 1118 2839 definit.
1137 2778 1174 2837 tt
1186 2792 1256 2837 nero
1269 2773 1349 2856 apud

278 2875 424 2942 hereticos
447 2886 477 2942 et
499 2880 637 2942 heretice
659 2878 801 2942 methodo
821 2879 925 2940 hecna
946 2877 1112 2956 prudenter
1131 2877 1245 2954 inquiri
1263 2891 1349 2956 posse

279 2977 504 3040 existimamus?
519 2981 625 3059 ohpud
634 2980 799 3054 hereneus,
810 2977 976 3039 uhiomnia
985 2981 1128 3037 extranee
1139 2980 1169 3035 et
1183 2974 1351 3036 adversarie

279 3087 379 3141 nostre
390 3081 521 3157 veriuti,
532 3080 569 3142 ad
580 3097 657 3159 quos
666 3089 804 3142 remmus
814 3077 952 3141 accedere
961 3081 1012 3140 1...
1024 3076 1099 3151 Quis
1109 3075 1199 3136 miles
1210 3075 1248 3136 ah
1263 3074 1349 3134 inite·

278 3175 391 3258 demtis,
406 3197 450 3240 ne
466 3178 565 3241 diram
582 3179 619 3241 ah
638 3179 776 3240 hostibus
791 3178 915 3256 regibus
932 3177 1110 3239 donadeum
1123 3181 1153 3237 et
1165 3173 1350 3253 stipendium

277 3285 377 3357 captat,
392 3281 454 3340 nisi
469 3278 557 3359 plane
570 3281 702 3344 desertor
721 3286 752 3341 et
765 3278 922 3356 hensluga
935 3285 964 3340 et
976 3277 1098 3366 rebellis
1107 3281 1158 3340 1...
1174 3277 1351 3350 eremmus

278 3381 385 3456 erqoio
399 3386 579 3442 nostroeta
593 3382 747 3442 nostriset
767 3381 805 3442 de
827 3385 953 3441 nostro:
970 3378 1060 3456 idque
1075 3378 1241 3451 dumtaxat,
1256 3374 1349 3453 quod,

278 3480 352 3542 satra
364 3481 474 3559 regula
487 3483 567 3561 ttdei,
581 3487 677 3561 potest
690 3482 723 3542 in
735 3481 934 3559 questionem
947 3479 1088 3544 devenire
1105 3478 1156 3558 (ὁ).
1169 3500 1185 3536 n

314 3583 502 3662 Quapropter
522 3581 643 3644 librum
662 3581 738 3643 illud
757 3599 897 3656 enomere,
918 3580 956 3642 de
969 3596 1031 3658 quo
1044 3584 1196 3659 tantopere
1211 3579 1349 3658 sophista

278 3680 440 3755 gloriantur
455 3684 629 3762 (1310,not.
644 3683 685 3764 a),
697 3683 784 3746 nulio
793 3680 968 3763 pactoquod
983 3679 1124 3742 effutiunt
1138 3679 1349 3755 intelligentes,

279 3785 443 3846 merissima
457 3786 575 3846 insanie
588 3780 643 3847 estss

314 3885 445 3948 Cenem.
460 3887 490 3948 5.
506 3921 546 3934 -
559 3890 663 3962 Quum
677 3892 771 3963 mota,
786 3893 908 3962 tamque
919 3889 1021 3962 aperta
1039 3887 1069 3942 et
1081 3880 1204 3942 evidens
1218 3880 1258 3940 sit
1278 3895 1349 3958 pro·

278 3989 451 4050 testantismi
466 3989 636 4051 stultitiast
653 3989 781 4059 insanie,
796 4003 858 4066 que
879 3986 971 4062 igitur
989 3983 1103 4044 ratione
1116 3980 1180 4042 lieri
1194 3983 1300 4060 potest,
1315 3982 1351 4037 nt

280 4102 343 4149 earn
367 4107 430 4151 non
442 4093 530 4169 pauci
544 4091 684 4152 homines
697 4094 785 4151 acuto
798 4088 921 4165 ingenio
934 4081 1047 4165 prediti
1055 4129 1064 4162 ,
1077 4083 1225 4143 honarum
1239 4081 1350 4141 artium

281 4190 384 4253 studiis
395 4192 517 4271 exculti,
538 4189 937 4276 minimeanimedvertantt
959 4183 1121 4261 Questioni
1140 4181 1211 4242 huic
1221 4181 1350 4260 jampri-

280 4289 346 4352 dem
368 4293 505 4356 Christus
528 4295 678 4356 Dominus
698 4290 876 4370 generaliter
900 4285 1071 4367 respondit:
1103 4283 1206 4344 sileni
1230 4285 1351 4343 suntet

280 4390 367 4456 duces
381 4412 527 4458 cecorum
545 4397 583 4472 (e)
594 4415 625 4457 s,
647 4397 747 4470 Quem
766 4391 926 4454 cecitatem
945 4386 1080 4449 terrificis
1102 4399 1232 4464 persepe
1253 4381 1351 4443 vorbis

282 4495 428 4575 Prophetae
442 4495 696 4577 qhenrsntiarunt,
708 4503 743 4556 ut
755 4494 859 4571 isaias,
871 4511 900 4554 o.
915 4511 946 4572 9.
959 4537 966 4563 ,
981 4489 1053 4552 illuc
1064 4487 1117 4550 uhi
1132 4487 1174 4548 ait
1189 4502 1197 4547 ε
1215 4483 1350 4546 «ludite

311 4692 345 4758 fo)
354 4697 457 4748 rrrtntt.
470 4697 518 4750 tce.
534 4699 580 4748 eit.
591 4721 621 4736 -
634 4695 670 4756 111
684 4693 752 4744 init.
772 4703 827 4754 cop.
842 4692 881 4742 tt.
891 4712 922 4730 ·-
932 4689 964 4750 (cl
977 4687 1056 4740 'etth
1085 4699 1128 4741 nr.
1144 4689 1180 4736 tt.
