3559 5675
608 791 719 840 sum.
743 809 780 824 -·
802 791 886 840 uuas
906 791 1044 842 marus.
1297 775 1357 840 ree

280 897 505 972 necessitatum,
519 897 712 976 facultatum,
728 900 964 980 propensionum
978 899 1220 962 distributionem
1229 897 1352 962 obtinet.

280 1001 392 1074 Quare,
407 999 486 1061 sicut
499 996 666 1076 individua,
681 1007 716 1060 ut
728 1001 875 1062 Creatoris
888 1001 1046 1062 intentioni
1055 1008 1191 1081 pareant,
1201 999 1311 1062 debent
1323 1000 1357 1061 ta

279 1100 421 1161 societate
442 1100 543 1178 aliqua
562 1093 732 1180 particulari
754 1101 845 1162 vitam
866 1117 964 1178 agere,
984 1104 1025 1162 ita
1038 1101 1157 1182 publica
1173 1118 1299 1180 quamne
1311 1119 1361 1164 eo·

279 1199 385 1272 cietas,
399 1216 454 1260 seu
473 1200 570 1262 civilis
583 1202 752 1278 auctoritas,
769 1201 807 1263 ob
826 1201 964 1262 eamdem
982 1219 1116 1279 causam,
1132 1201 1221 1264 debet
1233 1218 1358 1264 suorum

277 1299 462 1360 commercia
491 1287 681 1378 promovere,
703 1300 740 1362 ad
763 1301 967 1362 universatem
989 1301 1170 1380 populomm
1191 1300 1360 1364 associatio·

278 1414 366 1472 nem,
381 1413 477 1475 quarn
488 1399 610 1459 Creator
623 1398 762 1475 intendit,
778 1389 976 1461 efficiendam.
992 1401 1082 1478 crgo,
1096 1407 1151 1462 etc.

323 1497 397 1560 938.
419 1499 488 1560 Poe.
509 1497 594 1560 too.
611 1529 650 1543 -
669 1497 715 1560 Ad
737 1499 919 1560 commercia
937 1515 1064 1560 suorum
1084 1500 1254 1577 adjuvanda
1274 1497 1362 1563 debet

279 1597 383 1660 civilis
405 1597 564 1659 auctoritas
585 1599 789 1660 mutuationes
814 1597 896 1678 apud
921 1615 994 1660 suos
1014 1601 1098 1662 omnt
1121 1600 1220 1661 studio
1239 1611 1362 1681 promo·

279 1713 366 1760 rere.

321 1787 420 1858 mos.
433 1795 587 1858 -Cirilis
608 1798 767 1859 auctoritas
789 1795 877 1858 debet
896 1813 1022 1860 suorum
1043 1799 1232 1860 commerciis
1251 1798 1360 1862 iacere.

279 1894 360 1973 Ergo
379 1895 470 1957 debet
482 1912 654 1976 permovere
673 1911 764 1956 usum
785 1913 891 1958 eorum
906 1897 1075 1958 mediorum
1090 1915 1157 1976 quar
1170 1901 1362 1964 commercio·

279 2013 351 2057 rum
371 1995 561 2075 prosperitati
579 1996 744 2057 necessaria
763 1997 887 2056 omnino
903 2003 984 2057 sunt.
1006 1998 1098 2076 Atqui
1115 2000 1362 2075 commerciorum

280 2097 468 2176 prosperitas
483 2095 707 2156 mutuationum
720 2095 854 2156 facilitati
870 2097 1061 2176 potissimum
1076 2097 1192 2158 nititur.
1209 2099 1364 2160 Commer-

281 2199 363 2257 cium
386 2213 521 2274 namque
543 2201 589 2256 est
610 2211 800 2256 summarum
825 2203 944 2256 motus:
967 2195 1005 2256 ad
1024 2196 1107 2257 hunc
1125 2204 1225 2258 autem
1247 2206 1365 2260 motum

283 2295 484 2357 obtinendum
507 2311 628 2356 necesse
648 2299 692 2356 est
713 2292 840 2370 efficere,
861 2301 896 2354 ut
916 2311 1043 2355 summa
1063 2312 1080 2354 e
1097 2296 1239 2357 manibus
1257 2314 1364 2358 eorum

287 2395 360 2473 apud
375 2411 455 2472 quos
475 2395 576 2456 otiosae
591 2393 649 2455 itlae
659 2395 808 2471 Jacerent,
822 2393 853 2452 in
869 2407 979 2452 manus
990 2409 1094 2454 eorum
1112 2394 1167 2471 qui
1183 2395 1228 2454 nti
1242 2393 1363 2472 colunt,

285 2496 369 2557 tacite
388 2496 642 2556 transmittantur.
668 2497 809 2556 Mercator
829 2495 960 2576 quisque
980 2494 1029 2556 vel
1050 2493 1220 2556 ditissimus
1242 2495 1364 2558 deberet

282 2597 408 2656 otiosam
423 2593 507 2655 domi
525 2609 714 2656 summarum
733 2609 860 2654 suarum
881 2593 995 2655 bonam
1014 2600 1130 2675 partem
1143 2611 1278 2676 persaepe
1294 2595 1365 2657 reti·

278 2709 366 2770 nere,
381 2693 442 2753 nisi
461 2699 584 2755 mutuas
600 2691 638 2754 ab
656 2691 725 2753 aliis
743 2709 878 2754 summas
898 2697 998 2774 posset
1017 2691 1105 2754 tacite
1118 2695 1259 2774 accipere.
1276 2695 1365 2760 Com·

277 2795 393 2855 mercia
410 2808 553 2874 namque,
569 2793 605 2854 ad
616 2793 751 2871 ingentes
770 2793 916 2855 mercium
933 2793 1043 2873 copias,
1060 2799 1150 2875 prout
1166 2796 1281 2857 occasio
1293 2795 1363 2874 tert,

274 2888 470 2971 coemendas,
482 2895 547 2955 vim
566 2910 708 2971 magnam
727 2892 864 2973 pecuniae
885 2899 1065 2973 presentem
1089 2910 1168 2974 sape
1188 2896 1362 2974 requirunt,

273 3010 373 3073 quam
384 2998 564 3055 mercatores
577 2994 637 3073 ipsi
651 2990 731 3074 apud
747 3008 779 3054 se
791 3008 853 3053 non
868 2992 993 3067 habent,
1008 3010 1043 3054 ac
1052 2999 1209 3074 propterea
1222 3000 1363 3056 mutuam

273 3093 415 3175 accipere
428 3092 551 3168 debent,
566 3110 604 3155 ne
623 3098 824 3174 opportunam
844 3094 1031 3153 occasionem
1051 3090 1213 3153 dimittant.
1231 3094 1310 3170 Ergo
1322 3096 1363 3156 ci·

272 3190 348 3255 vilis
369 3193 555 3255 auctoritatis
569 3199 599 3255 et
613 3194 667 3271 Jus
683 3200 713 3255 et
730 3190 865 3254 officium
882 3199 929 3253 est
946 3208 1137 3253 summarum
1155 3192 1362 3256 mutuationes

272 3290 395 3367 tacitas,
407 3307 501 3369 quam
514 3291 646 3354 manure
660 3291 725 3353 tieri
739 3296 845 3371 potest,
860 3307 914 3371 per
925 3302 1058 3368 congma
1072 3290 1172 3353 media
1185 3290 1320 3355 reddere.

317 3392 391 3453 939.
407 3394 474 3455 Poe.
489 3388 609 3453 te1·-
621 3388 666 3453 tu
681 3406 871 3452 summarum
889 3390 1094 3453 mutuationes
1111 3390 1192 3471 apud
1205 3408 1276 3454 suos
1289 3410 1361 3475 pro-

271 3488 446 3554 movendas
456 3490 553 3551 civilis
565 3490 726 3552 auctoritas
737 3489 818 3551 licite
828 3494 924 3569 potest
936 3506 970 3553 ac
980 3488 1068 3553 debet
1077 3490 1168 3553 tenus
1178 3493 1328 3581 mutuanti
1341 3510 1360 3555 a

272 3589 465 3655 mutuatario
478 3590 659 3651 solvendum
669 3588 880 3653 determinare.

317 3694 416 3755 Ριοι.
428 3722 468 3735 -
482 3688 585 3750 Civilis
597 3689 756 3751 auctoritas
767 3687 854 3750 debet
867 3689 1070 3751 mutuationes
1083 3688 1195 3760 faciles,
1209 3694 1359 3768 quantum

273 3795 384 3872 potesta
401 3788 480 3850 inter
492 3804 564 3850 suos
580 3786 714 3851 reddere.
730 3788 821 3866 Atqui
838 3788 960 3849 nullum
977 3787 1059 3849 aliud
1072 3788 1207 3849 medium
1224 3786 1309 3851 adest
1320 3790 1359 3850 ad

274 3892 362 3953 bunc
377 3888 468 3949 tinem
483 3887 695 3965 obtinendum,
710 3904 802 3967 quam
816 3889 905 3951 tenus
913 3890 1065 3950 mutuanti
1078 3888 1268 3950 soluendum.
1282 3890 1359 3951 itam

274 3985 470 4053 summarum
488 4005 672 4069 possessores
686 3987 767 4065 adigi
781 3986 817 4049 ad
832 4005 882 4050 eas
894 3993 1001 4049 mutuo
1018 3986 1178 4049 tradendas
1191 3997 1357 4067 nequeunt,

275 4092 337 4151 nisi
353 4088 519 4150 exduobus
530 4086 611 4149 hisce
624 4086 721 4149 modis
732 4086 838 4165 altero,
852 4087 966 4149 scilicet
978 4086 1026 4149 vet
1038 4085 1160 4162 directe,
1174 4104 1358 4166 possessores

275 4186 441 4267 obligando
451 4187 488 4249 ad
505 4188 664 4268 pecuniam
678 4202 767 4248 suam
780 4192 889 4249 mutuo
903 4184 1046 4263 dandam,
1064 4185 1110 4247 rel
1122 4186 1275 4268 indirecte,
1295 4202 1358 4272 eos,

275 4290 402 4371 praemio
422 4288 585 4370 proposito,
606 4286 643 4348 ad
661 4286 735 4349 tales
755 4288 958 4351 mutuationes
976 4286 1142 4349 excitando.
1165 4287 1256 4365 Atqtu
1276 4288 1359 4368 prior

276 4388 388 4453 modus
401 4388 527 4449 itlicitus
541 4393 618 4450 esset
636 4402 671 4450 ac
687 4394 828 4468 praterea
842 4388 972 4469 ineptus.
992 4387 1117 4449 liticitus
1132 4386 1268 4466 quidem,
1284 4389 1358 4468 qnia

276 4494 430 4570 repugnat
443 4488 501 4564 legi
513 4486 734 4549 fundamentali
748 4486 847 4549 civice
860 4486 960 4547 omnis
978 4486 1112 4563 actionis,
1131 4502 1197 4565 quaa
1213 4486 1357 4568 postulat,

275 4594 311 4649 ut
321 4600 431 4649 omnes
445 4598 528 4663 eque
542 4582 615 4647 socii
629 4584 666 4647 ad
678 4600 837 4647 commune
848 4582 965 4646 bonum
978 4589 1194 4665 cooperentur:
1207 4600 1261 4663 per
1271 4583 1356 4645 illam

276 4696 379 4752 autem
403 4686 619 4764 obligationem
642 4686 814 4767 impositam
832 4675 1022 4748 summarum
1044 4671 1276 4766 possessoribus,
1290 4695 1356 4766 gra·

277 4790 346 4853 vias
358 4788 408 4853 hir
422 4787 494 4851 unis
506 4802 599 4867 quam
607 4788 719 4850 ceteris
730 4786 817 4849 sodis
828 4800 906 4849 onus
917 4772 1134 4866 imponeretur.
