3559 5675
430 754 491 819 lb!
840 768 920 815 runis
939 765 1098 815 otmarus

412 876 602 953 ¹vindicaret,
614 874 734 937 deberet
743 873 792 937 vel
802 890 898 939 unam
908 874 1041 952 aliquam
1055 871 1181 949 seligere
1196 892 1232 936 ex
1247 874 1374 939 indultis
1387 880 1510 959 opinio-

427 978 530 1048 nibus,
542 978 575 1037 in
587 994 665 1054 quas
675 974 849 1055 philosophi
860 974 925 1036 solo
939 973 1063 1036 rationis
1071 974 1219 1037 naturalis
1238 976 1355 1040 lumine
1370 981 1510 1060 perducti

429 1083 553 1156 abeunt,
565 1094 659 1155 quam
681 1074 814 1137 societati
833 1076 982 1136 universe
1001 1075 1152 1153 imponat,
1173 1074 1231 1153 vel,
1247 1079 1330 1139 omni
1352 1080 1510 1145 ratiocinio

431 1180 560 1244 subditis
571 1178 674 1252 vetito,
680 1182 715 1236 ut
727 1174 940 1237 mahometana
947 1172 1159 1249 heresisfacit,
1169 1174 1335 1239 doctrinam
1342 1181 1508 1258 quamdam

429 1282 551 1343 uniam
562 1294 579 1338 a
592 1294 624 1339 se
635 1275 791 1338 confictam
808 1274 846 1335 iia
860 1288 1035 1353 proponere.
1049 1274 1139 1351 lttqvn
1149 1274 1282 1353 primum
1294 1280 1400 1355 nequit
1410 1280 1511 1343 civilis

428 1382 587 1445 summitas
599 1376 728 1452 efficere,
740 1376 813 1455 qnia
830 1390 892 1436 non
913 1381 958 1435 est
978 1373 1161 1450 infallibilis,
1176 1382 1209 1436 ut
1227 1377 1359 1439 vidimus
1371 1396 1406 1441 n.
1422 1384 1483 1445 875
1499 1404 1508 1445 :

428 1483 557 1545 alterum
576 1476 828 1541 absurdissimum
849 1474 932 1537 dictu
961 1475 1090 1537 attactu
1118 1481 1185 1553 est,
1213 1483 1247 1538 ιιι
1271 1495 1326 1559 per
1353 1496 1385 1542 sa
1419 1488 1509 1561 patet.

428 1585 519 1659 Ergo,
538 1584 597 1641 etc.

467 1681 561 1740 Pnon.
584 1677 616 1739 3·
628 1688 719 1739 rans.
734 1706 771 1719 -
790 1672 846 1732 llbi
860 1670 965 1733 divina
979 1671 1122 1734 revelatio
1135 1673 1275 1737 veritatm
1288 1675 1364 1737 alias
1379 1680 1511 1741 certissi-

427 1792 492 1841 mas
505 1778 635 1839 societati
656 1773 828 1844 tradiderit;
854 1778 884 1833 et
907 1774 1065 1835 auctoritas
1079 1774 1218 1853 quedam
1235 1776 1457 1841 infallibilis.in
1472 1780 1510 1839 iis

426 1878 602 1941 veritatibus
615 1872 800 1955 explicandis
810 1872 1054 1935 eteustodieudis
1064 1873 1155 1935 fuerit
1165 1890 1217 1954 per
1229 1892 1297 1936 ιιιιι
1308 1876 1444 1939 divinam
1459 1896 1510 1940 rc-

426 1979 606 2042 velationem
620 1974 700 2055 apud
710 1970 854 2035 homines
865 1974 1046 2050 constitutag
1062 1978 1092 2035 et
1104 1974 1175 2036 socii
1190 1990 1295 2037 omnes
1312 1982 1378 2039 tum
1398 1978 1511 2040 divinae

427 2078 472 2140 illi
487 2074 672 2151 revelationi,
684 2080 750 2133 tum
770 2071 843 2133 huic
866 2073 1033 2133 auctoritati
1051 2072 1205 2134 infallibili
1225 2092 1290 2137 sese
1311 2076 1392 2139 oltm
1406 2079 1511 2155 subje-

425 2177 520 2239 corint
525 2198 535 2252 3
549 2180 620 2236 tnnc
636 2171 760 2235 evidens
772 2178 819 2233 est
840 2169 980 2233 socialem
1006 2173 1225 2235 conbariarum
1242 2176 1420 2254 opinionum
1447 2196 1510 2258 pu·

423 2276 500 2338 blice
513 2274 663 2336 editarum
677 2271 868 2335 tolerantiam
881 2288 1048 2352 repugnare
1063 2273 1262 2335 essentialiter
1274 2280 1304 2336 et
1325 2276 1426 2339 debito
1440 2294 1513 2339 con·

425 2376 557 2440 scientie
572 2382 602 2436 et
615 2373 740 2437 unitatis
761 2372 880 2435 socialis
905 2372 1071 2434 necessitati
1106 2374 1143 2434 Et
1164 2374 1352 2437 conscientie
1372 2376 1510 2440 debitum

424 2485 522 2562 potest
539 2476 662 2557 quidem
675 2475 755 2557 apud
776 2475 907 2554 aliquos,
924 2492 974 2537 eos
988 2492 1152 2555 perpaucos
1171 2482 1282 2557 tamen,
1295 2496 1349 2559 per
1363 2480 1512 2557 ignoran-

424 2583 500 2643 tiam
513 2576 719 2640 invincibilem
737 2574 920 2635 submoveri.
937 2576 974 2637 tt
985 2576 1086 2637 unitas
1098 2577 1227 2650 socialis,
1250 2579 1396 2657 quoniam
1408 2580 1445 2643 ad
1461 2600 1510 2644 so-

426 2680 542 2743 cietatis
556 2680 705 2739 universae
718 2676 833 2737 bonum
847 2681 972 2754 spectat,
996 2682 1031 2737 ut
1057 2692 1226 2757 pauoonrm
1239 2678 1425 2743 hesitatione
1456 2694 1511 2746 aut

427 2780 593 2844 mutatione
603 2778 637 2840 in
647 2775 820 2857 periculum
830 2774 1010 2853 adducatur,
1024 2779 1194 2858 permittere
1221 2780 1323 2842 sociali
1338 2776 1509 2846 auctoritati

426 2897 489 2944 non
508 2881 589 2942 licet.
606 2881 685 2955 llrgo
706 2877 850 2955 societati,
882 2891 951 2954 qua
974 2875 1077 2940 divina
1100 2879 1282 2941 revelatione
1308 2881 1344 2942 ad
1369 2884 1510 2945 veritates

426 2979 556 3042 morales
578 2976 777 3040 infallibiliter
803 2975 1025 3054 cognoscendas
1048 2977 1227 3056 illustretur,
1254 2995 1412 3058 nunquam
1438 2983 1510 3045 lieet

423 3081 607 3163 permittere,
628 3084 662 3138 ut
675 3076 794 3158 publice
808 3077 936 3139 mentor
948 3077 1104 3157 opiniones
1117 3079 1273 3140 contrariae
1288 3079 1426 3157 religioni
1442 3083 1509 3144 evi-

423 3183 529 3243 denter
541 3195 618 3242 verae
634 3193 668 3239 ac
681 3177 827 3238 divinitus
844 3176 1001 3238 revelatae:
1015 3177 1162 3239 nimirum
1178 3181 1231 3257 jus
1244 3195 1379 3242 censurae
1395 3182 1426 3241 in
1440 3183 1508 3263 opi-

423 3281 530 3344 niones
542 3278 699 3355 religiosas
710 3275 829 3355 publice
844 3275 1052 3338 manifestatas
1067 3277 1100 3338 iu
1119 3279 1257 3340 societate
1276 3295 1344 3358 quaa
1368 3279 1507 3342 divinam

425 3378 637 3442 revelationem
651 3375 825 3454 susceperit,
838 3376 965 3436 omnino
976 3377 1057 3438 civili
1072 3379 1239 3440 auctoritati
1259 3381 1409 3458 competit.

464 3479 533 3539 893.
548 3479 679 3540 Conona.
694 3475 775 3535 1.-
789 3474 893 3536 Civilis
908 3478 1067 3538 auotoritas
1083 3479 1175 3555 igitur
1188 3484 1285 3558 potest
1298 3496 1331 3541 ac
1345 3480 1433 3542 debet
1446 3483 1508 3562 pri·

424 3577 715 3640 marumveritatum
730 3574 920 3636 naturalium
932 3579 1117 3640 eversionem
1137 3579 1305 3658 impedire:
1324 3585 1354 3641 at
1374 3582 1440 3643 sine
1460 3583 1507 3644 di-

420 3681 491 3742 vina
512 3677 692 3739 revelatione
716 3678 824 3756 nequit
843 3676 983 3754 dogmata
995 3678 1060 3740 ulta
1074 3679 1200 3757 positiva
1216 3681 1328 3742 tuenda
1339 3683 1503 3762 suscipere.

427 3778 481 3840 Ubi
493 3793 564 3839 vero
579 3777 703 3838 societas
717 3776 808 3840 talem
822 3777 1033 3839 revelationem
1051 3780 1224 3860 susceperit,
1240 3783 1307 3858 ejus
1319 3781 1418 3844 civilis
1435 3799 1505 3845 aue-

425 3877 529 3940 toritas
539 3875 776 3956 potestacdebet
793 3876 966 3940 animorum
987 3879 1132 3940 unitatem
1148 3878 1180 3940 in
1194 3897 1229 3941 ea
1249 3873 1389 3942 sectanda
1404 3883 1504 3960 tueri;

424 3984 455 4041 et
472 3978 649 4058 opinionum
668 3977 888 4039 contrariarum
910 3977 1063 4058 publicam
1090 3995 1211 4042 omnem
1232 3981 1504 4044 manifestationem

425 4085 535 4140 vetare.
548 4078 691 4151 Quocirca
703 4077 800 4138 civilis
808 4091 938 4139 censura
960 4077 993 4138 iu
1007 4074 1161 4160 opiniones
1176 4081 1332 4158 religiosas
1344 4088 1389 4142 est
1404 4099 1505 4144 essen-

424 4177 533 4240 tialiter
543 4179 661 4258 propria
671 4177 898 4256 societatisque
913 4177 1076 4240 doctrinam
1088 4181 1224 4259 aliquam
1241 4181 1412 4258 religiosam
1435 4199 1505 4262 pro·

422 4279 541 4341 litentur
555 4295 564 4340 ι
586 4277 683 4340 civilis
693 4293 818 4340 censura
831 4279 864 4338 in
877 4279 1026 4342 doctrinas
1049 4281 1190 4360 positivae
1213 4283 1331 4361 propria
1344 4288 1389 4342 est
1403 4283 1503 4346 socie·

424 4379 504 4455 tatis,
517 4393 585 4456 que
602 4377 756 4438 subditam
781 4395 813 4438 se
834 4377 942 4439 divine
965 4378 1139 4441 revelationi
1162 4379 1335 4460 profiteatur
1348 4399 1358 4441 r
1373 4379 1405 4442 in
1418 4385 1501 4444 omui

421 4481 481 4543 alia
491 4480 628 4541 societate
635 4471 769 4542 censura
780 4479 994 4541 irrationabilis
1006 4487 1034 4540 et
1047 4483 1201 4559 tyrannica
1216 4485 1271 4542 est.

460 4582 537 4642 llinc
556 4595 627 4642 vero
649 4579 829 4658 intelligitur
847 4597 910 4658 quo
923 4588 1007 4661 pacto
1032 4589 1211 4659 argumenta
1238 4597 1307 4660 qua
1332 4575 1502 4648 afferuntur

419 4699 473 4764 pro
499 4681 634 4744 absoluta
656 4682 776 4763 publice
800 4682 946 4762 opinandi
961 4682 1109 4763 libertate,
1124 4681 1292 4764 probabilia
1314 4682 1499 4761 quibusdam

416 4786 589 4850 videantna
611 4787 715 4861 quun
736 4782 819 4847 enim
836 4783 1001 4846 doctrinam
1023 4801 1145 4846 omnem
1169 4783 1314 4847 divinitus
1334 4783 1497 4846 revelatam
