3559 5675
601 771 708 820 surius.
736 791 771 806 -
795 773 877 820 uass
899 771 1034 821 occasus.
1302 765 1357 828 idi

282 884 434 944 tentiones
455 881 606 959 eJusmodi
628 882 704 961 apud
726 885 922 962 argentarios,
937 891 967 944 et
980 883 1362 964 nonnullaeatiae,munite

281 988 365 1058 sunt,
385 987 421 1042 ut
440 981 561 1042 nullum
586 982 718 1060 pectinis
735 999 799 1043 snm
820 982 991 1044 amittendo
1010 982 1178 1062 periculum
1206 988 1359 1065 supersit:

280 1080 360 1156 quod
384 1097 459 1140 sene
473 1081 655 1159 experientia
671 1079 846 1158 quotidiana
867 1082 1005 1142 ostendit.
1027 1085 1192 1162 *Nunquam
1213 1086 1296 1148 e‘nim
1314 1105 1362 1151 ac·

281 1181 353 1241 cidit
368 1186 403 1240 ut
417 1181 546 1260 pecunia
558 1181 602 1241 sic
616 1187 752 1242 mutuata
765 1183 932 1242 amittatur.
948 1184 1036 1259 Ergo,
1050 1189 1105 1244 cte.

335 1281 433 1341 Paos.
461 1285 495 1340 2·
518 1295 606 1342 nans.
629 1313 671 1326 ·-
691 1282 912 1358 AEquivatentia
943 1281 1150 1360 promissionis
1174 1289 1201 1344 et
1229 1303 1363 1365 pecunie

281 1381 438 1459 presentis
449 1379 558 1458 pendet
571 1387 635 1440 tum
647 1397 664 1440 a
675 1380 777 1440 valore
791 1379 1000 1460 promissionis
1011 1385 1077 1440 tum
1091 1383 1219 1446 aratore
1235 1403 1363 1450 summae

281 1482 449 1558 presentis.
477 1481 566 1558 Atqui
598 1481 621 1538 Ι.
648 1481 808 1558 promissio
836 1479 988 1540 interdum
1019 1497 1081 1540 non
1110 1482 1201 1544 habet
1227 1487 1362 1550 valorem

282 1580 432 1658 equalem
444 1580 578 1658 pecuniae
592 1583 742 1660 praesenti.
762 1583 836 1641 Nam
855 1580 1066 1660 promissionis
1082 1581 1175 1660 valor,
1196 1583 1228 1643 in
1241 1589 1364 1651 restitu-

281 1681 371 1742 tionis
383 1680 528 1741 iacienda
542 1679 720 1741 certitudine
734 1681 911 1751 consistens,
926 1697 945 1740 a
958 1679 1054 1742 tribus
1067 1680 1225 1758 elementis
1237 1685 1362 1764 pendete

280 1798 297 1842 a
315 1782 520 1860 promittentis
542 1779 699 1857 fidelitate,
719 1781 757 1841 ab
778 1780 914 1858 ejusdem
929 1780 1093 1858 iaculata,
1115 1783 1276 1845 acautalis
1298 1803 1366 1862 quae

280 1887 382 1941 tutum
408 1881 608 1942 restitutionis
629 1879 768 1942 effectum
788 1879 928 1940 reddunt.
948 1881 1102 1962 tamrero,
1122 1886 1152 1941 1ο
1168 1885 1367 1961 promittentis
1450 1859 1457 1879 ¹

279 1980 411 2042 fidelitas
421 1997 441 2040 a
453 1979 574 2040 duobus
586 1981 740 2060 principiis
748 1980 844 2040 oritur
852 1996 863 2057 ;
876 1979 915 2040 eb
929 1983 996 2058 ejus
1008 1981 1163 2058 probitate,
1177 1999 1245 2060 que
1258 1985 1366 2048 intimo

279 2079 401 2138 virtutis
418 2094 520 2138 amore
544 2077 627 2137 illam
640 2081 718 2140 recto
737 2077 879 2154 disponit,
905 2083 994 2154 atque
1013 2078 1052 2138 ab
1073 2079 1202 2141 utilitate
1219 2099 1313 2159 quam
1331 2086 1366 2145 in

279 2177 440 2257 promissis
458 2175 610 2255 ejusmodi
626 2176 752 2238 fideliter
776 2182 806 2238 et
820 2193 938 2256 semper
955 2177 1108 2240 servandis
1129 2183 1305 2258 promittens
1317 2186 1366 2246 in·

280 2279 390 2339 senat.
413 2277 474 2350 Sic,
492 2295 521 2337 o.
536 2295 582 2356 p,
596 2293 726 2356 magnus
740 2276 839 2354 quiris
854 2281 1010 2353 mercator,
1035 2294 1097 2339 non
1116 2279 1216 2342 solum
1227 2282 1363 2361 iniquus,

288 2375 336 2438 scd
358 2393 467 2438 amens
483 2377 576 2437 etiam
592 2383 680 2455 esset,
694 2378 719 2437 si
741 2375 816 2436 levis
836 2374 966 2453 alicujus
979 2375 1056 2437 lucri
1072 2393 1164 2438 causa
1185 2397 1203 2440 a
1223 2381 1290 2442 dats
1308 2385 1366 2446 tide

289 2473 440 2553 deficiens,
455 2475 669 2538 existimationi
689 2493 752 2538 sues
779 2479 918 2550 noceret,
938 2481 1028 2553 atqrm
1049 2477 1226 2554 marusima
1248 2482 1281 2542 in
1303 2484 1368 2546 suis

284 2575 484 2650 commerciis,
511 2591 580 2654 quse
604 2575 713 2638 fiducia
731 2574 922 2655 potissimum
939 2575 1090 2652 nituntur,
1111 2575 1289 2642 detrimenta
1304 2586 1366 2661 pati

282 2675 383 2738 vellet.
756 2727 758 2734 ,
989 2720 994 2726 -

320 2781 353 2839 2⁰
375 2777 582 2839 Promittentis
593 2774 720 2839 facultas
733 2773 905 2856 hypothecis
918 2781 948 2836 et
961 2777 1137 2855 pignoribus
1153 2783 1216 2842 tute
1225 2788 1254 2843 et
1264 2799 1368 2847 meurs

281 2876 447 2957 aliquando
458 2876 534 2939 effici
549 2882 657 2956 potest,
671 2876 833 2954 aliquando
845 2892 907 2937 non
920 2881 1024 2955 potest.
1110 2920 1114 2927 .

320 2978 353 3039 3·
375 2977 521 3061 Cau-tete,
544 2978 655 3053 quibus
675 2977 870 3037 restitutionis
893 2974 1010 3035 effectui
1041 2978 1283 3056 prospiciendum
1308 2988 1363 3061 est,

278 3086 344 3139 tum
355 3094 375 3138 a
386 3077 559 3156 particulari
573 3080 718 3157 cujusque
740 3076 1020 3155 providentiarum
1036 3079 1206 3155 presertim
1220 3081 1367 3159 apubiica

280 3179 456 3239 auctoritate
469 3176 598 3255 pendere
615 3183 750 3256 possunt.
774 3178 882 3249 Quare,
899 3183 1015 3255 quanto
1028 3176 1147 3236 tirmius
1161 3177 1280 3255 politica
1291 3198 1366 3242 auc·

279 3278 384 3337 toritas
404 3277 437 3336 in
458 3294 490 3337 ss
514 3276 578 3357 ipsa
599 3277 656 3337 erit
677 3277 848 3354 constituta,
871 3284 985 3353 quanto
1003 3292 1135 3353 congrira
1149 3277 1240 3339 tutela
1257 3280 1366 3341 indivi-

280 3377 419 3439 duorum
449 3376 537 3438 horris
562 3375 682 3437 fidelius
705 3382 734 3436 et
763 3376 933 3455 promptius
952 3374 990 3437 ab
1009 3392 1045 3437 ee
1065 3377 1262 3454 prestabitur,
1283 3385 1366 3440 teuto

277 3478 387 3541 certior
403 3478 506 3538 sutura
523 3478 580 3539 erit
599 3477 756 3538 restitutio.
773 3478 968 3548 Ecoutrario,
984 3475 1168 3539 difficiliores
1185 3481 1365 3543 mutationes

277 3580 364 3655 tieret,
385 3577 509 3656 quando
522 3578 570 3637 sel
582 3576 739 3657 publicum
754 3578 888 3654 regimen
909 3578 1041 3658 racitlnt,
1063 3578 1112 3639 vel
1134 3580 1364 3655 magistratuum

275 3678 391 3756 judicia
404 3681 456 3739 aut
469 3677 585 3745 venalia
597 3675 741 3739 aut'lenta
751 3682 833 3737 sunt.

318 3778 428 3857 Atqui,
455 3782 489 3838 ut
502 3777 632 3855 quisquc
644 3777 734 3855 ridet,
750 3776 814 3837 hec
837 3778 892 3839 trie
910 3778 1069 3858 elementa,
1080 3778 1238 3842 relomnis
1249 3772 1363 3863 simul,

276 3877 325 3941 rei
335 3878 459 3958 partim,
470 3876 572 3938 minus
583 3892 616 3938 ac
624 3877 727 3937 minus
736 3876 897 3939 firmaesse
907 3877 1244 3957 possuntrabhumana
1253 3882 1364 3960 quippe

277 3976 415 4041 libertate
427 3982 517 4054 atquo
528 3992 546 4038 s
559 3976 681 4041 fortuito
702 3992 802 4037 rerum
821 3983 930 4039 eventu
952 3976 1094 4057 pendent.
1114 3978 1194 4053 Ergo
1207 3978 1365 4041 restitutio·

278 4076 487 4139 dissertitudo
501 4075 562 4137 iliis
575 4076 689 4154 innixa,
701 4092 734 4138 nc
746 4074 870 4156 proinde
880 4076 972 4137 etiam
982 4074 1190 4154 promissionis
1201 4078 1296 4155 vetor,
1310 4098 1362 4160 ps

277 4184 334 4241 test
343 4179 449 4239 minor
462 4194 496 4239 ac
510 4178 611 4265 minor
625 4176 699 4255 fieri,
716 4183 745 4237 et
756 4178 893 4257 presenti
906 4177 1041 4255 pecunie
1051 4175 1175 4238 interior
1184 4192 1259 4240 esse.

317 4280 357 4339 tt.
381 4278 516 4339 Pecunia
534 4294 587 4356 pro
606 4276 738 4355 quodam
761 4284 894 4355 tempore
913 4274 1102 4337 commodata
1115 4282 1210 4355 potest
1226 4278 1363 4345 calorem

278 4374 390 4439 habere
405 4378 549 4454 maJorem
564 4378 702 4457 presenti
712 4392 832 4438 summa
850 4396 857 4437 ε
872 4381 968 4457 potest
980 4376 1063 4437 enim
1085 4376 1149 4437 trec
1166 4392 1287 4442 summa
1299 4400 1365 4446 esss

280 4479 426 4541 destinata
439 4478 476 4539 ad
502 4479 711 4562 negotiationis
732 4478 907 4552 industrias,
924 4476 1036 4555 quibus
1050 4476 1105 4537 itta
1121 4480 1203 4541 brevi
1219 4482 1365 4562 multipii-

280 4586 374 4641 catur.
398 4581 566 4641 Tuocvero
589 4580 723 4659 pecuniae
738 4580 819 4641 valor
833 4586 877 4638 ost
900 4593 1161 4657 summaprreseus
1186 4598 1255 4641 cum
1280 4582 1363 4645 iltius

281 4676 437 4741 tnrctious.
464 4682 541 4756 Ergo
556 4697 685 4760 presens
700 4680 826 4760 pecunia
845 4684 941 4759 potest
963 4679 1096 4742 retorem
1116 4680 1227 4743 hebere
1245 4700 1365 4746 surnma

281 4782 419 4859 presenti
434 4783 591 4856 majorem.
692 4790 694 4798 ’
912 4835 916 4840 ,
1178 4831 1182 4838 .

388 4895 421 4939 rr.
1168 4880 1201 4941 tt
