3559 5675
542 763 651 811 suunt.
672 783 713 798 -·
733 765 819 812 mere
839 767 971 816 necteus.
1056 819 1060 828 ,
1238 751 1292 814 snt

256 872 338 938 uelle
352 872 382 934 iu
394 869 474 932 bunc
485 869 578 932 luem
594 869 766 935 retincula
786 872 968 952 indicemus,
988 871 1197 954 explicandum
1212 875 1298 954 prius

256 983 292 1038 est
304 971 456 1036 universim
469 969 614 1049 quidnam
629 969 677 1032 lue
696 970 808 1034 divitis
820 975 893 1049 siut,
908 975 990 1037 uude
1003 975 1149 1051 orientur,
1169 975 1299 1053 quibus·

255 1092 312 1138 urm
322 1087 361 1136 ee
372 1071 512 1136 subsidio
522 1067 563 1134 eii
578 1072 706 1150 possiet.
795 1109 798 1116 ·
1195 1110 1199 1119 ·

285 1171 403 1243 Diome
414 1172 504 1234 illum
517 1171 649 1236 solemus
662 1173 825 1253 appellare,
837 1177 892 1254 qui
902 1186 954 1238 ree
964 1175 1096 1257 alicujus
1111 1175 1220 1240 nobrio
1233 1195 1301 1259 pos·

254 1273 318 1338 sidet
331 1289 395 1336 eum
407 1272 517 1336 murti
532 1288 636 1334 earnm
652 1271 799 1352 dominio,
819 1276 861 1337 ite
880 1281 916 1338 ut
928 1293 983 1358 pre
998 1294 1055 1338 suu
1073 1277 1170 1340 lubito
1186 1277 1224 1339 de
1236 1279 1299 1340 illis
1376 1293 1382 1305 ’

254 1376 386 1456 disponere
401 1374 503 1455 pooeit.
521 1374 587 1436 lem
607 1375 651 1434 rei
670 1377 820 1453 cujusque
838 1376 924 1438 velor
945 1377 1059 1458 duplici
1073 1378 1265 1457 potissimum
1285 1397 1301 1441 e

253 1472 527 1553 incompotem),
542 1489 579 1536 er
589 1471 724 1535 utilitate
735 1491 828 1553 quem
842 1491 890 1537 res
902 1475 999 1560 ebert,
1014 1481 1103 1556 etque
1114 1493 1150 1539 ex
1166 1479 1301 1556 ejusdem

253 1575 287 1634 rei
297 1572 454 1638 obtuentlm
464 1570 647 1652 difficultate.
659 1570 854 1652 llmpuedieee
866 1575 920 1637 uile
931 1581 977 1638 est
991 1573 1046 1656 qui
1059 1593 1107 1638 res
1120 1577 1211 1640 utiles
1224 1579 1303 1639 mul·

252 1681 287 1736 trs
295 1673 467 1752 obtentuque
479 1670 620 1736 difficiles
630 1688 702 1734 cum
716 1671 811 1735 libero
823 1673 958 1736 dominio
971 1675 1113 1755 possidet.

283 1773 531 1838 conumeratus
541 1791 590 1836 res
600 1774 800 1852 requiruntur
809 1775 878 1837 siue
888 1775 982 1838 (lubio
994 1777 1081 1842 abiis
1094 1778 1238 1840 omuibus
1250 1779 1304 1858 qui

253 1872 366 1952 eligere
380 1875 439 1938 tlue
457 1873 496 1936 ed
509 1889 601 1952 quem
615 1889 664 1935 res
680 1873 742 1936 illm
761 1874 854 1936 ubios
875 1879 1023 1955 spectent,
1039 1877 1080 1938 ite
1093 1883 1129 1938 ut
1146 1893 1207 1956 quo
1227 1879 1302 1939 uni·

251 1973 416 2038 oreuiuset
427 1974 615 2039 mustenbus
634 1973 704 2035 lieu
722 1973 780 2035 iste
799 1979 845 2036 est
861 1975 1062 2051 necessarius,
1082 1981 1187 2056 etque
1206 1977 1304 2055 major

252 2074 345 2152 ubique
356 2082 385 2138 et
396 2091 517 2156 semper
528 2075 691 2137 estrerites
701 2073 886 2150 modiorum,
897 2077 963 2140 siue
978 2079 1091 2156 quibus
1105 2079 1157 2140 illc
1170 2080 1240 2142 finio
1253 2077 1306 2141 lre·'

251 2171 421 2254 bcoumuit,
433 2192 469 2238 eo
482 2174 535 2236 liet
547 2174 642 2236 uerior
656 2173 764 2236 talium
775 2173 945 2236 mediorum
960 2178 1148 2257 perquisitio‚
1160 2195 1196 2240 eo
1207 2196 1307 2259 prom-

252 2271 315 2350 ptius
326 2278 354 2334 ct
367 2272 483 2351 largius
499 2270 565 2336 elie
581 2289 632 2334 res
650 2271 866 2354 impendentes
883 2273 922 2335 erl
935 2275 999 2336 hec
1018 2276 1115 2337 medie
1131 2277 1303 2340 obtinenda.

252 2372 434 2438 boelirmute
450 2379 615 2456 semperet
626 2373 711 2436 omni
727 2373 847 2434 homiui
867 2380 928 2436 mm
946 2381 1018 2438 sunt
1034 2378 1200 2439 necessarie
1213 2393 1306 2455 quem

252 2473 383 2554 iposrite:
399 2477 484 2540 uude
497 2476 541 2548 tit,
553 2481 599 2554 ut,
609 2489 736 2536 sunone
748 2473 892 2536 mertuos
909 2481 1045 2555 urgente,
1066 2475 1210 2537 alimenta
1225 2489 1307 2553 que·

250 2572 316 2654 iem,
329 2577 381 2638 etsi
394 2571 556 2654 uilissima,
570 2574 687 2652 ingenti
700 2579 800 2636 temen
813 2561 909 2657 pretio
921 2581 1106 2638 coementum

281 2678 364 2754 igitur
375 2677 429 2740 ille
450 2675 631 2758 perquisitis
643 2680 675 2736 et
687 2675 751 2738 bec
763 2676 900 2757 impense
912 2682 994 2740 suut
1008 2676 1080 2739 bine
1098 2675 1208 2739 indicio
1227 2675 1307 2739 relo-

251 2777 376 2857 rioquem
383 2785 469 2843 certo
481 2778 512 2839 io
526 2775 592 2839 loeo
602 2775 800 2839 determinate
812 2775 952 2855 quedam
966 2793 1014 2839 res
1025 2775 1124 2839 hebet.
1139 2777 1268 2854 Scilicet,
1281 2777 1307 2839 si

251 2878 504 2943 iucmtesocietete
514 2884 636 2941 menete
649 2883 780 2959 tempore
792 2877 932 2957 quisquis
943 2884 1064 2958 perotus
1075 2880 1113 2939 sit
1125 2878 1162 2940 erl
1173 2896 1240 2941 eem
1252 2878 1309 2941 sibi

251 2994 302 3041 rem
315 2980 546 3062 comparandam
563 2978 618 3039 tuli
636 2978 832 3041 determinate
842 2980 1002 3058 impense,
1017 2996 1052 3039 ce
1073 2980 1177 3040 resin
1197 2978 1249 3040 ille
1262 2994 1310 3041 su-

250 3080 334 3143 eietete
346 3088 433 3161 etpue
445 3080 503 3142 illo
519 3087 651 3160 tempore
670 3078 759 3141 telem
777 3078 911 3141 ualerem
922 3074 1046 3139 hebebit
1058 3093 1093 3140 eo
1106 3078 1200 3158 pretio
1217 3077 1311 3143 deter-

251 3182 393 3245 mmemm.

281 3280 461 3362 Quapropter
472 3279 716 3357 uniuscuiusque
727 3278 772 3341 rei
784 3276 881 3351 rulor.
898 3278 953 3341 etsi
969 3292 1090 3341 musam
1104 3276 1234 3357 aliquem
1255 3278 1312 3341 be-

251 3374 306 3439 bcet
318 3382 476 3460 positivam
490 3396 559 3459 qum
570 3384 616 3441 est
628 3382 697 3459 ejus
709 3377 837 3458 utitem,
852 3378 999 3458 complete
1015 3376 1214 3443 nihilomiuus
1230 3398 1312 3461 spec

251 3478 328 3557 leurs,
344 3487 389 3543 est
406 3480 560 3544 terminus
578 3478 721 3541 relativus
739 3486 770 3541 et
790 3479 954 3541 reriabilis.
973 3480 1087 3541 Utilitas
1105 3496 1237 3559 nemque
1257 3482 1313 3544 iste

251 3584 330 3656 beleel
340 3597 474 3645 merome
485 3596 521 3642 ee
537 3580 707 3643 decrescere
723 3596 779 3661 pro
789 3578 957 3641 diversitate
973 3584 1152 3659 temporum,
1165 3580 1311 3657 locurum,

251 3678 403 3743 mediorum
419 3696 491 3761 que
504 3681 537 3741 in
553 3682 622 3759 ejus
636 3680 681 3741 roi
694 3679 794 3741 locum
811 3676 1087 3755 subclamassem
1104 3685 1200 3759 potest
1218 3696 1314 3741 unus·

252 3782 366 3862 subque
386 3783 475 3858 civis,
499 3786 597 3861 potest
620 3781 744 3842 societas
768 3780 883 3859 qumvis
904 3778 1013 3841 rerum'
1030 3777 1161 3840 valorem
1183 3793 1311 3857 eugere3

253 3888 334 3960 petet
344 3884 427 3946 cuim
440 3880 512 3942 illes
523 3879 661 3941 utiliores
673 3878 800 3942 ellicere.
819 3882 920 3941 Potest
940 3874 1042 3937 itidem
1059 3892 1129 3939 sues
1142 3892 1252 3953 augere
1264 3876 1313 3939 di·

252 3983 459 4059 titire-rerum
476 3981 603 4042 isterum
616 3977 740 4041 utilium
756 3994 920 4041 numerum
938 3974 1086 4054 eugendo.

284 4086 395 4147 ltrero
406 4086 604 4159 augmentum
615 4077 684 4156 beo,
699 4084 766 4140 tum
779 4079 879 4157 quood
890 4092 992 4141 rerum
1003 4074 1127 4137 utilium
1139 4088 1315 4151 numerum,

253 4188 309 4245 tum
324 4182 421 4262 quoerl
441 4180 581 4243 utilitatis
592 4179 720 4257 predum
733 4179 823 4241 certis
842 4178 965 4251 finibus,
987 4192 1062 4255 quos
1078 4172 1186 4237 muudi
1200 4172 1316 4253 physici

254 4290 349 4346 mture
359 4282 497 4366 prefixit,
517 4280 688 4342 contuetur
701 4300 709 4341 ε
722 4281 776 4358 qui
790 4278 866 4341 lines
886 4280 920 4339 iu
942 4277 1069 4341 (liversis
1083 4276 1255 4355 regionibus
1268 4274 1316 4338 dl·

254 4386 321 4445 ursi
333 4391 415 4446 sunt.
430 4384 510 4444 lliue
522 4386 623 4443 eutem
641 4380 675 4441 ttt
687 4385 722 4449 ut
743 4380 967 4443 interdicemus
981 4378 1108 4459 populos
1121 4377 1318 4459 perquisitio-

255 4496 319 4545 num
332 4492 362 4547 et
372 4483 520 4546 mercium
532 4482 713 4561 permutatio
725 4478 863 4560 urnulam
879 4480 1028 4561 reciproca
1042 4483 1199 4558 statuetur,
1215 4482 1243 4540 et
1256 4494 1318 4541 cer·

254 4588 297 4645 tus
317 4586 440 4665 quidum
467 4584 618 4647 mercibus
646 4576 818 4662 quibusque
849 4580 932 4644 relor
958 4574 1174 4643 determinetur
1202 4572 1319 4657 :quod

255 4686 367 4761 quidem
383 4685 585 4749 commodum
603 4682 829 4747 iotemotiooole
841 4686 953 4744 statum
967 4679 1145 4762 populorum
1160 4680 1319 4743 meonomi-

257 4798 318 4848 cum
336 4804 457 4869 prorsus
474 4792 584 4865 mutet,
598 4786 676 4849 sieut
697 4784 783 4847 ciuile
802 4782 1015 4846 commercium
1035 4788 1132 4843 mutet
1149 4794 1251 4843 rerum
1265 4796 1321 4843 ve·
