<?xml version="1.0" encoding="UTF-8"?>
<!DOCTYPE html PUBLIC "-//W3C//DTD XHTML 1.0 Transitional//EN"
    "http://www.w3.org/TR/xhtml1/DTD/xhtml1-transitional.dtd">
<html xmlns="http://www.w3.org/1999/xhtml" xml:lang="en" lang="en">
 <head>
  <title>
</title>
<meta http-equiv="Content-Type" content="text/html;charset=utf-8" />
  <meta name='ocr-system' content='tesseract 3.04.00' />
  <meta name='ocr-capabilities' content='ocr_page ocr_carea ocr_par ocr_line ocrx_word'/>
</head>
<body>
  <div class='ocr_page' id='page_1' title='image "./jurisnaturalisu00bensgoog_0503.png"; bbox 0 0 3559 5675; ppageno 0'>
   <div class='ocr_carea' id='block_1_1' title="bbox 553 750 1340 814">
    <p class='ocr_par' dir='ltr' id='par_1_1' title="bbox 553 750 1340 814">
     <span class='ocr_line' id='line_1_1' title="bbox 553 750 1340 814; baseline 0.011 -9"><span class='ocrx_word' id='word_1_1' title='bbox 553 760 662 806; x_wconf 74' lang='lat' dir='ltr'>susus.</span> <span class='ocrx_word' id='word_1_2' title='bbox 689 779 722 793; x_wconf 74' lang='lat'>-</span> <span class='ocrx_word' id='word_1_3' title='bbox 749 760 833 807; x_wconf 80' lang='lat' dir='ltr'>arara</span> <span class='ocrx_word' id='word_1_4' title='bbox 856 762 1048 809; x_wconf 80' lang='lat' dir='ltr'>econamum.</span> <span class='ocrx_word' id='word_1_5' title='bbox 1281 750 1340 814; x_wconf 81' lang='lat' dir='ltr'>l93</span> 
     </span>
    </p>
   </div>
   <div class='ocr_carea' id='block_1_2' title="bbox 272 862 1340 1053">
    <p class='ocr_par' dir='ltr' id='par_1_2' title="bbox 272 862 1340 1053">
     <span class='ocr_line' id='line_1_2' title="bbox 273 862 1339 955; baseline 0.016 -36"><span class='ocrx_word' id='word_1_6' title='bbox 273 872 448 938; x_wconf 66' lang='lat' dir='ltr'>sumusque</span> <span class='ocrx_word' id='word_1_7' title='bbox 467 862 540 925; x_wconf 85' lang='lat' dir='ltr'>iorle</span> <span class='ocrx_word' id='word_1_8' title='bbox 557 864 682 941; x_wconf 85' lang='lat' dir='ltr'>luerint,</span> <span class='ocrx_word' id='word_1_9' title='bbox 697 883 729 927; x_wconf 87' lang='lat' dir='ltr'>se</span> <span class='ocrx_word' id='word_1_10' title='bbox 748 884 871 945; x_wconf 85' lang='lat' dir='ltr'>prorsus</span> <span class='ocrx_word' id='word_1_11' title='bbox 883 868 1040 946; x_wconf 87' lang='lat' dir='ltr'>ahdiceot;</span> <span class='ocrx_word' id='word_1_12' title='bbox 1061 870 1230 949; x_wconf 74' lang='lat' dir='ltr'>invitosque</span> <span class='ocrx_word' id='word_1_13' title='bbox 1245 882 1339 955; x_wconf 89' lang='lat' dir='ltr'>potest</span> 
     </span>
     <span class='ocr_line' id='line_1_3' title="bbox 272 958 1340 1053; baseline 0.017 -36"><span class='ocrx_word' id='word_1_14' title='bbox 272 972 302 1017; x_wconf 86' lang='lat' dir='ltr'>ac</span> <span class='ocrx_word' id='word_1_15' title='bbox 319 958 403 1021; x_wconf 78' lang='lat' dir='ltr'>deber</span> <span class='ocrx_word' id='word_1_16' title='bbox 420 962 457 1022; x_wconf 91' lang='lat' dir='ltr'>iis</span> <span class='ocrx_word' id='word_1_17' title='bbox 467 964 589 1039; x_wconf 84' lang='lat' dir='ltr'>juribus</span> <span class='ocrx_word' id='word_1_18' title='bbox 606 965 644 1025; x_wconf 89' lang='lat' dir='ltr'>ad</span> <span class='ocrx_word' id='word_1_19' title='bbox 666 966 875 1030; x_wconf 84' lang='lat' dir='ltr'>Pontificatum</span> <span class='ocrx_word' id='word_1_20' title='bbox 895 968 1134 1047; x_wconf 82' lang='lat' dir='ltr'>quibuscunque</span> <span class='ocrx_word' id='word_1_21' title='bbox 1142 972 1281 1053; x_wconf 87' lang='lat' dir='ltr'>spoliare,</span> <span class='ocrx_word' id='word_1_22' title='bbox 1306 982 1340 1035; x_wconf 85' lang='lat' dir='ltr'>ut</span> 
     </span>
    </p>
   </div>
   <div class='ocr_carea' id='block_1_3' title="bbox 262 1068 1340 3237">
    <p class='ocr_par' dir='ltr' id='par_1_3' title="bbox 270 1068 1340 1748">
     <span class='ocr_line' id='line_1_4' title="bbox 272 1068 1339 1147; baseline 0.017 -30"><span class='ocrx_word' id='word_1_23' title='bbox 272 1074 358 1121; x_wconf 83' lang='lat' dir='ltr'>nouus</span> <span class='ocrx_word' id='word_1_24' title='bbox 371 1068 528 1143; x_wconf 82' lang='lat' dir='ltr'>certusque</span> <span class='ocrx_word' id='word_1_25' title='bbox 541 1068 695 1127; x_wconf 87' lang='lat' dir='ltr'>communi</span> <span class='ocrx_word' id='word_1_26' title='bbox 707 1069 903 1130; x_wconf 78' lang='lat' dir='ltr'>consensione</span> <span class='ocrx_word' id='word_1_27' title='bbox 918 1069 1054 1131; x_wconf 77' lang='lat' dir='ltr'>Pontifex</span> <span class='ocrx_word' id='word_1_28' title='bbox 1070 1069 1208 1147; x_wconf 73' lang='lat' dir='ltr'><strong>eligatur.</strong></span> <span class='ocrx_word' id='word_1_29' title='bbox 1221 1074 1339 1135; x_wconf 83' lang='lat' dir='ltr'>illenim</span> 
     </span>
     <span class='ocr_line' id='line_1_5' title="bbox 271 1162 1340 1247; baseline 0.014 -29"><span class='ocrx_word' id='word_1_30' title='bbox 271 1162 317 1237; x_wconf 85' lang='lat' dir='ltr'>qui</span> <span class='ocrx_word' id='word_1_31' title='bbox 328 1163 379 1239; x_wconf 84' lang='lat' dir='ltr'>jus</span> <span class='ocrx_word' id='word_1_32' title='bbox 391 1163 481 1225; x_wconf 90' lang='lat' dir='ltr'>habet</span> <span class='ocrx_word' id='word_1_33' title='bbox 492 1166 529 1227; x_wconf 91' lang='lat' dir='ltr'>ad</span> <span class='ocrx_word' id='word_1_34' title='bbox 543 1165 636 1227; x_wconf 89' lang='lat' dir='ltr'>linem</span> <span class='ocrx_word' id='word_1_35' title='bbox 649 1166 795 1247; x_wconf 88' lang='lat' dir='ltr'>aliquem,</span> <span class='ocrx_word' id='word_1_36' title='bbox 808 1167 900 1229; x_wconf 91' lang='lat' dir='ltr'>habet</span> <span class='ocrx_word' id='word_1_37' title='bbox 914 1168 1005 1229; x_wconf 90' lang='lat' dir='ltr'>etiam</span> <span class='ocrx_word' id='word_1_38' title='bbox 1015 1169 1069 1244; x_wconf 82' lang='lat' dir='ltr'>J&#39;us</span> <span class='ocrx_word' id='word_1_39' title='bbox 1078 1168 1113 1231; x_wconf 90' lang='lat' dir='ltr'>ad</span> <span class='ocrx_word' id='word_1_40' title='bbox 1127 1170 1229 1231; x_wconf 87' lang='lat' dir='ltr'>omnia</span> <span class='ocrx_word' id='word_1_41' title='bbox 1240 1172 1340 1234; x_wconf 89' lang='lat' dir='ltr'>media</span> 
     </span>
     <span class='ocr_line' id='line_1_6' title="bbox 270 1262 1337 1348; baseline 0.011 -29"><span class='ocrx_word' id='word_1_42' title='bbox 270 1276 330 1336; x_wconf 82' lang='lat' dir='ltr'>que</span> <span class='ocrx_word' id='word_1_43' title='bbox 352 1262 388 1323; x_wconf 91' lang='lat' dir='ltr'>ad</span> <span class='ocrx_word' id='word_1_44' title='bbox 410 1262 493 1326; x_wconf 91' lang='lat' dir='ltr'>hunc</span> <span class='ocrx_word' id='word_1_45' title='bbox 517 1265 609 1327; x_wconf 84' lang='lat' dir='ltr'>finem</span> <span class='ocrx_word' id='word_1_46' title='bbox 623 1266 820 1328; x_wconf 83' lang='lat' dir='ltr'>obtinendum</span> <span class='ocrx_word' id='word_1_47' title='bbox 836 1267 899 1327; x_wconf 90' lang='lat' dir='ltr'>sint</span> <span class='ocrx_word' id='word_1_48' title='bbox 919 1268 1043 1330; x_wconf 91' lang='lat' dir='ltr'>omuino</span> <span class='ocrx_word' id='word_1_49' title='bbox 1057 1270 1235 1331; x_wconf 90' lang='lat' dir='ltr'>necessaria.</span> <span class='ocrx_word' id='word_1_50' title='bbox 1249 1270 1337 1348; x_wconf 75' lang='lat' dir='ltr'>Atqui</span> 
     </span>
     <span class='ocr_line' id='line_1_7' title="bbox 271 1358 1340 1445; baseline 0.01 -27"><span class='ocrx_word' id='word_1_51' title='bbox 271 1358 390 1421; x_wconf 73' lang='lat' dir='ltr'><strong>Ecclesia</strong></span> <span class='ocrx_word' id='word_1_52' title='bbox 405 1362 536 1441; x_wconf 88' lang='lat' dir='ltr'>prolecto</span> <span class='ocrx_word' id='word_1_53' title='bbox 548 1364 640 1427; x_wconf 87' lang='lat' dir='ltr'>hehet</span> <span class='ocrx_word' id='word_1_54' title='bbox 654 1366 721 1443; x_wconf 82' lang='lat' dir='ltr'>J‘us,</span> <span class='ocrx_word' id='word_1_55' title='bbox 736 1371 765 1426; x_wconf 89' lang='lat' dir='ltr'>et</span> <span class='ocrx_word' id='word_1_56' title='bbox 778 1365 953 1429; x_wconf 85' lang='lat' dir='ltr'>necessitate</span> <span class='ocrx_word' id='word_1_57' title='bbox 964 1382 1085 1427; x_wconf 89' lang='lat' dir='ltr'>summa</span> <span class='ocrx_word' id='word_1_58' title='bbox 1097 1372 1233 1445; x_wconf 79' lang='lat' dir='ltr'>urgetur,</span> <span class='ocrx_word' id='word_1_59' title='bbox 1246 1369 1340 1429; x_wconf 88' lang='lat' dir='ltr'>unius</span> 
     </span>
     <span class='ocr_line' id='line_1_8' title="bbox 270 1464 1340 1544; baseline 0.008 -24"><span class='ocrx_word' id='word_1_60' title='bbox 270 1464 372 1523; x_wconf 90' lang='lat' dir='ltr'>summi</span> <span class='ocrx_word' id='word_1_61' title='bbox 391 1466 541 1527; x_wconf 87' lang='lat' dir='ltr'>Pontificis</span> <span class='ocrx_word' id='word_1_62' title='bbox 554 1467 603 1527; x_wconf 87' lang='lat' dir='ltr'>sui</span> <span class='ocrx_word' id='word_1_63' title='bbox 622 1473 702 1529; x_wconf 77' lang='lat' dir='ltr'>certo</span> <span class='ocrx_word' id='word_1_64' title='bbox 712 1465 920 1544; x_wconf 75' lang='lat' dir='ltr'>cognoscendi.</span> <span class='ocrx_word' id='word_1_65' title='bbox 936 1468 1014 1543; x_wconf 79' lang='lat' dir='ltr'>llrgo</span> <span class='ocrx_word' id='word_1_66' title='bbox 1035 1482 1054 1529; x_wconf 91' lang='lat' dir='ltr'>a</span> <span class='ocrx_word' id='word_1_67' title='bbox 1072 1467 1190 1529; x_wconf 83' lang='lat' dir='ltr'>Christo</span> <span class='ocrx_word' id='word_1_68' title='bbox 1213 1470 1340 1531; x_wconf 86' lang='lat' dir='ltr'>Domino</span> 
     </span>
     <span class='ocr_line' id='line_1_9' title="bbox 270 1566 1339 1647; baseline 0.004 -20"><span class='ocrx_word' id='word_1_69' title='bbox 270 1567 371 1643; x_wconf 84' lang='lat' dir='ltr'>accepit</span> <span class='ocrx_word' id='word_1_70' title='bbox 383 1568 474 1626; x_wconf 91' lang='lat' dir='ltr'>etiam</span> <span class='ocrx_word' id='word_1_71' title='bbox 488 1566 560 1627; x_wconf 86' lang='lat' dir='ltr'>bina</span> <span class='ocrx_word' id='word_1_72' title='bbox 575 1567 629 1629; x_wconf 90' lang='lat' dir='ltr'>illa</span> <span class='ocrx_word' id='word_1_73' title='bbox 640 1572 724 1647; x_wconf 87' lang='lat' dir='ltr'>jura,</span> <span class='ocrx_word' id='word_1_74' title='bbox 737 1584 807 1645; x_wconf 79' lang='lat' dir='ltr'>quar</span> <span class='ocrx_word' id='word_1_75' title='bbox 817 1568 856 1629; x_wconf 89' lang='lat' dir='ltr'>ad</span> <span class='ocrx_word' id='word_1_76' title='bbox 877 1584 977 1629; x_wconf 91' lang='lat' dir='ltr'>unum</span> <span class='ocrx_word' id='word_1_77' title='bbox 996 1586 1152 1631; x_wconf 90' lang='lat' dir='ltr'>summum</span> <span class='ocrx_word' id='word_1_78' title='bbox 1169 1569 1339 1633; x_wconf 81' lang='lat' dir='ltr'>Pontificem</span> 
     </span>
     <span class='ocr_line' id='line_1_10' title="bbox 270 1667 1078 1748; baseline 0.009 -25"><span class='ocrx_word' id='word_1_79' title='bbox 270 1680 352 1727; x_wconf 86' lang='lat' dir='ltr'>suum</span> <span class='ocrx_word' id='word_1_80' title='bbox 365 1674 443 1727; x_wconf 88' lang='lat' dir='ltr'>certo</span> <span class='ocrx_word' id='word_1_81' title='bbox 457 1667 699 1745; x_wconf 79' lang='lat' dir='ltr'>cognoscendum</span> <span class='ocrx_word' id='word_1_82' title='bbox 713 1667 803 1748; x_wconf 90' lang='lat' dir='ltr'>plane</span> <span class='ocrx_word' id='word_1_83' title='bbox 816 1670 984 1730; x_wconf 90' lang='lat' dir='ltr'>necessaria</span> <span class='ocrx_word' id='word_1_84' title='bbox 996 1676 1078 1731; x_wconf 86' lang='lat' dir='ltr'>sunt.</span> 
     </span>
    </p>

    <p class='ocr_par' dir='ltr' id='par_1_4' title="bbox 262 1764 1339 3237">
     <span class='ocr_line' id='line_1_11' title="bbox 303 1764 1337 1849; baseline 0.006 -22"><span class='ocrx_word' id='word_1_85' title='bbox 303 1764 343 1827; x_wconf 80' lang='lat' dir='ltr'>Ad</span> <span class='ocrx_word' id='word_1_86' title='bbox 367 1766 448 1827; x_wconf 90' lang='lat' dir='ltr'>hunc</span> <span class='ocrx_word' id='word_1_87' title='bbox 477 1784 603 1829; x_wconf 88' lang='lat' dir='ltr'>sensum</span> <span class='ocrx_word' id='word_1_88' title='bbox 616 1769 692 1831; x_wconf 91' lang='lat' dir='ltr'>olim</span> <span class='ocrx_word' id='word_1_89' title='bbox 712 1770 846 1846; x_wconf 78' lang='lat' dir='ltr'>synodus</span> <span class='ocrx_word' id='word_1_90' title='bbox 869 1769 1108 1833; x_wconf 71' lang='lat' dir='ltr'>Consmutiensis</span> <span class='ocrx_word' id='word_1_91' title='bbox 1131 1769 1272 1847; x_wconf 87' lang='lat' dir='ltr'>decrevit,</span> <span class='ocrx_word' id='word_1_92' title='bbox 1293 1788 1337 1849; x_wconf 90' lang='lat' dir='ltr'>se,</span> 
     </span>
     <span class='ocr_line' id='line_1_12' title="bbox 273 1866 1339 1950; baseline 0.012 -30"><span class='ocrx_word' id='word_1_93' title='bbox 273 1866 432 1940; x_wconf 79' lang='lat' dir='ltr'>«generale</span> <span class='ocrx_word' id='word_1_94' title='bbox 445 1867 609 1927; x_wconf 87' lang='lat' dir='ltr'>concilium</span> <span class='ocrx_word' id='word_1_95' title='bbox 621 1868 757 1930; x_wconf 87' lang='lat' dir='ltr'>iaciendo</span> <span class='ocrx_word' id='word_1_96' title='bbox 771 1886 826 1949; x_wconf 92' lang='lat' dir='ltr'>pro</span> <span class='ocrx_word' id='word_1_97' title='bbox 838 1869 1050 1949; x_wconf 79' lang='lat' dir='ltr'>exstirpatione</span> <span class='ocrx_word' id='word_1_98' title='bbox 1069 1870 1223 1950; x_wconf 76' lang='lat' dir='ltr'>presentis</span> <span class='ocrx_word' id='word_1_99' title='bbox 1242 1870 1339 1933; x_wconf 90' lang='lat' dir='ltr'>sehis·</span> 
     </span>
     <span class='ocr_line' id='line_1_13' title="bbox 268 1966 1338 2050; baseline 0.007 -27"><span class='ocrx_word' id='word_1_100' title='bbox 268 1966 348 2027; x_wconf 91' lang='lat' dir='ltr'>matis</span> <span class='ocrx_word' id='word_1_101' title='bbox 370 1973 399 2028; x_wconf 91' lang='lat' dir='ltr'>et</span> <span class='ocrx_word' id='word_1_102' title='bbox 422 1968 537 2029; x_wconf 91' lang='lat' dir='ltr'>unione</span> <span class='ocrx_word' id='word_1_103' title='bbox 555 1985 589 2029; x_wconf 92' lang='lat' dir='ltr'>ac</span> <span class='ocrx_word' id='word_1_104' title='bbox 610 1968 820 2031; x_wconf 79' lang='lat' dir='ltr'>reformatione</span> <span class='ocrx_word' id='word_1_105' title='bbox 835 1969 995 2031; x_wconf 78' lang='lat' dir='ltr'>Eccclesiee.</span> <span class='ocrx_word' id='word_1_106' title='bbox 1011 1970 1063 2031; x_wconf 82' lang='lat' dir='ltr'>lici</span> <span class='ocrx_word' id='word_1_107' title='bbox 1089 1972 1122 2031; x_wconf 91' lang='lat' dir='ltr'>in</span> <span class='ocrx_word' id='word_1_108' title='bbox 1150 1972 1244 2050; x_wconf 89' lang='lat' dir='ltr'>capite</span> <span class='ocrx_word' id='word_1_109' title='bbox 1257 1978 1286 2031; x_wconf 88' lang='lat' dir='ltr'>et</span> <span class='ocrx_word' id='word_1_110' title='bbox 1307 1972 1338 2031; x_wconf 90' lang='lat' dir='ltr'>iu</span> 
     </span>
     <span class='ocr_line' id='line_1_14' title="bbox 267 2066 1339 2149; baseline 0.007 -23"><span class='ocrx_word' id='word_1_111' title='bbox 267 2066 401 2128; x_wconf 89' lang='lat' dir='ltr'>memhris</span> <span class='ocrx_word' id='word_1_112' title='bbox 413 2068 563 2147; x_wconf 74' lang='lat' dir='ltr'>facientia,</span> <span class='ocrx_word' id='word_1_113' title='bbox 576 2074 606 2128; x_wconf 90' lang='lat' dir='ltr'>et</span> <span class='ocrx_word' id='word_1_114' title='bbox 623 2069 784 2131; x_wconf 82' lang='lat' dir='ltr'>Ecclesiam</span> <span class='ocrx_word' id='word_1_115' title='bbox 795 2068 973 2131; x_wconf 78' lang='lat' dir='ltr'>catholicam</span> <span class='ocrx_word' id='word_1_116' title='bbox 984 2070 1165 2131; x_wconf 82' lang='lat' dir='ltr'>militantem</span> <span class='ocrx_word' id='word_1_117' title='bbox 1178 2087 1339 2149; x_wconf 78' lang='lat' dir='ltr'>represen-</span> 
     </span>
     <span class='ocr_line' id='line_1_15' title="bbox 268 2167 1337 2248; baseline 0.006 -23"><span class='ocrx_word' id='word_1_118' title='bbox 268 2167 348 2229; x_wconf 87' lang='lat' dir='ltr'>tando</span> <span class='ocrx_word' id='word_1_119' title='bbox 359 2213 370 2244; x_wconf 91' lang='lat'>,</span> <span class='ocrx_word' id='word_1_120' title='bbox 393 2175 570 2248; x_wconf 88' lang='lat' dir='ltr'>potestatem</span> <span class='ocrx_word' id='word_1_121' title='bbox 594 2188 613 2229; x_wconf 93' lang='lat' dir='ltr'>a</span> <span class='ocrx_word' id='word_1_122' title='bbox 635 2169 753 2232; x_wconf 82' lang='lat' dir='ltr'>Christo</span> <span class='ocrx_word' id='word_1_123' title='bbox 775 2168 948 2230; x_wconf 87' lang='lat' dir='ltr'>immediate</span> <span class='ocrx_word' id='word_1_124' title='bbox 967 2168 1099 2245; x_wconf 88' lang='lat' dir='ltr'>habere,</span> <span class='ocrx_word' id='word_1_125' title='bbox 1122 2172 1172 2231; x_wconf 90' lang='lat' dir='ltr'>cui</span> <span class='ocrx_word' id='word_1_126' title='bbox 1192 2169 1337 2248; x_wconf 80' lang='lat' dir='ltr'>quilibet,</span> 
     </span>
     <span class='ocr_line' id='line_1_16' title="bbox 266 2268 1339 2349; baseline 0.005 -22"><span class='ocrx_word' id='word_1_127' title='bbox 266 2271 467 2349; x_wconf 82' lang='lat' dir='ltr'>mjuscuuque</span> <span class='ocrx_word' id='word_1_128' title='bbox 488 2276 583 2333; x_wconf 86' lang='lat' dir='ltr'>slatus</span> <span class='ocrx_word' id='word_1_129' title='bbox 601 2268 649 2331; x_wconf 84' lang='lat' dir='ltr'>rel</span> <span class='ocrx_word' id='word_1_130' title='bbox 667 2269 830 2347; x_wconf 75' lang='lat' dir='ltr'>dignitatis,</span> <span class='ocrx_word' id='word_1_131' title='bbox 853 2268 970 2330; x_wconf 89' lang='lat' dir='ltr'>etiamsi</span> <span class='ocrx_word' id='word_1_132' title='bbox 988 2269 1113 2347; x_wconf 88' lang='lat' dir='ltr'>papalis,</span> <span class='ocrx_word' id='word_1_133' title='bbox 1134 2270 1250 2345; x_wconf 86' lang='lat' dir='ltr'>existat,</span> <span class='ocrx_word' id='word_1_134' title='bbox 1265 2271 1339 2332; x_wconf 88' lang='lat' dir='ltr'>ohe·</span> 
     </span>
     <span class='ocr_line' id='line_1_17' title="bbox 265 2366 1338 2449; baseline 0.006 -24"><span class='ocrx_word' id='word_1_135' title='bbox 265 2366 320 2428; x_wconf 90' lang='lat' dir='ltr'>dire</span> <span class='ocrx_word' id='word_1_136' title='bbox 340 2376 460 2431; x_wconf 79' lang='lat' dir='ltr'>tenemr</span> <span class='ocrx_word' id='word_1_137' title='bbox 482 2370 515 2431; x_wconf 89' lang='lat' dir='ltr'>in</span> <span class='ocrx_word' id='word_1_138' title='bbox 538 2370 671 2449; x_wconf 78' lang='lat' dir='ltr'>hisquae</span> <span class='ocrx_word' id='word_1_139' title='bbox 689 2370 839 2449; x_wconf 88' lang='lat' dir='ltr'>pertinent</span> <span class='ocrx_word' id='word_1_140' title='bbox 863 2369 902 2429; x_wconf 91' lang='lat' dir='ltr'>ad</span> <span class='ocrx_word' id='word_1_141' title='bbox 929 2367 1020 2431; x_wconf 86' lang='lat' dir='ltr'>fidem</span> <span class='ocrx_word' id='word_1_142' title='bbox 1047 2374 1077 2429; x_wconf 92' lang='lat' dir='ltr'>et</span> <span class='ocrx_word' id='word_1_143' title='bbox 1097 2368 1338 2446; x_wconf 81' lang='lat' dir='ltr'>exstirpationem</span> 
     </span>
     <span class='ocr_line' id='line_1_18' title="bbox 265 2464 1339 2549; baseline 0.003 -23"><span class='ocrx_word' id='word_1_144' title='bbox 265 2464 327 2529; x_wconf 90' lang='lat' dir='ltr'>dieti</span> <span class='ocrx_word' id='word_1_145' title='bbox 343 2470 547 2533; x_wconf 87' lang='lat' dir='ltr'>schismatis»</span> <span class='ocrx_word' id='word_1_146' title='bbox 564 2476 621 2533; x_wconf 88' lang='lat' dir='ltr'>etc.</span> <span class='ocrx_word' id='word_1_147' title='bbox 643 2471 729 2546; x_wconf 75' lang='lat' dir='ltr'>llaec,</span> <span class='ocrx_word' id='word_1_148' title='bbox 746 2469 883 2548; x_wconf 89' lang='lat' dir='ltr'>inquam,</span> <span class='ocrx_word' id='word_1_149' title='bbox 906 2468 1010 2529; x_wconf 90' lang='lat' dir='ltr'>omnia</span> <span class='ocrx_word' id='word_1_150' title='bbox 1032 2466 1070 2529; x_wconf 92' lang='lat' dir='ltr'>dc</span> <span class='ocrx_word' id='word_1_151' title='bbox 1090 2467 1154 2549; x_wconf 86' lang='lat' dir='ltr'>solo</span> <span class='ocrx_word' id='word_1_152' title='bbox 1172 2466 1339 2529; x_wconf 85' lang='lat' dir='ltr'>schismatis</span> 
     </span>
     <span class='ocr_line' id='line_1_19' title="bbox 265 2567 1338 2649; baseline 0.002 -22"><span class='ocrx_word' id='word_1_153' title='bbox 265 2574 386 2649; x_wconf 91' lang='lat' dir='ltr'>tempore</span> <span class='ocrx_word' id='word_1_154' title='bbox 410 2570 611 2649; x_wconf 77' lang='lat' dir='ltr'>intelligenda</span> <span class='ocrx_word' id='word_1_155' title='bbox 633 2577 720 2645; x_wconf 88' lang='lat' dir='ltr'>suut,</span> <span class='ocrx_word' id='word_1_156' title='bbox 749 2577 783 2633; x_wconf 87' lang='lat' dir='ltr'>ut</span> <span class='ocrx_word' id='word_1_157' title='bbox 808 2574 922 2631; x_wconf 83' lang='lat' dir='ltr'>constat</span> <span class='ocrx_word' id='word_1_158' title='bbox 944 2568 1129 2649; x_wconf 83' lang='lat' dir='ltr'>apertissime</span> <span class='ocrx_word' id='word_1_159' title='bbox 1153 2584 1189 2629; x_wconf 85' lang='lat' dir='ltr'>ex</span> <span class='ocrx_word' id='word_1_160' title='bbox 1213 2567 1250 2629; x_wconf 90' lang='lat' dir='ltr'>iis</span> <span class='ocrx_word' id='word_1_161' title='bbox 1271 2582 1338 2646; x_wconf 81' lang='lat' dir='ltr'>quae</span> 
     </span>
     <span class='ocr_line' id='line_1_20' title="bbox 264 2666 1339 2749; baseline 0.001 -22"><span class='ocrx_word' id='word_1_162' title='bbox 264 2683 309 2727; x_wconf 88' lang='lat' dir='ltr'>nn.</span> <span class='ocrx_word' id='word_1_163' title='bbox 331 2668 405 2731; x_wconf 76' lang='lat'><strong>1296</strong></span> <span class='ocrx_word' id='word_1_164' title='bbox 422 2674 457 2731; x_wconf 87' lang='lat' dir='ltr'>et</span> <span class='ocrx_word' id='word_1_165' title='bbox 471 2668 549 2731; x_wconf 79' lang='lat'><strong>1297</strong></span> <span class='ocrx_word' id='word_1_166' title='bbox 570 2668 800 2749; x_wconf 80' lang='lat' dir='ltr'>disputavimus.</span> <span class='ocrx_word' id='word_1_167' title='bbox 824 2671 898 2743; x_wconf 83' lang='lat' dir='ltr'>Quae</span> <span class='ocrx_word' id='word_1_168' title='bbox 921 2668 1044 2747; x_wconf 90' lang='lat' dir='ltr'>quidem</span> <span class='ocrx_word' id='word_1_169' title='bbox 1064 2666 1169 2746; x_wconf 82' lang='lat' dir='ltr'>synodi</span> <span class='ocrx_word' id='word_1_170' title='bbox 1191 2666 1339 2729; x_wconf 83' lang='lat' dir='ltr'>Constan-</span> 
     </span>
     <span class='ocr_line' id='line_1_21' title="bbox 266 2766 1338 2848; baseline 0.001 -22"><span class='ocrx_word' id='word_1_171' title='bbox 266 2768 358 2829; x_wconf 90' lang='lat' dir='ltr'>tiensis</span> <span class='ocrx_word' id='word_1_172' title='bbox 380 2769 475 2831; x_wconf 84' lang='lat' dir='ltr'>verba</span> <span class='ocrx_word' id='word_1_173' title='bbox 495 2786 513 2829; x_wconf 88' lang='lat' dir='ltr'>a</span> <span class='ocrx_word' id='word_1_174' title='bbox 533 2769 637 2837; x_wconf 88' lang='lat' dir='ltr'>multis</span> <span class='ocrx_word' id='word_1_175' title='bbox 655 2766 807 2848; x_wconf 78' lang='lat' dir='ltr'>seditiose,</span> <span class='ocrx_word' id='word_1_176' title='bbox 828 2784 847 2828; x_wconf 92' lang='lat' dir='ltr'>a</span> <span class='ocrx_word' id='word_1_177' title='bbox 868 2768 973 2831; x_wconf 92' lang='lat' dir='ltr'>multis</span> <span class='ocrx_word' id='word_1_178' title='bbox 993 2766 1106 2828; x_wconf 80' lang='lat' dir='ltr'>incauta</span> <span class='ocrx_word' id='word_1_179' title='bbox 1124 2782 1158 2827; x_wconf 88' lang='lat' dir='ltr'>ac</span> <span class='ocrx_word' id='word_1_180' title='bbox 1178 2773 1282 2827; x_wconf 79' lang='lat' dir='ltr'>temere</span> <span class='ocrx_word' id='word_1_181' title='bbox 1300 2766 1338 2829; x_wconf 89' lang='lat' dir='ltr'>ad</span> 
     </span>
     <span class='ocr_line' id='line_1_22' title="bbox 263 2866 1337 2948; baseline 0 -20"><span class='ocrx_word' id='word_1_182' title='bbox 263 2870 444 2932; x_wconf 88' lang='lat' dir='ltr'>ordinarium</span> <span class='ocrx_word' id='word_1_183' title='bbox 469 2871 604 2933; x_wconf 77' lang='lat' dir='ltr'>Ecclesia</span> <span class='ocrx_word' id='word_1_184' title='bbox 630 2875 742 2932; x_wconf 88' lang='lat' dir='ltr'>statum</span> <span class='ocrx_word' id='word_1_185' title='bbox 769 2869 935 2948; x_wconf 69' lang='lat' dir='ltr'>applicata,</span> <span class='ocrx_word' id='word_1_186' title='bbox 963 2867 1141 2930; x_wconf 87' lang='lat' dir='ltr'>catholicam</span> <span class='ocrx_word' id='word_1_187' title='bbox 1163 2866 1337 2943; x_wconf 79' lang='lat' dir='ltr'>religionem</span> 
     </span>
     <span class='ocr_line' id='line_1_23' title="bbox 263 2965 1335 3050; baseline -0.006 -20"><span class='ocrx_word' id='word_1_188' title='bbox 263 2969 497 3050; x_wconf 83' lang='lat' dir='ltr'>inquibusdam</span> <span class='ocrx_word' id='word_1_189' title='bbox 524 2972 708 3050; x_wconf 76' lang='lat' dir='ltr'>regionibus,</span> <span class='ocrx_word' id='word_1_190' title='bbox 732 2969 904 3031; x_wconf 79' lang='lat' dir='ltr'>labefactam</span> <span class='ocrx_word' id='word_1_191' title='bbox 931 2968 1015 3030; x_wconf 92' lang='lat' dir='ltr'>illius</span> <span class='ocrx_word' id='word_1_192' title='bbox 1029 2967 1236 3040; x_wconf 81' lang='lat' dir='ltr'>fundamento,</span> <span class='ocrx_word' id='word_1_193' title='bbox 1256 2965 1335 3046; x_wconf 90' lang='lat' dir='ltr'>quod</span> 
     </span>
     <span class='ocr_line' id='line_1_24' title="bbox 263 3067 1337 3154; baseline -0.003 -22"><span class='ocrx_word' id='word_1_194' title='bbox 263 3078 302 3133; x_wconf 88' lang='lat' dir='ltr'>cst</span> <span class='ocrx_word' id='word_1_195' title='bbox 314 3073 442 3136; x_wconf 86' lang='lat' dir='ltr'>llomaui</span> <span class='ocrx_word' id='word_1_196' title='bbox 453 3073 605 3136; x_wconf 79' lang='lat' dir='ltr'>Pcnchcis</span> <span class='ocrx_word' id='word_1_197' title='bbox 615 3071 785 3154; x_wconf 84' lang='lat' dir='ltr'>protarchia</span> <span class='ocrx_word' id='word_1_198' title='bbox 791 3068 908 3150; x_wconf 78' lang='lat'>(1297),</span> <span class='ocrx_word' id='word_1_199' title='bbox 932 3068 1153 3143; x_wconf 82' lang='lat' dir='ltr'>inmaainrum</span> <span class='ocrx_word' id='word_1_200' title='bbox 1176 3067 1337 3129; x_wconf 85' lang='lat' dir='ltr'>discrimen</span> 
     </span>
     <span class='ocr_line' id='line_1_25' title="bbox 262 3173 413 3237; baseline 0 -3"><span class='ocrx_word' id='word_1_201' title='bbox 262 3173 413 3237; x_wconf 82' lang='lat' dir='ltr'>adduxere.</span> 
     </span>
    </p>
   </div>
   <div class='ocr_carea' id='block_1_4' title="bbox 562 3335 1035 3581">
    <p class='ocr_par' dir='ltr' id='par_1_5' title="bbox 562 3335 1035 3581">
     <span class='ocr_line' id='line_1_26' title="bbox 657 3335 934 3415; baseline -0.004 -3"><span class='ocrx_word' id='word_1_202' title='bbox 657 3349 862 3415; x_wconf 80' lang='lat' dir='ltr'>aericuaus</span> <span class='ocrx_word' id='word_1_203' title='bbox 879 3335 934 3412; x_wconf 65' lang='lat' dir='ltr'>111ss</span> 
     </span>
     <span class='ocr_line' id='line_1_27' title="bbox 562 3495 1035 3581; baseline -0.004 -19"><span class='ocrx_word' id='word_1_204' title='bbox 562 3499 605 3562; x_wconf 79' lang='lat' dir='ltr'>lie</span> <span class='ocrx_word' id='word_1_205' title='bbox 616 3499 830 3581; x_wconf 77' lang='lat' dir='ltr'>Epe&#39;smporum</span> <span class='ocrx_word' id='word_1_206' title='bbox 843 3495 1035 3560; x_wconf 82' lang='lat' dir='ltr'>Deutcreirio.</span> 
     </span>
    </p>
   </div>
   <div class='ocr_carea' id='block_1_5' title="bbox 257 3657 1342 4855">
    <p class='ocr_par' dir='ltr' id='par_1_6' title="bbox 257 3657 1342 4855">
     <span class='ocr_line' id='line_1_28' title="bbox 299 3657 1338 3737; baseline -0.009 -10"><span class='ocrx_word' id='word_1_207' title='bbox 299 3667 385 3729; x_wconf 76' lang='lat'>1303.</span> <span class='ocrx_word' id='word_1_208' title='bbox 402 3665 575 3729; x_wconf 80' lang='lat' dir='ltr'>Norauuurr</span> <span class='ocrx_word' id='word_1_209' title='bbox 587 3666 615 3724; x_wconf 90' lang='lat' dir='ltr'>l.</span> <span class='ocrx_word' id='word_1_210' title='bbox 630 3695 668 3708; x_wconf 93' lang='lat'>-</span> <span class='ocrx_word' id='word_1_211' title='bbox 682 3662 835 3723; x_wconf 89' lang='lat' dir='ltr'>lamlihro</span> <span class='ocrx_word' id='word_1_212' title='bbox 846 3659 884 3720; x_wconf 84' lang='lat' dir='ltr'>Vl</span> <span class='ocrx_word' id='word_1_213' title='bbox 900 3659 981 3737; x_wconf 81' lang='lat'><strong>(713)</strong></span> <span class='ocrx_word' id='word_1_214' title='bbox 990 3658 1168 3735; x_wconf 83' lang='lat' dir='ltr'>generaliter</span> <span class='ocrx_word' id='word_1_215' title='bbox 1179 3657 1338 3720; x_wconf 87' lang='lat' dir='ltr'>statuimus</span> 
     </span>
     <span class='ocr_line' id='line_1_29' title="bbox 261 3757 1339 3847; baseline -0.009 -21"><span class='ocrx_word' id='word_1_216' title='bbox 261 3769 434 3847; x_wconf 87' lang='lat' dir='ltr'>ampliorem</span> <span class='ocrx_word' id='word_1_217' title='bbox 447 3781 570 3827; x_wconf 92' lang='lat' dir='ltr'>omnem</span> <span class='ocrx_word' id='word_1_218' title='bbox 581 3764 751 3826; x_wconf 86' lang='lat' dir='ltr'>societatem</span> <span class='ocrx_word' id='word_1_219' title='bbox 759 3760 911 3842; x_wconf 88' lang='lat' dir='ltr'>publicam</span> <span class='ocrx_word' id='word_1_220' title='bbox 922 3760 955 3818; x_wconf 94' lang='lat' dir='ltr'>in</span> <span class='ocrx_word' id='word_1_221' title='bbox 967 3757 1055 3836; x_wconf 89' lang='lat' dir='ltr'>plura</span> <span class='ocrx_word' id='word_1_222' title='bbox 1063 3759 1212 3820; x_wconf 90' lang='lat' dir='ltr'>consortia</span> <span class='ocrx_word' id='word_1_223' title='bbox 1221 3759 1339 3818; x_wconf 90' lang='lat' dir='ltr'>minora</span> 
     </span>
     <span class='ocr_line' id='line_1_30' title="bbox 261 3851 1339 3944; baseline -0.01 -20"><span class='ocrx_word' id='word_1_224' title='bbox 261 3865 349 3927; x_wconf 81' lang='lat' dir='ltr'>dividi</span> <span class='ocrx_word' id='word_1_225' title='bbox 360 3865 487 3928; x_wconf 93' lang='lat' dir='ltr'>omnino</span> <span class='ocrx_word' id='word_1_226' title='bbox 498 3870 644 3944; x_wconf 87' lang='lat' dir='ltr'>oportere,</span> <span class='ocrx_word' id='word_1_227' title='bbox 654 3861 767 3940; x_wconf 87' lang='lat' dir='ltr'>quihus</span> <span class='ocrx_word' id='word_1_228' title='bbox 775 3856 906 3934; x_wconf 77' lang='lat' dir='ltr'>singulis</span> <span class='ocrx_word' id='word_1_229' title='bbox 918 3855 1031 3934; x_wconf 90' lang='lat' dir='ltr'>proprii</span> <span class='ocrx_word' id='word_1_230' title='bbox 1040 3851 1208 3934; x_wconf 89' lang='lat' dir='ltr'>superiores</span> <span class='ocrx_word' id='word_1_231' title='bbox 1217 3855 1339 3932; x_wconf 79' lang='lat' dir='ltr'>praesint</span> 
     </span>
     <span class='ocr_line' id='line_1_31' title="bbox 260 3953 1339 4044; baseline -0.013 -18"><span class='ocrx_word' id='word_1_232' title='bbox 260 3983 326 4028; x_wconf 90' lang='lat' dir='ltr'>cum</span> <span class='ocrx_word' id='word_1_233' title='bbox 346 3967 521 4029; x_wconf 87' lang='lat' dir='ltr'>auctoritate</span> <span class='ocrx_word' id='word_1_234' title='bbox 543 3980 611 4044; x_wconf 73' lang='lat' dir='ltr'>quae</span> <span class='ocrx_word' id='word_1_235' title='bbox 635 3963 675 4024; x_wconf 85' lang='lat' dir='ltr'>sit</span> <span class='ocrx_word' id='word_1_236' title='bbox 702 3974 847 4039; x_wconf 71' lang='lat' dir='ltr'>supremas</span> <span class='ocrx_word' id='word_1_237' title='bbox 871 3957 903 4016; x_wconf 92' lang='lat' dir='ltr'>in</span> <span class='ocrx_word' id='word_1_238' title='bbox 923 3955 1060 4016; x_wconf 87' lang='lat' dir='ltr'>societate</span> <span class='ocrx_word' id='word_1_239' title='bbox 1083 3953 1137 4014; x_wconf 90' lang='lat' dir='ltr'>illa</span> <span class='ocrx_word' id='word_1_240' title='bbox 1157 3953 1339 4014; x_wconf 88' lang='lat' dir='ltr'>auctoritatis</span> 
     </span>
     <span class='ocr_line' id='line_1_32' title="bbox 257 4049 1338 4148; baseline -0.015 -22"><span class='ocrx_word' id='word_1_241' title='bbox 257 4066 465 4148; x_wconf 81' lang='lat' dir='ltr'>participatio,</span> <span class='ocrx_word' id='word_1_242' title='bbox 481 4065 519 4126; x_wconf 90' lang='lat' dir='ltr'>ad</span> <span class='ocrx_word' id='word_1_243' title='bbox 532 4065 687 4145; x_wconf 90' lang='lat' dir='ltr'>proprium</span> <span class='ocrx_word' id='word_1_244' title='bbox 710 4059 804 4122; x_wconf 83' lang='lat' dir='ltr'>simul</span> <span class='ocrx_word' id='word_1_245' title='bbox 830 4057 1073 4132; x_wconf 85' lang='lat' dir='ltr'>uniuscujusque</span> <span class='ocrx_word' id='word_1_246' title='bbox 1095 4052 1235 4114; x_wconf 89' lang='lat' dir='ltr'>consortii</span> <span class='ocrx_word' id='word_1_247' title='bbox 1256 4057 1284 4111; x_wconf 89' lang='lat' dir='ltr'>et</span> <span class='ocrx_word' id='word_1_248' title='bbox 1302 4049 1338 4111; x_wconf 90' lang='lat' dir='ltr'>ad</span> 
     </span>
     <span class='ocr_line' id='line_1_33' title="bbox 261 4150 1340 4240; baseline -0.021 -11"><span class='ocrx_word' id='word_1_249' title='bbox 261 4183 417 4230; x_wconf 83' lang='lat' dir='ltr'>commune</span> <span class='ocrx_word' id='word_1_250' title='bbox 430 4167 522 4229; x_wconf 86' lang='lat' dir='ltr'>totius</span> <span class='ocrx_word' id='word_1_251' title='bbox 544 4163 694 4226; x_wconf 89' lang='lat' dir='ltr'>societatis</span> <span class='ocrx_word' id='word_1_252' title='bbox 714 4159 871 4240; x_wconf 87' lang='lat' dir='ltr'>amplioris</span> <span class='ocrx_word' id='word_1_253' title='bbox 890 4157 1007 4218; x_wconf 88' lang='lat' dir='ltr'>honum</span> <span class='ocrx_word' id='word_1_254' title='bbox 1019 4151 1165 4226; x_wconf 83' lang='lat' dir='ltr'>ordinata,</span> <span class='ocrx_word' id='word_1_255' title='bbox 1182 4150 1340 4226; x_wconf 80' lang='lat' dir='ltr'>eidemque</span> 
     </span>
     <span class='ocr_line' id='line_1_34' title="bbox 261 4252 1340 4348; baseline -0.015 -20"><span class='ocrx_word' id='word_1_256' title='bbox 261 4271 424 4332; x_wconf 87' lang='lat' dir='ltr'>auctoritati</span> <span class='ocrx_word' id='word_1_257' title='bbox 438 4283 586 4348; x_wconf 81' lang='lat' dir='ltr'>supremae</span> <span class='ocrx_word' id='word_1_258' title='bbox 598 4267 631 4326; x_wconf 91' lang='lat' dir='ltr'>in</span> <span class='ocrx_word' id='word_1_259' title='bbox 645 4264 787 4326; x_wconf 89' lang='lat' dir='ltr'>omnihus</span> <span class='ocrx_word' id='word_1_260' title='bbox 803 4263 891 4340; x_wconf 77' lang='lat' dir='ltr'>Juxta</span> <span class='ocrx_word' id='word_1_261' title='bbox 908 4257 988 4335; x_wconf 81' lang='lat' dir='ltr'>leges</span> <span class='ocrx_word' id='word_1_262' title='bbox 1002 4253 1124 4316; x_wconf 89' lang='lat' dir='ltr'>sociales</span> <span class='ocrx_word' id='word_1_263' title='bbox 1143 4252 1340 4332; x_wconf 86' lang='lat' dir='ltr'>hypotaeticas</span> 
     </span>
     <span class='ocr_line' id='line_1_35' title="bbox 260 4351 1341 4448; baseline -0.018 -19"><span class='ocrx_word' id='word_1_264' title='bbox 260 4371 393 4448; x_wconf 81' lang='lat' dir='ltr'>subjecta</span> <span class='ocrx_word' id='word_1_265' title='bbox 410 4369 476 4447; x_wconf 88' lang='lat' dir='ltr'>(lib.</span> <span class='ocrx_word' id='word_1_266' title='bbox 493 4369 543 4441; x_wconf 85' lang='lat' dir='ltr'>vl,</span> <span class='ocrx_word' id='word_1_267' title='bbox 557 4383 622 4447; x_wconf 89' lang='lat' dir='ltr'>cap.</span> <span class='ocrx_word' id='word_1_268' title='bbox 644 4365 677 4440; x_wconf 85' lang='lat'>6,</span> <span class='ocrx_word' id='word_1_269' title='bbox 691 4368 746 4426; x_wconf 89' lang='lat' dir='ltr'>art.</span> <span class='ocrx_word' id='word_1_270' title='bbox 768 4362 812 4438; x_wconf 78' lang='lat'>2).</span> <span class='ocrx_word' id='word_1_271' title='bbox 838 4357 1016 4437; x_wconf 80' lang='lat' dir='ltr'>organicam</span> <span class='ocrx_word' id='word_1_272' title='bbox 1035 4353 1112 4416; x_wconf 89' lang='lat' dir='ltr'>hanc</span> <span class='ocrx_word' id='word_1_273' title='bbox 1124 4351 1341 4414; x_wconf 83' lang='lat' dir='ltr'>consortiorum</span> 
     </span>
     <span class='ocr_line' id='line_1_36' title="bbox 260 4455 1341 4550; baseline -0.02 -19"><span class='ocrx_word' id='word_1_274' title='bbox 260 4472 449 4550; x_wconf 92' lang='lat' dir='ltr'>partitionem</span> <span class='ocrx_word' id='word_1_275' title='bbox 466 4470 500 4528; x_wconf 94' lang='lat' dir='ltr'>in</span> <span class='ocrx_word' id='word_1_276' title='bbox 519 4467 659 4543; x_wconf 85' lang='lat' dir='ltr'>Ecclesia,</span> <span class='ocrx_word' id='word_1_277' title='bbox 673 4480 741 4542; x_wconf 78' lang='lat' dir='ltr'>quaa</span> <span class='ocrx_word' id='word_1_278' title='bbox 757 4461 881 4523; x_wconf 89' lang='lat' dir='ltr'>societas</span> <span class='ocrx_word' id='word_1_279' title='bbox 902 4464 947 4520; x_wconf 88' lang='lat' dir='ltr'>est</span> <span class='ocrx_word' id='word_1_280' title='bbox 967 4463 1028 4518; x_wconf 76' lang='lat' dir='ltr'>mm</span> <span class='ocrx_word' id='word_1_281' title='bbox 1046 4455 1103 4516; x_wconf 89' lang='lat' dir='ltr'>late</span> <span class='ocrx_word' id='word_1_282' title='bbox 1120 4458 1225 4534; x_wconf 88' lang='lat' dir='ltr'>patens</span> <span class='ocrx_word' id='word_1_283' title='bbox 1248 4463 1341 4529; x_wconf 89' lang='lat' dir='ltr'>quam</span> 
     </span>
     <span class='ocr_line' id='line_1_37' title="bbox 260 4553 1339 4651; baseline -0.021 -17"><span class='ocrx_word' id='word_1_284' title='bbox 260 4573 316 4635; x_wconf 86' lang='lat' dir='ltr'>lale</span> <span class='ocrx_word' id='word_1_285' title='bbox 328 4591 425 4651; x_wconf 80' lang='lat' dir='ltr'>genus</span> <span class='ocrx_word' id='word_1_286' title='bbox 444 4573 616 4633; x_wconf 90' lang='lat' dir='ltr'>humanum</span> <span class='ocrx_word' id='word_1_287' title='bbox 633 4569 810 4629; x_wconf 82' lang='lat' dir='ltr'>universum</span> <span class='ocrx_word' id='word_1_288' title='bbox 831 4580 885 4642; x_wconf 90' lang='lat' dir='ltr'>per</span> <span class='ocrx_word' id='word_1_289' title='bbox 905 4568 998 4623; x_wconf 87' lang='lat' dir='ltr'>terras</span> <span class='ocrx_word' id='word_1_290' title='bbox 1020 4573 1125 4621; x_wconf 89' lang='lat' dir='ltr'>omnes</span> <span class='ocrx_word' id='word_1_291' title='bbox 1141 4553 1339 4636; x_wconf 85' lang='lat' dir='ltr'>protenditur,</span> 
     </span>
     <span class='ocr_line' id='line_1_38' title="bbox 261 4651 1342 4750; baseline -0.022 -14"><span class='ocrx_word' id='word_1_292' title='bbox 261 4673 396 4736; x_wconf 72' lang='lat' dir='ltr'>Christus</span> <span class='ocrx_word' id='word_1_293' title='bbox 421 4673 568 4736; x_wconf 82' lang='lat' dir='ltr'>hominus</span> <span class='ocrx_word' id='word_1_294' title='bbox 584 4671 649 4750; x_wconf 90' lang='lat' dir='ltr'>ipse</span> <span class='ocrx_word' id='word_1_295' title='bbox 669 4664 803 4745; x_wconf 78' lang='lat' dir='ltr'>generali</span> <span class='ocrx_word' id='word_1_296' title='bbox 817 4660 949 4740; x_wconf 82' lang='lat' dir='ltr'>quadam</span> <span class='ocrx_word' id='word_1_297' title='bbox 966 4655 1222 4737; x_wconf 84' lang='lat' dir='ltr'>rationeperlecit,</span> <span class='ocrx_word' id='word_1_298' title='bbox 1236 4651 1342 4714; x_wconf 89' lang='lat' dir='ltr'>decer·</span> 
     </span>
     <span class='ocr_line' id='line_1_39' title="bbox 262 4752 1340 4855; baseline -0.022 -18"><span class='ocrx_word' id='word_1_299' title='bbox 262 4775 360 4837; x_wconf 90' lang='lat' dir='ltr'>neudo</span> <span class='ocrx_word' id='word_1_300' title='bbox 381 4777 502 4855; x_wconf 84' lang='lat' dir='ltr'>scilicet,</span> <span class='ocrx_word' id='word_1_301' title='bbox 527 4779 562 4838; x_wconf 88' lang='lat' dir='ltr'>ut</span> <span class='ocrx_word' id='word_1_302' title='bbox 587 4777 694 4854; x_wconf 79' lang='lat' dir='ltr'>preter</span> <span class='ocrx_word' id='word_1_303' title='bbox 718 4766 798 4832; x_wconf 85' lang='lat' dir='ltr'>Petri</span> <span class='ocrx_word' id='word_1_304' title='bbox 831 4775 1033 4827; x_wconf 88' lang='lat' dir='ltr'>successorem</span> <span class='ocrx_word' id='word_1_305' title='bbox 1060 4760 1110 4822; x_wconf 89' lang='lat' dir='ltr'>cui</span> <span class='ocrx_word' id='word_1_306' title='bbox 1138 4755 1236 4820; x_wconf 82' lang='lat' dir='ltr'>clares</span> <span class='ocrx_word' id='word_1_307' title='bbox 1256 4752 1340 4832; x_wconf 78' lang='lat' dir='ltr'>regni</span> 
     </span>
    </p>
   </div>
   <div class='ocr_carea' id='block_1_6' title="bbox 0 0 1784 5675">
    <p class='ocr_par' dir='ltr' id='par_1_7' title="bbox 0 0 1784 5675">
     <span class='ocr_line' id='line_1_40' title="bbox 0 0 1784 5675; baseline 0 3"><span class='ocrx_word' id='word_1_308' title='bbox 0 0 1784 5675; x_wconf 95' lang='lat' dir='ltr'> </span> 
     </span>
    </p>
   </div>
  </div>
 </body>
</html>
