<?xml version="1.0" encoding="UTF-8"?>
<!DOCTYPE html PUBLIC "-//W3C//DTD XHTML 1.0 Transitional//EN"
    "http://www.w3.org/TR/xhtml1/DTD/xhtml1-transitional.dtd">
<html xmlns="http://www.w3.org/1999/xhtml" xml:lang="en" lang="en">
 <head>
  <title>
</title>
<meta http-equiv="Content-Type" content="text/html;charset=utf-8" />
  <meta name='ocr-system' content='tesseract 3.04.00' />
  <meta name='ocr-capabilities' content='ocr_page ocr_carea ocr_par ocr_line ocrx_word'/>
</head>
<body>
  <div class='ocr_page' id='page_1' title='image "./jurisnaturalisu00bensgoog_0404.png"; bbox 0 0 3559 5675; ppageno 0'>
   <div class='ocr_carea' id='block_1_1' title="bbox 480 719 1144 795">
    <p class='ocr_par' dir='ltr' id='par_1_1' title="bbox 480 719 1144 795">
     <span class='ocr_line' id='line_1_1' title="bbox 480 719 1144 795; baseline 0.023 -17"><span class='ocrx_word' id='word_1_1' title='bbox 480 719 539 778; x_wconf 65' lang='lat' dir='ltr'><strong>stro</strong></span> <span class='ocrx_word' id='word_1_2' title='bbox 886 747 965 793; x_wconf 78' lang='lat' dir='ltr'><strong>rurirs</strong></span> <span class='ocrx_word' id='word_1_3' title='bbox 985 749 1144 795; x_wconf 54' lang='lat' dir='ltr'><strong>narremus</strong></span> 
     </span>
    </p>
   </div>
   <div class='ocr_carea' id='block_1_2' title="bbox 473 844 1580 4836">
    <p class='ocr_par' dir='ltr' id='par_1_2' title="bbox 477 844 1580 1527">
     <span class='ocr_line' id='line_1_2' title="bbox 481 844 1522 937; baseline 0.005 -36"><span class='ocrx_word' id='word_1_4' title='bbox 481 844 596 906; x_wconf 79' lang='lat' dir='ltr'><strong>uirtutis</strong></span> <span class='ocrx_word' id='word_1_5' title='bbox 615 850 743 929; x_wconf 72' lang='lat' dir='ltr'><strong>alicujus</strong></span> <span class='ocrx_word' id='word_1_6' title='bbox 763 861 1023 937; x_wconf 75' lang='lat' dir='ltr'><strong>supererogatorioe</strong></span> <span class='ocrx_word' id='word_1_7' title='bbox 1035 858 1167 919; x_wconf 75' lang='lat' dir='ltr'><strong>studium</strong></span> <span class='ocrx_word' id='word_1_8' title='bbox 1184 854 1383 935; x_wconf 76' lang='lat' dir='ltr'><strong>srrscipiendo,</strong></span> <span class='ocrx_word' id='word_1_9' title='bbox 1400 854 1486 911; x_wconf 78' lang='lat' dir='ltr'><strong>laveris</strong></span> <span class='ocrx_word' id='word_1_10' title='bbox 1500 857 1522 908; x_wconf 83' lang='lat' dir='ltr'><strong>ct</strong></span> 
     </span>
     <span class='ocr_line' id='line_1_3' title="bbox 478 956 1521 1039; baseline 0.007 -36"><span class='ocrx_word' id='word_1_11' title='bbox 478 959 649 1028; x_wconf 88' lang='lat' dir='ltr'><strong>cooperans,</strong></span> <span class='ocrx_word' id='word_1_12' title='bbox 665 972 729 1015; x_wconf 88' lang='lat' dir='ltr'><strong>rem</strong></span> <span class='ocrx_word' id='word_1_13' title='bbox 738 956 825 1019; x_wconf 79' lang='lat' dir='ltr'><strong>faciet</strong></span> <span class='ocrx_word' id='word_1_14' title='bbox 839 960 917 1021; x_wconf 86' lang='lat' dir='ltr'><strong>bono</strong></span> <span class='ocrx_word' id='word_1_15' title='bbox 930 962 1074 1022; x_wconf 88' lang='lat' dir='ltr'><strong>societatis</strong></span> <span class='ocrx_word' id='word_1_16' title='bbox 1085 960 1235 1039; x_wconf 78' lang='lat' dir='ltr'><strong>praecipuo</strong></span> <span class='ocrx_word' id='word_1_17' title='bbox 1248 958 1376 1019; x_wconf 80' lang='lat' dir='ltr'>maxime</span> <span class='ocrx_word' id='word_1_18' title='bbox 1388 960 1521 1014; x_wconf 83' lang='lat' dir='ltr'><strong>consenta-</strong></span> 
     </span>
     <span class='ocr_line' id='line_1_4' title="bbox 479 1052 1521 1139; baseline 0.009 -36"><span class='ocrx_word' id='word_1_19' title='bbox 479 1060 578 1109; x_wconf 82' lang='lat' dir='ltr'><strong>neam.</strong></span> <span class='ocrx_word' id='word_1_20' title='bbox 593 1052 626 1109; x_wconf 90' lang='lat' dir='ltr'><strong>tn</strong></span> <span class='ocrx_word' id='word_1_21' title='bbox 649 1052 700 1113; x_wconf 87' lang='lat' dir='ltr'><strong>tali</strong></span> <span class='ocrx_word' id='word_1_22' title='bbox 722 1062 823 1118; x_wconf 89' lang='lat' dir='ltr'><strong>autem</strong></span> <span class='ocrx_word' id='word_1_23' title='bbox 837 1060 998 1131; x_wconf 85' lang='lat' dir='ltr'><strong>casunulli</strong></span> <span class='ocrx_word' id='word_1_24' title='bbox 1014 1062 1136 1139; x_wconf 86' lang='lat' dir='ltr'><strong>milites,</strong></span> <span class='ocrx_word' id='word_1_25' title='bbox 1150 1060 1208 1118; x_wconf 88' lang='lat' dir='ltr'><strong>nisi</strong></span> <span class='ocrx_word' id='word_1_26' title='bbox 1223 1056 1393 1131; x_wconf 82' lang='lat' dir='ltr'><strong>voluntarii,</strong></span> <span class='ocrx_word' id='word_1_27' title='bbox 1410 1052 1521 1117; x_wconf 82' lang='lat' dir='ltr'><strong>conscri-</strong></span> 
     </span>
     <span class='ocr_line' id='line_1_5' title="bbox 478 1145 1523 1238; baseline 0.007 -32"><span class='ocrx_word' id='word_1_28' title='bbox 478 1145 567 1208; x_wconf 88' lang='lat' dir='ltr'><strong>bendi</strong></span> <span class='ocrx_word' id='word_1_29' title='bbox 587 1157 658 1211; x_wconf 77' lang='lat' dir='ltr'><strong>scint</strong></span> <span class='ocrx_word' id='word_1_30' title='bbox 673 1169 681 1212; x_wconf 92' lang='lat'>:</span> <span class='ocrx_word' id='word_1_31' title='bbox 697 1156 750 1231; x_wconf 90' lang='lat' dir='ltr'><strong>qui</strong></span> <span class='ocrx_word' id='word_1_32' title='bbox 775 1158 917 1238; x_wconf 83' lang='lat' dir='ltr'><strong>quidem,</strong></span> <span class='ocrx_word' id='word_1_33' title='bbox 941 1161 1029 1221; x_wconf 90' lang='lat' dir='ltr'><strong>modo</strong></span> <span class='ocrx_word' id='word_1_34' title='bbox 1048 1178 1086 1222; x_wconf 88' lang='lat' dir='ltr'><strong>ne</strong></span> <span class='ocrx_word' id='word_1_35' title='bbox 1108 1160 1164 1219; x_wconf 93' lang='lat' dir='ltr'><strong>ulli</strong></span> <span class='ocrx_word' id='word_1_36' title='bbox 1185 1157 1333 1219; x_wconf 86' lang='lat' dir='ltr'><strong>sociorum</strong></span> <span class='ocrx_word' id='word_1_37' title='bbox 1353 1172 1436 1233; x_wconf 82' lang='lat' dir='ltr'><strong>grave</strong></span> <span class='ocrx_word' id='word_1_38' title='bbox 1450 1152 1523 1231; x_wconf 91' lang='lat' dir='ltr'><strong>quod·</strong></span> 
     </span>
     <span class='ocr_line' id='line_1_6' title="bbox 482 1248 1580 1339; baseline 0.005 -34"><span class='ocrx_word' id='word_1_39' title='bbox 482 1248 559 1324; x_wconf 85' lang='lat' dir='ltr'><strong>piam</strong></span> <span class='ocrx_word' id='word_1_40' title='bbox 574 1251 787 1315; x_wconf 68' lang='lat' dir='ltr'><strong>detrimentum</strong></span> <span class='ocrx_word' id='word_1_41' title='bbox 802 1257 942 1335; x_wconf 81' lang='lat' dir='ltr'><strong>afferant,</strong></span> <span class='ocrx_word' id='word_1_42' title='bbox 968 1266 1107 1339; x_wconf 87' lang='lat' dir='ltr'><strong>poterunt</strong></span> <span class='ocrx_word' id='word_1_43' title='bbox 1122 1260 1227 1335; x_wconf 85' lang='lat' dir='ltr'><strong>utique</strong></span> <span class='ocrx_word' id='word_1_44' title='bbox 1247 1274 1316 1318; x_wconf 83' lang='lat' dir='ltr'><strong>cum</strong></span> <span class='ocrx_word' id='word_1_45' title='bbox 1335 1270 1439 1331; x_wconf 81' lang='lat' dir='ltr'><strong>magna</strong></span> <span class='ocrx_word' id='word_1_46' title='bbox 1456 1251 1525 1313; x_wconf 85' lang='lat' dir='ltr'><strong>laude</strong></span> <span class='ocrx_word' id='word_1_47' title='bbox 1579 1264 1580 1299; x_wconf 68' lang='lat' dir='ltr'><strong>t</strong></span> 
     </span>
     <span class='ocr_line' id='line_1_7' title="bbox 479 1352 1526 1437; baseline 0.006 -34"><span class='ocrx_word' id='word_1_48' title='bbox 479 1362 658 1420; x_wconf 79' lang='lat' dir='ltr'><strong>generosum</strong></span> <span class='ocrx_word' id='word_1_49' title='bbox 683 1352 796 1415; x_wconf 88' lang='lat' dir='ltr'><strong>lacinus</strong></span> <span class='ocrx_word' id='word_1_50' title='bbox 824 1358 965 1437; x_wconf 77' lang='lat' dir='ltr'>aggredi,</span> <span class='ocrx_word' id='word_1_51' title='bbox 990 1359 1069 1437; x_wconf 85' lang='lat' dir='ltr'><strong>qrrod</strong></span> <span class='ocrx_word' id='word_1_52' title='bbox 1093 1360 1144 1419; x_wconf 86' lang='lat' dir='ltr'><strong>alii</strong></span> <span class='ocrx_word' id='word_1_53' title='bbox 1168 1360 1270 1421; x_wconf 88' lang='lat' dir='ltr'><strong>minus</strong></span> <span class='ocrx_word' id='word_1_54' title='bbox 1296 1356 1397 1416; x_wconf 85' lang='lat' dir='ltr'><strong>animo</strong></span> <span class='ocrx_word' id='word_1_55' title='bbox 1420 1352 1526 1413; x_wconf 78' lang='lat' dir='ltr'><strong>valentes</strong></span> 
     </span>
     <span class='ocr_line' id='line_1_8' title="bbox 477 1448 867 1527; baseline 0.028 -24"><span class='ocrx_word' id='word_1_56' title='bbox 477 1448 627 1527; x_wconf 76' lang='lat' dir='ltr'><strong>suscipere</strong></span> <span class='ocrx_word' id='word_1_57' title='bbox 651 1468 711 1513; x_wconf 94' lang='lat' dir='ltr'><strong>non</strong></span> <span class='ocrx_word' id='word_1_58' title='bbox 726 1456 867 1517; x_wconf 86' lang='lat' dir='ltr'><strong>audeaut.</strong></span> 
     </span>
    </p>

    <p class='ocr_par' dir='ltr' id='par_1_3' title="bbox 474 1545 1580 2335">
     <span class='ocr_line' id='line_1_9' title="bbox 518 1545 1523 1635; baseline 0.007 -31"><span class='ocrx_word' id='word_1_59' title='bbox 518 1545 549 1605; x_wconf 95' lang='lat' dir='ltr'><strong>ld</strong></span> <span class='ocrx_word' id='word_1_60' title='bbox 564 1566 634 1611; x_wconf 86' lang='lat' dir='ltr'><strong>vero</strong></span> <span class='ocrx_word' id='word_1_61' title='bbox 655 1551 716 1612; x_wconf 82' lang='lat' dir='ltr'><strong>lieri</strong></span> <span class='ocrx_word' id='word_1_62' title='bbox 733 1571 818 1633; x_wconf 86' lang='lat' dir='ltr'><strong>posse</strong></span> <span class='ocrx_word' id='word_1_63' title='bbox 832 1556 975 1630; x_wconf 72' lang='lat' dir='ltr'><strong>dicimur,</strong></span> <span class='ocrx_word' id='word_1_64' title='bbox 993 1558 1080 1619; x_wconf 90' lang='lat' dir='ltr'><strong>modo</strong></span> <span class='ocrx_word' id='word_1_65' title='bbox 1098 1554 1219 1621; x_wconf 78' lang='lat' dir='ltr'><strong>utillum</strong></span> <span class='ocrx_word' id='word_1_66' title='bbox 1239 1558 1383 1635; x_wconf 81' lang='lat' dir='ltr'><strong>cuiquam</strong></span> <span class='ocrx_word' id='word_1_67' title='bbox 1402 1553 1523 1615; x_wconf 83' lang='lat' dir='ltr'><strong>sooiomn</strong></span> 
     </span>
     <span class='ocr_line' id='line_1_10' title="bbox 475 1648 1580 1737; baseline 0.012 -33"><span class='ocrx_word' id='word_1_68' title='bbox 475 1660 566 1722; x_wconf 77' lang='lat' dir='ltr'><strong>grate</strong></span> <span class='ocrx_word' id='word_1_69' title='bbox 580 1648 792 1715; x_wconf 74' lang='lat' dir='ltr'><strong>detrimentum</strong></span> <span class='ocrx_word' id='word_1_70' title='bbox 808 1656 949 1717; x_wconf 77' lang='lat' dir='ltr'><strong>afferatur</strong></span> <span class='ocrx_word' id='word_1_71' title='bbox 965 1672 973 1717; x_wconf 74' lang='grc' dir='ltr'>ε</span> <span class='ocrx_word' id='word_1_72' title='bbox 991 1676 1061 1719; x_wconf 86' lang='lat' dir='ltr'><strong>nam</strong></span> <span class='ocrx_word' id='word_1_73' title='bbox 1077 1659 1204 1737; x_wconf 79' lang='lat' dir='ltr'><strong>quilibet</strong></span> <span class='ocrx_word' id='word_1_74' title='bbox 1225 1660 1324 1719; x_wconf 86' lang='lat' dir='ltr'><strong>socius</strong></span> <span class='ocrx_word' id='word_1_75' title='bbox 1345 1655 1472 1733; x_wconf 79' lang='lat' dir='ltr'><strong>negativo</strong></span> <span class='ocrx_word' id='word_1_76' title='bbox 1488 1651 1525 1712; x_wconf 77' lang='lat' dir='ltr'><strong>ol</strong></span> <span class='ocrx_word' id='word_1_77' title='bbox 1579 1678 1580 1717; x_wconf 86' lang='lat' dir='ltr'><strong>t</strong></span> 
     </span>
     <span class='ocr_line' id='line_1_11' title="bbox 477 1747 1526 1836; baseline 0.009 -31"><span class='ocrx_word' id='word_1_78' title='bbox 477 1747 634 1823; x_wconf 79' lang='lat' dir='ltr'><strong>stringitur</strong></span> <span class='ocrx_word' id='word_1_79' title='bbox 654 1751 762 1827; x_wconf 84' lang='lat' dir='ltr'><strong>officio,</strong></span> <span class='ocrx_word' id='word_1_80' title='bbox 779 1772 817 1817; x_wconf 89' lang='lat' dir='ltr'><strong>ne</strong></span> <span class='ocrx_word' id='word_1_81' title='bbox 837 1774 1020 1836; x_wconf 90' lang='lat' dir='ltr'><strong>quemquam</strong></span> <span class='ocrx_word' id='word_1_82' title='bbox 1038 1760 1187 1821; x_wconf 82' lang='lat' dir='ltr'><strong>sociorum</strong></span> <span class='ocrx_word' id='word_1_83' title='bbox 1203 1758 1313 1821; x_wconf 90' lang='lat' dir='ltr'><strong>damno</strong></span> <span class='ocrx_word' id='word_1_84' title='bbox 1333 1754 1454 1830; x_wconf 80' lang='lat' dir='ltr'><strong>afficiat3</strong></span> <span class='ocrx_word' id='word_1_85' title='bbox 1473 1754 1526 1813; x_wconf 79' lang='lat' dir='ltr'><strong>truie</strong></span> 
     </span>
     <span class='ocr_line' id='line_1_12' title="bbox 477 1848 1527 1937; baseline 0.014 -34"><span class='ocrx_word' id='word_1_86' title='bbox 477 1852 577 1906; x_wconf 83' lang='lat' dir='ltr'><strong>autem</strong></span> <span class='ocrx_word' id='word_1_87' title='bbox 591 1848 688 1910; x_wconf 86' lang='lat' dir='ltr'><strong>officio</strong></span> <span class='ocrx_word' id='word_1_88' title='bbox 700 1855 859 1932; x_wconf 77' lang='lat' dir='ltr'><strong>respondet</strong></span> <span class='ocrx_word' id='word_1_89' title='bbox 872 1857 904 1917; x_wconf 92' lang='lat' dir='ltr'><strong>in</strong></span> <span class='ocrx_word' id='word_1_90' title='bbox 924 1858 1007 1919; x_wconf 94' lang='lat' dir='ltr'><strong>omni</strong></span> <span class='ocrx_word' id='word_1_91' title='bbox 1019 1860 1099 1920; x_wconf 87' lang='lat' dir='ltr'><strong>socio</strong></span> <span class='ocrx_word' id='word_1_92' title='bbox 1108 1862 1160 1937; x_wconf 89' lang='lat' dir='ltr'><strong>jus</strong></span> <span class='ocrx_word' id='word_1_93' title='bbox 1174 1860 1273 1919; x_wconf 88' lang='lat' dir='ltr'><strong>stricte</strong></span> <span class='ocrx_word' id='word_1_94' title='bbox 1289 1862 1454 1937; x_wconf 86' lang='lat' dir='ltr'><strong>sumptum,</strong></span> <span class='ocrx_word' id='word_1_95' title='bbox 1467 1851 1527 1932; x_wconf 81' lang='lat' dir='ltr'><strong>quod</strong></span> 
     </span>
     <span class='ocr_line' id='line_1_13' title="bbox 477 1944 1527 2037; baseline 0.007 -34"><span class='ocrx_word' id='word_1_96' title='bbox 477 1944 562 2004; x_wconf 89' lang='lat' dir='ltr'><strong>nulla</strong></span> <span class='ocrx_word' id='word_1_97' title='bbox 577 1963 669 2009; x_wconf 84' lang='lat' dir='ltr'><strong>causa</strong></span> <span class='ocrx_word' id='word_1_98' title='bbox 682 1951 801 2013; x_wconf 81' lang='lat' dir='ltr'><strong>virtutis</strong></span> <span class='ocrx_word' id='word_1_99' title='bbox 816 1960 1079 2036; x_wconf 78' lang='lat' dir='ltr'><strong>supererogatoriac</strong></span> <span class='ocrx_word' id='word_1_100' title='bbox 1093 1954 1194 2020; x_wconf 87' lang='lat' dir='ltr'><strong>collidi</strong></span> <span class='ocrx_word' id='word_1_101' title='bbox 1215 1964 1321 2037; x_wconf 83' lang='lat' dir='ltr'><strong>potest.</strong></span> <span class='ocrx_word' id='word_1_102' title='bbox 1342 1959 1379 2018; x_wconf 82' lang='lat' dir='ltr'><strong>nt</strong></span> <span class='ocrx_word' id='word_1_103' title='bbox 1398 1956 1484 2017; x_wconf 85' lang='lat' dir='ltr'><strong>solnm</strong></span> <span class='ocrx_word' id='word_1_104' title='bbox 1500 1951 1527 2011; x_wconf 89' lang='lat' dir='ltr'><strong>de</strong></span> 
     </span>
     <span class='ocr_line' id='line_1_14' title="bbox 475 2045 1527 2135; baseline 0.013 -33"><span class='ocrx_word' id='word_1_105' title='bbox 475 2045 557 2121; x_wconf 77' lang='lat' dir='ltr'><strong>gravi</strong></span> <span class='ocrx_word' id='word_1_106' title='bbox 578 2046 691 2110; x_wconf 87' lang='lat' dir='ltr'><strong>damno</strong></span> <span class='ocrx_word' id='word_1_107' title='bbox 704 2051 731 2111; x_wconf 95' lang='lat' dir='ltr'><strong>id</strong></span> <span class='ocrx_word' id='word_1_108' title='bbox 747 2053 977 2133; x_wconf 83' lang='lat' dir='ltr'><strong>intelligendum</strong></span> <span class='ocrx_word' id='word_1_109' title='bbox 992 2065 1048 2133; x_wconf 88' lang='lat' dir='ltr'><strong>est,</strong></span> <span class='ocrx_word' id='word_1_110' title='bbox 1069 2058 1142 2135; x_wconf 84' lang='lat' dir='ltr'><strong>quia</strong></span> <span class='ocrx_word' id='word_1_111' title='bbox 1155 2056 1220 2119; x_wconf 84' lang='lat' dir='ltr'><strong>leve</strong></span> <span class='ocrx_word' id='word_1_112' title='bbox 1235 2057 1372 2118; x_wconf 86' lang='lat' dir='ltr'><strong>alienum</strong></span> <span class='ocrx_word' id='word_1_113' title='bbox 1391 2057 1527 2135; x_wconf 80' lang='lat' dir='ltr'><strong>ineommo</strong></span> 
     </span>
     <span class='ocr_line' id='line_1_15' title="bbox 474 2140 1527 2234; baseline 0.008 -34"><span class='ocrx_word' id='word_1_114' title='bbox 474 2140 548 2203; x_wconf 89' lang='lat' dir='ltr'><strong>dum</strong></span> <span class='ocrx_word' id='word_1_115' title='bbox 561 2160 752 2227; x_wconf 89' lang='lat' dir='ltr'><strong>nequaquam</strong></span> <span class='ocrx_word' id='word_1_116' title='bbox 766 2154 877 2215; x_wconf 85' lang='lat' dir='ltr'><strong>sullieit</strong></span> <span class='ocrx_word' id='word_1_117' title='bbox 889 2156 926 2217; x_wconf 88' lang='lat' dir='ltr'><strong>ad</strong></span> <span class='ocrx_word' id='word_1_118' title='bbox 942 2155 1144 2218; x_wconf 88' lang='lat' dir='ltr'><strong>collidendum</strong></span> <span class='ocrx_word' id='word_1_119' title='bbox 1154 2160 1220 2234; x_wconf 84' lang='lat' dir='ltr'><strong>jue,</strong></span> <span class='ocrx_word' id='word_1_120' title='bbox 1235 2156 1315 2233; x_wconf 92' lang='lat' dir='ltr'><strong>quod</strong></span> <span class='ocrx_word' id='word_1_121' title='bbox 1336 2156 1420 2217; x_wconf 88' lang='lat' dir='ltr'><strong>omni</strong></span> <span class='ocrx_word' id='word_1_122' title='bbox 1435 2148 1527 2213; x_wconf 90' lang='lat' dir='ltr'><strong>homini</strong></span> 
     </span>
     <span class='ocr_line' id='line_1_16' title="bbox 476 2244 1580 2335; baseline 0.024 -35"><span class='ocrx_word' id='word_1_123' title='bbox 476 2247 531 2317; x_wconf 82' lang='lat' dir='ltr'><strong>est,</strong></span> <span class='ocrx_word' id='word_1_124' title='bbox 550 2244 644 2305; x_wconf 86' lang='lat' dir='ltr'><strong>ardna</strong></span> <span class='ocrx_word' id='word_1_125' title='bbox 658 2256 687 2309; x_wconf 92' lang='lat' dir='ltr'><strong>et</strong></span> <span class='ocrx_word' id='word_1_126' title='bbox 695 2267 839 2327; x_wconf 79' lang='lat' dir='ltr'><strong>generosa</strong></span> <span class='ocrx_word' id='word_1_127' title='bbox 852 2254 982 2316; x_wconf 84' lang='lat' dir='ltr'><strong>lucinora</strong></span> <span class='ocrx_word' id='word_1_128' title='bbox 994 2257 1185 2335; x_wconf 86' lang='lat' dir='ltr'><strong>suscipiendi.</strong></span> <span class='ocrx_word' id='word_1_129' title='bbox 1579 2322 1580 2327; x_wconf 73' lang='grc'>,</span> 
     </span>
    </p>

    <p class='ocr_par' dir='ltr' id='par_1_4' title="bbox 476 2346 1580 2826">
     <span class='ocr_line' id='line_1_17' title="bbox 516 2346 1580 2445; baseline 0.011 -42"><span class='ocrx_word' id='word_1_130' title='bbox 516 2346 581 2405; x_wconf 83' lang='lat' dir='ltr'><strong>lam</strong></span> <span class='ocrx_word' id='word_1_131' title='bbox 601 2364 635 2407; x_wconf 87' lang='lat' dir='ltr'><strong>ex</strong></span> <span class='ocrx_word' id='word_1_132' title='bbox 657 2349 693 2409; x_wconf 86' lang='lat' dir='ltr'><strong>iis</strong></span> <span class='ocrx_word' id='word_1_133' title='bbox 708 2367 775 2428; x_wconf 79' lang='lat' dir='ltr'><strong>qua</strong></span> <span class='ocrx_word' id='word_1_134' title='bbox 790 2352 933 2414; x_wconf 84' lang='lat' dir='ltr'><strong>haetenus</strong></span> <span class='ocrx_word' id='word_1_135' title='bbox 949 2356 1229 2433; x_wconf 80' lang='lat' dir='ltr'><strong>animadvertimus,</strong></span> <span class='ocrx_word' id='word_1_136' title='bbox 1245 2356 1416 2435; x_wconf 79' lang='lat' dir='ltr'><strong>intelligere</strong></span> <span class='ocrx_word' id='word_1_137' title='bbox 1429 2356 1530 2431; x_wconf 83' lang='lat' dir='ltr'><strong>quisque</strong></span> <span class='ocrx_word' id='word_1_138' title='bbox 1579 2392 1580 2445; x_wconf 62' lang='lat' dir='ltr'><strong>q</strong></span> 
     </span>
     <span class='ocr_line' id='line_1_18' title="bbox 476 2438 1529 2535; baseline 0.009 -31"><span class='ocrx_word' id='word_1_139' title='bbox 476 2451 571 2521; x_wconf 90' lang='lat' dir='ltr'><strong>potest</strong></span> <span class='ocrx_word' id='word_1_140' title='bbox 591 2464 683 2523; x_wconf 90' lang='lat' dir='ltr'><strong>quam</strong></span> <span class='ocrx_word' id='word_1_141' title='bbox 705 2458 789 2512; x_wconf 88' lang='lat' dir='ltr'><strong>caute</strong></span> <span class='ocrx_word' id='word_1_142' title='bbox 806 2454 1027 2533; x_wconf 84' lang='lat' dir='ltr'><strong>prudenterque</strong></span> <span class='ocrx_word' id='word_1_143' title='bbox 1045 2438 1194 2535; x_wconf 72' lang='lat' dir='ltr'><strong>supremas</strong></span> <span class='ocrx_word' id='word_1_144' title='bbox 1215 2456 1384 2517; x_wconf 77' lang='lat' dir='ltr'><strong>auctoritati</strong></span> <span class='ocrx_word' id='word_1_145' title='bbox 1406 2451 1529 2529; x_wconf 83' lang='lat' dir='ltr'><strong>agendum</strong></span> 
     </span>
     <span class='ocr_line' id='line_1_19' title="bbox 477 2544 1528 2634; baseline 0.007 -31"><span class='ocrx_word' id='word_1_146' title='bbox 477 2544 525 2615; x_wconf 79' lang='lat' dir='ltr'><strong>sit,</strong></span> <span class='ocrx_word' id='word_1_147' title='bbox 551 2562 612 2605; x_wconf 84' lang='lat' dir='ltr'><strong>non</strong></span> <span class='ocrx_word' id='word_1_148' title='bbox 629 2548 727 2609; x_wconf 88' lang='lat' dir='ltr'><strong>solum</strong></span> <span class='ocrx_word' id='word_1_149' title='bbox 750 2552 782 2611; x_wconf 91' lang='lat' dir='ltr'><strong>in</strong></span> <span class='ocrx_word' id='word_1_150' title='bbox 806 2552 878 2614; x_wconf 88' lang='lat' dir='ltr'><strong>belli</strong></span> <span class='ocrx_word' id='word_1_151' title='bbox 894 2554 1091 2615; x_wconf 84' lang='lat' dir='ltr'><strong>denuntiandi</strong></span> <span class='ocrx_word' id='word_1_152' title='bbox 1105 2556 1222 2634; x_wconf 89' lang='lat' dir='ltr'><strong>justitia</strong></span> <span class='ocrx_word' id='word_1_153' title='bbox 1241 2553 1472 2625; x_wconf 84' lang='lat' dir='ltr'><strong>consideranda,</strong></span> <span class='ocrx_word' id='word_1_154' title='bbox 1492 2548 1528 2609; x_wconf 81' lang='lat' dir='ltr'><strong>sel</strong></span> 
     </span>
     <span class='ocr_line' id='line_1_20' title="bbox 476 2644 1529 2734; baseline 0.006 -31"><span class='ocrx_word' id='word_1_155' title='bbox 476 2644 566 2703; x_wconf 88' lang='lat' dir='ltr'><strong>etiam</strong></span> <span class='ocrx_word' id='word_1_156' title='bbox 590 2646 755 2709; x_wconf 79' lang='lat' dir='ltr'><strong>indemnis</strong></span> <span class='ocrx_word' id='word_1_157' title='bbox 773 2652 988 2731; x_wconf 78' lang='lat' dir='ltr'><strong>praevidendis,</strong></span> <span class='ocrx_word' id='word_1_158' title='bbox 1009 2672 1077 2734; x_wconf 74' lang='lat' dir='ltr'><strong>quer</strong></span> <span class='ocrx_word' id='word_1_159' title='bbox 1092 2657 1215 2717; x_wconf 86' lang='lat' dir='ltr'><strong>societas</strong></span> <span class='ocrx_word' id='word_1_160' title='bbox 1229 2672 1265 2715; x_wconf 89' lang='lat' dir='ltr'><strong>ex</strong></span> <span class='ocrx_word' id='word_1_161' title='bbox 1279 2654 1364 2715; x_wconf 86' lang='lat' dir='ltr'><strong>bello</strong></span> <span class='ocrx_word' id='word_1_162' title='bbox 1376 2670 1434 2716; x_wconf 90' lang='lat' dir='ltr'><strong>non</strong></span> <span class='ocrx_word' id='word_1_163' title='bbox 1447 2667 1529 2713; x_wconf 74' lang='lat' dir='ltr'><strong>neus-</strong></span> 
     </span>
     <span class='ocr_line' id='line_1_21' title="bbox 477 2743 794 2826; baseline 0.028 -25"><span class='ocrx_word' id='word_1_164' title='bbox 477 2743 555 2803; x_wconf 88' lang='lat' dir='ltr'><strong>sario</strong></span> <span class='ocrx_word' id='word_1_165' title='bbox 568 2760 671 2823; x_wconf 86' lang='lat' dir='ltr'><strong>capere</strong></span> <span class='ocrx_word' id='word_1_166' title='bbox 686 2756 794 2826; x_wconf 87' lang='lat' dir='ltr'><strong>posset.</strong></span> 
     </span>
    </p>

    <p class='ocr_par' dir='ltr' id='par_1_5' title="bbox 473 2842 1580 4136">
     <span class='ocr_line' id='line_1_22' title="bbox 516 2842 1533 2942; baseline 0.014 -37"><span class='ocrx_word' id='word_1_167' title='bbox 516 2842 644 2907; x_wconf 71' lang='grc' dir='ltr'><strong>(ὶοιιοιι.</strong></span> <span class='ocrx_word' id='word_1_168' title='bbox 661 2852 690 2908; x_wconf 75' lang='lat'><strong>2.</strong></span> <span class='ocrx_word' id='word_1_169' title='bbox 700 2881 741 2896; x_wconf 95' lang='lat'><em>-</em></span> <span class='ocrx_word' id='word_1_170' title='bbox 751 2851 869 2931; x_wconf 86' lang='lat' dir='ltr'><strong>Duplici</strong></span> <span class='ocrx_word' id='word_1_171' title='bbox 883 2853 973 2930; x_wconf 81' lang='lat' dir='ltr'><strong>igitur</strong></span> <span class='ocrx_word' id='word_1_172' title='bbox 985 2855 1096 2918; x_wconf 88' lang='lat' dir='ltr'><strong>ratione</strong></span> <span class='ocrx_word' id='word_1_173' title='bbox 1108 2855 1221 2916; x_wconf 88' lang='lat' dir='ltr'><strong>bellum</strong></span> <span class='ocrx_word' id='word_1_174' title='bbox 1235 2853 1403 2942; x_wconf 87' lang='lat' dir='ltr'><strong>quodpiam</strong></span> <span class='ocrx_word' id='word_1_175' title='bbox 1414 2849 1533 2936; x_wconf 75' lang='lat' dir='ltr'><strong>appellari</strong></span> 
     </span>
     <span class='ocr_line' id='line_1_23' title="bbox 479 2943 1532 3034; baseline 0.015 -34"><span class='ocrx_word' id='word_1_176' title='bbox 479 2943 634 3022; x_wconf 88' lang='lat' dir='ltr'><strong>publicum</strong></span> <span class='ocrx_word' id='word_1_177' title='bbox 647 2955 759 3026; x_wconf 89' lang='lat' dir='ltr'><strong>potest:</strong></span> <span class='ocrx_word' id='word_1_178' title='bbox 774 2950 857 3014; x_wconf 86' lang='lat' dir='ltr'><strong>aliud</strong></span> <span class='ocrx_word' id='word_1_179' title='bbox 879 2953 1101 3032; x_wconf 86' lang='lat' dir='ltr'><strong>scilieet,quod</strong></span> <span class='ocrx_word' id='word_1_180' title='bbox 1111 2955 1183 3016; x_wconf 88' lang='lat' dir='ltr'><strong>socii</strong></span> <span class='ocrx_word' id='word_1_181' title='bbox 1198 2954 1374 3016; x_wconf 86' lang='lat' dir='ltr'><strong>immediate</strong></span> <span class='ocrx_word' id='word_1_182' title='bbox 1390 2971 1441 3034; x_wconf 89' lang='lat' dir='ltr'><strong>per</strong></span> <span class='ocrx_word' id='word_1_183' title='bbox 1453 2970 1480 3012; x_wconf 83' lang='lat' dir='ltr'><strong>se</strong></span> <span class='ocrx_word' id='word_1_184' title='bbox 1492 2950 1532 3030; x_wconf 71' lang='lat' dir='ltr'><strong>ipsi</strong></span> 
     </span>
     <span class='ocr_line' id='line_1_24' title="bbox 477 3042 1532 3134; baseline 0.008 -33"><span class='ocrx_word' id='word_1_185' title='bbox 477 3042 594 3114; x_wconf 82' lang='lat' dir='ltr'><strong>volunt,</strong></span> <span class='ocrx_word' id='word_1_186' title='bbox 605 3044 688 3106; x_wconf 87' lang='lat' dir='ltr'><strong>aliud</strong></span> <span class='ocrx_word' id='word_1_187' title='bbox 702 3049 784 3128; x_wconf 90' lang='lat' dir='ltr'><strong>quod</strong></span> <span class='ocrx_word' id='word_1_188' title='bbox 800 3053 872 3112; x_wconf 84' lang='lat' dir='ltr'><strong>socii</strong></span> <span class='ocrx_word' id='word_1_189' title='bbox 887 3053 994 3114; x_wconf 81' lang='lat' dir='ltr'><strong>volunt</strong></span> <span class='ocrx_word' id='word_1_190' title='bbox 1006 3054 1104 3114; x_wconf 87' lang='lat' dir='ltr'><strong>solum</strong></span> <span class='ocrx_word' id='word_1_191' title='bbox 1122 3055 1250 3116; x_wconf 89' lang='lat' dir='ltr'><strong>mediato</strong></span> <span class='ocrx_word' id='word_1_192' title='bbox 1259 3073 1311 3134; x_wconf 86' lang='lat' dir='ltr'><strong>per</strong></span> <span class='ocrx_word' id='word_1_193' title='bbox 1325 3055 1465 3116; x_wconf 84' lang='lat' dir='ltr'><strong>socialem</strong></span> <span class='ocrx_word' id='word_1_194' title='bbox 1478 3067 1532 3111; x_wconf 83' lang='lat' dir='ltr'><strong>aue</strong></span> 
     </span>
     <span class='ocr_line' id='line_1_25' title="bbox 476 3143 1531 3234; baseline 0.007 -33"><span class='ocrx_word' id='word_1_195' title='bbox 476 3143 624 3204; x_wconf 88' lang='lat' dir='ltr'><strong>toritatem</strong></span> <span class='ocrx_word' id='word_1_196' title='bbox 644 3163 734 3225; x_wconf 84' lang='lat' dir='ltr'><strong>aqua</strong></span> <span class='ocrx_word' id='word_1_197' title='bbox 748 3148 824 3210; x_wconf 90' lang='lat' dir='ltr'><strong>illud</strong></span> <span class='ocrx_word' id='word_1_198' title='bbox 839 3151 1018 3231; x_wconf 78' lang='lat' dir='ltr'><strong>praecipitur.</strong></span> <span class='ocrx_word' id='word_1_199' title='bbox 1036 3153 1071 3213; x_wconf 83' lang='lat' dir='ltr'><strong>Et</strong></span> <span class='ocrx_word' id='word_1_200' title='bbox 1084 3153 1199 3216; x_wconf 86' lang='lat' dir='ltr'><strong>bellum</strong></span> <span class='ocrx_word' id='word_1_201' title='bbox 1214 3152 1290 3216; x_wconf 89' lang='lat' dir='ltr'><strong>illud</strong></span> <span class='ocrx_word' id='word_1_202' title='bbox 1301 3155 1412 3234; x_wconf 89' lang='lat' dir='ltr'><strong>prioris</strong></span> <span class='ocrx_word' id='word_1_203' title='bbox 1425 3150 1531 3231; x_wconf 78' lang='lat' dir='ltr'><strong>generis,</strong></span> 
     </span>
     <span class='ocr_line' id='line_1_26' title="bbox 475 3248 1531 3334; baseline 0.017 -33"><span class='ocrx_word' id='word_1_204' title='bbox 475 3249 570 3320; x_wconf 88' lang='lat' dir='ltr'><strong>potest</strong></span> <span class='ocrx_word' id='word_1_205' title='bbox 585 3248 704 3325; x_wconf 86' lang='lat' dir='ltr'><strong>proprie</strong></span> <span class='ocrx_word' id='word_1_206' title='bbox 725 3249 875 3311; x_wconf 79' lang='lat' dir='ltr'><strong>nationale</strong></span> <span class='ocrx_word' id='word_1_207' title='bbox 895 3253 1011 3332; x_wconf 81' lang='lat' dir='ltr'><strong>vocari3</strong></span> <span class='ocrx_word' id='word_1_208' title='bbox 1030 3253 1114 3314; x_wconf 89' lang='lat' dir='ltr'><strong>aliud</strong></span> <span class='ocrx_word' id='word_1_209' title='bbox 1136 3272 1205 3316; x_wconf 79' lang='lat' dir='ltr'><strong>uero</strong></span> <span class='ocrx_word' id='word_1_210' title='bbox 1231 3256 1406 3334; x_wconf 84' lang='lat' dir='ltr'><strong>posterioris</strong></span> <span class='ocrx_word' id='word_1_211' title='bbox 1425 3251 1531 3332; x_wconf 78' lang='lat' dir='ltr'><strong>generis,</strong></span> 
     </span>
     <span class='ocr_line' id='line_1_27' title="bbox 473 3341 1533 3432; baseline 0.007 -31"><span class='ocrx_word' id='word_1_212' title='bbox 473 3341 626 3419; x_wconf 66' lang='lat' dir='ltr'><strong>paeleum</strong></span> <span class='ocrx_word' id='word_1_213' title='bbox 636 3349 754 3424; x_wconf 92' lang='lat' dir='ltr'><strong>proprie</strong></span> <span class='ocrx_word' id='word_1_214' title='bbox 764 3346 890 3411; x_wconf 87' lang='lat' dir='ltr'><strong>dicetur.</strong></span> <span class='ocrx_word' id='word_1_215' title='bbox 904 3352 976 3425; x_wconf 72' lang='lat' dir='ltr'><strong>Quae</strong></span> <span class='ocrx_word' id='word_1_216' title='bbox 990 3351 1114 3430; x_wconf 90' lang='lat' dir='ltr'><strong>quidem</strong></span> <span class='ocrx_word' id='word_1_217' title='bbox 1129 3351 1278 3414; x_wconf 86' lang='lat' dir='ltr'><strong>distinctio</strong></span> <span class='ocrx_word' id='word_1_218' title='bbox 1293 3356 1399 3432; x_wconf 80' lang='lat' dir='ltr'><strong>magni</strong></span> <span class='ocrx_word' id='word_1_219' title='bbox 1413 3349 1533 3416; x_wconf 87' lang='lat' dir='ltr'><strong>momenti</strong></span> 
     </span>
     <span class='ocr_line' id='line_1_28' title="bbox 476 3441 1534 3531; baseline 0.01 -29"><span class='ocrx_word' id='word_1_220' title='bbox 476 3442 569 3502; x_wconf 88' lang='lat' dir='ltr'><strong>estad</strong></span> <span class='ocrx_word' id='word_1_221' title='bbox 584 3446 637 3520; x_wconf 83' lang='lat' dir='ltr'><strong>jus</strong></span> <span class='ocrx_word' id='word_1_222' title='bbox 652 3448 856 3508; x_wconf 80' lang='lat' dir='ltr'><strong>assertationis</strong></span> <span class='ocrx_word' id='word_1_223' title='bbox 879 3449 935 3510; x_wconf 84' lang='lat' dir='ltr'><strong>rite</strong></span> <span class='ocrx_word' id='word_1_224' title='bbox 951 3441 1165 3528; x_wconf 87' lang='lat' dir='ltr'><strong>applicandum</strong></span> <span class='ocrx_word' id='word_1_225' title='bbox 1188 3443 1319 3514; x_wconf 78' lang='lat' dir='ltr'><strong>societati</strong></span> <span class='ocrx_word' id='word_1_226' title='bbox 1332 3455 1490 3531; x_wconf 68' lang='lat' dir='ltr'><strong>jriolenta.</strong></span> <span class='ocrx_word' id='word_1_227' title='bbox 1508 3449 1534 3508; x_wconf 79' lang='lat' dir='ltr'><strong>dt</strong></span> 
     </span>
     <span class='ocr_line' id='line_1_29' title="bbox 478 3541 1535 3632; baseline 0.009 -33"><span class='ocrx_word' id='word_1_228' title='bbox 478 3541 607 3618; x_wconf 86' lang='lat' dir='ltr'><strong>qualib.</strong></span> <span class='ocrx_word' id='word_1_229' title='bbox 623 3543 667 3618; x_wconf 86' lang='lat'><strong>6·,</strong></span> <span class='ocrx_word' id='word_1_230' title='bbox 682 3559 746 3623; x_wconf 85' lang='lat' dir='ltr'><strong>cap.</strong></span> <span class='ocrx_word' id='word_1_231' title='bbox 760 3545 792 3619; x_wconf 84' lang='lat' dir='ltr'><strong>t,</strong></span> <span class='ocrx_word' id='word_1_232' title='bbox 806 3549 871 3625; x_wconf 86' lang='lat' dir='ltr'><strong>jam</strong></span> <span class='ocrx_word' id='word_1_233' title='bbox 889 3549 1099 3626; x_wconf 79' lang='lat' dir='ltr'><strong>disseruimus.</strong></span> <span class='ocrx_word' id='word_1_234' title='bbox 1115 3553 1248 3626; x_wconf 86' lang='lat' dir='ltr'><strong>Etenim,</strong></span> <span class='ocrx_word' id='word_1_235' title='bbox 1261 3555 1284 3614; x_wconf 90' lang='lat' dir='ltr'><strong>si</strong></span> <span class='ocrx_word' id='word_1_236' title='bbox 1300 3554 1331 3613; x_wconf 89' lang='lat' dir='ltr'><strong>in</strong></span> <span class='ocrx_word' id='word_1_237' title='bbox 1348 3552 1429 3614; x_wconf 85' lang='lat' dir='ltr'><strong>bello</strong></span> <span class='ocrx_word' id='word_1_238' title='bbox 1441 3549 1535 3632; x_wconf 79' lang='lat' dir='ltr'><strong>pullio</strong></span> 
     </span>
     <span class='ocr_line' id='line_1_30' title="bbox 477 3640 1533 3732; baseline 0.013 -34"><span class='ocrx_word' id='word_1_239' title='bbox 477 3640 596 3719; x_wconf 89' lang='lat' dir='ltr'><strong>proprie</strong></span> <span class='ocrx_word' id='word_1_240' title='bbox 609 3641 687 3703; x_wconf 87' lang='lat' dir='ltr'><strong>dicto</strong></span> <span class='ocrx_word' id='word_1_241' title='bbox 699 3645 830 3720; x_wconf 79' lang='lat' dir='ltr'><strong>gerendo</strong></span> <span class='ocrx_word' id='word_1_242' title='bbox 844 3645 931 3726; x_wconf 79' lang='lat' dir='ltr'><strong>culpa</strong></span> <span class='ocrx_word' id='word_1_243' title='bbox 944 3665 1006 3710; x_wconf 85' lang='lat' dir='ltr'><strong>sese</strong></span> <span class='ocrx_word' id='word_1_244' title='bbox 1018 3649 1120 3730; x_wconf 84' lang='lat' dir='ltr'><strong>aliqua</strong></span> <span class='ocrx_word' id='word_1_245' title='bbox 1129 3653 1258 3732; x_wconf 89' lang='lat' dir='ltr'><strong>populus</strong></span> <span class='ocrx_word' id='word_1_246' title='bbox 1277 3653 1454 3732; x_wconf 75' lang='lat' dir='ltr'><strong>obstringat,</strong></span> <span class='ocrx_word' id='word_1_247' title='bbox 1465 3651 1533 3728; x_wconf 75' lang='lat' dir='ltr'><strong>culpo</strong></span> 
     </span>
     <span class='ocr_line' id='line_1_31' title="bbox 477 3738 1533 3834; baseline 0.014 -37"><span class='ocrx_word' id='word_1_248' title='bbox 477 3738 533 3799; x_wconf 89' lang='lat' dir='ltr'><strong>ista</strong></span> <span class='ocrx_word' id='word_1_249' title='bbox 555 3757 635 3800; x_wconf 85' lang='lat' dir='ltr'><strong>mere</strong></span> <span class='ocrx_word' id='word_1_250' title='bbox 659 3744 777 3805; x_wconf 87' lang='lat' dir='ltr'><strong>socialis</strong></span> <span class='ocrx_word' id='word_1_251' title='bbox 792 3747 861 3820; x_wconf 87' lang='lat' dir='ltr'><strong>erit,</strong></span> <span class='ocrx_word' id='word_1_252' title='bbox 876 3763 931 3808; x_wconf 91' lang='lat' dir='ltr'><strong>nec</strong></span> <span class='ocrx_word' id='word_1_253' title='bbox 940 3751 1023 3827; x_wconf 83' lang='lat' dir='ltr'><strong>juste</strong></span> <span class='ocrx_word' id='word_1_254' title='bbox 1043 3753 1150 3829; x_wconf 84' lang='lat' dir='ltr'><strong>poterit</strong></span> <span class='ocrx_word' id='word_1_255' title='bbox 1167 3753 1228 3812; x_wconf 87' lang='lat' dir='ltr'><strong>alia</strong></span> <span class='ocrx_word' id='word_1_256' title='bbox 1239 3771 1325 3833; x_wconf 81' lang='lat' dir='ltr'><strong>prena</strong></span> <span class='ocrx_word' id='word_1_257' title='bbox 1342 3773 1437 3834; x_wconf 85' lang='lat' dir='ltr'><strong>quam</strong></span> <span class='ocrx_word' id='word_1_258' title='bbox 1452 3749 1533 3816; x_wconf 81' lang='lat' dir='ltr'><strong>sociali</strong></span> 
     </span>
     <span class='ocr_line' id='line_1_32' title="bbox 478 3839 1580 3956; baseline 0.014 -59"><span class='ocrx_word' id='word_1_259' title='bbox 478 3839 589 3918; x_wconf 90' lang='lat' dir='ltr'><strong>puniri.</strong></span> <span class='ocrx_word' id='word_1_260' title='bbox 600 3843 647 3920; x_wconf 80' lang='lat' dir='ltr'><strong>at,</strong></span> <span class='ocrx_word' id='word_1_261' title='bbox 663 3845 688 3903; x_wconf 87' lang='lat' dir='ltr'><strong>si</strong></span> <span class='ocrx_word' id='word_1_262' title='bbox 698 3843 847 3922; x_wconf 88' lang='lat' dir='ltr'><strong>ejusmodi</strong></span> <span class='ocrx_word' id='word_1_263' title='bbox 859 3847 979 3926; x_wconf 85' lang='lat' dir='ltr'><strong>culpam</strong></span> <span class='ocrx_word' id='word_1_264' title='bbox 994 3849 1025 3910; x_wconf 91' lang='lat' dir='ltr'><strong>in</strong></span> <span class='ocrx_word' id='word_1_265' title='bbox 1040 3849 1118 3912; x_wconf 85' lang='lat' dir='ltr'><strong>bello</strong></span> <span class='ocrx_word' id='word_1_266' title='bbox 1132 3852 1274 3912; x_wconf 74' lang='lat' dir='ltr'><strong>nmionolr&#39;</strong></span> <span class='ocrx_word' id='word_1_267' title='bbox 1287 3857 1420 3934; x_wconf 90' lang='lat' dir='ltr'><strong>populus</strong></span> <span class='ocrx_word' id='word_1_268' title='bbox 1432 3852 1533 3916; x_wconf 83' lang='lat' dir='ltr'><strong>commi·</strong></span> <span class='ocrx_word' id='word_1_269' title='bbox 1579 3895 1580 3956; x_wconf 71' lang='lat' dir='ltr'><strong>t</strong></span> 
     </span>
     <span class='ocr_line' id='line_1_33' title="bbox 479 3942 1534 4036; baseline 0.013 -34"><span class='ocrx_word' id='word_1_270' title='bbox 479 3942 563 4016; x_wconf 89' lang='lat' dir='ltr'><strong>serit,</strong></span> <span class='ocrx_word' id='word_1_271' title='bbox 584 3947 795 4024; x_wconf 86' lang='lat' dir='ltr'><strong>unusquisque</strong></span> <span class='ocrx_word' id='word_1_272' title='bbox 816 3951 1018 4025; x_wconf 79' lang='lat' dir='ltr'><strong>pugnantium</strong></span> <span class='ocrx_word' id='word_1_273' title='bbox 1032 3951 1069 4013; x_wconf 88' lang='lat' dir='ltr'><strong>de</strong></span> <span class='ocrx_word' id='word_1_274' title='bbox 1089 3953 1142 4014; x_wconf 91' lang='lat' dir='ltr'><strong>illo</strong></span> <span class='ocrx_word' id='word_1_275' title='bbox 1163 3957 1275 4035; x_wconf 92' lang='lat' dir='ltr'><strong>populo</strong></span> <span class='ocrx_word' id='word_1_276' title='bbox 1289 3958 1476 4034; x_wconf 72' lang='lat' dir='ltr'><strong>pemomlem</strong></span> <span class='ocrx_word' id='word_1_277' title='bbox 1492 3973 1534 4036; x_wconf 87' lang='lat' dir='ltr'><strong>po·</strong></span> 
     </span>
     <span class='ocr_line' id='line_1_34' title="bbox 478 4041 1391 4136; baseline 0.021 -35"><span class='ocrx_word' id='word_1_278' title='bbox 478 4041 623 4103; x_wconf 88' lang='lat' dir='ltr'><strong>uitionern</strong></span> <span class='ocrx_word' id='word_1_279' title='bbox 648 4052 791 4124; x_wconf 86' lang='lat' dir='ltr'><strong>meretur,</strong></span> <span class='ocrx_word' id='word_1_280' title='bbox 806 4047 879 4123; x_wconf 87' lang='lat' dir='ltr'><strong>quia</strong></span> <span class='ocrx_word' id='word_1_281' title='bbox 899 4049 1051 4112; x_wconf 83' lang='lat' dir='ltr'><strong>voluntate</strong></span> <span class='ocrx_word' id='word_1_282' title='bbox 1074 4051 1251 4116; x_wconf 85' lang='lat' dir='ltr'><strong>individuali</strong></span> <span class='ocrx_word' id='word_1_283' title='bbox 1264 4063 1391 4136; x_wconf 78' lang='lat' dir='ltr'><strong>pugnat.</strong></span> 
     </span>
    </p>

    <p class='ocr_par' dir='ltr' id='par_1_6' title="bbox 476 4130 1580 4438">
     <span class='ocr_line' id='line_1_35' title="bbox 518 4130 1580 4235; baseline 0.019 -35"><span class='ocrx_word' id='word_1_284' title='bbox 518 4143 606 4203; x_wconf 82' lang='lat'>1190.</span> <span class='ocrx_word' id='word_1_285' title='bbox 622 4147 689 4207; x_wconf 81' lang='lat' dir='ltr'><strong>Poe.</strong></span> <span class='ocrx_word' id='word_1_286' title='bbox 705 4130 788 4208; x_wconf 54' lang='lat'><strong>588³.</strong></span> <span class='ocrx_word' id='word_1_287' title='bbox 804 4181 843 4194; x_wconf 93' lang='lat'><em>-</em></span> <span class='ocrx_word' id='word_1_288' title='bbox 856 4137 980 4210; x_wconf 77' lang='lat' dir='ltr'><strong>Publica</strong></span> <span class='ocrx_word' id='word_1_289' title='bbox 992 4149 1104 4214; x_wconf 88' lang='lat' dir='ltr'><strong>utilitas</strong></span> <span class='ocrx_word' id='word_1_290' title='bbox 1121 4161 1167 4226; x_wconf 84' lang='lat' dir='ltr'><strong>est</strong></span> <span class='ocrx_word' id='word_1_291' title='bbox 1180 4172 1298 4235; x_wconf 82' lang='lat' dir='ltr'><strong>semper</strong></span> <span class='ocrx_word' id='word_1_292' title='bbox 1314 4158 1467 4221; x_wconf 85' lang='lat' dir='ltr'><strong>sufficiens</strong></span> <span class='ocrx_word' id='word_1_293' title='bbox 1477 4157 1533 4218; x_wconf 90' lang='lat' dir='ltr'><strong>ratio</strong></span> <span class='ocrx_word' id='word_1_294' title='bbox 1579 4173 1580 4194; x_wconf 63' lang='lat'>¹</span> 
     </span>
     <span class='ocr_line' id='line_1_36' title="bbox 476 4243 1580 4334; baseline 0.015 -30"><span class='ocrx_word' id='word_1_295' title='bbox 476 4243 513 4304; x_wconf 87' lang='lat' dir='ltr'><strong>ad</strong></span> <span class='ocrx_word' id='word_1_296' title='bbox 536 4243 652 4304; x_wconf 90' lang='lat' dir='ltr'><strong>bellum</strong></span> <span class='ocrx_word' id='word_1_297' title='bbox 671 4244 794 4310; x_wconf 86' lang='lat' dir='ltr'><strong>aliunde</strong></span> <span class='ocrx_word' id='word_1_298' title='bbox 807 4251 927 4325; x_wconf 85' lang='lat' dir='ltr'><strong>justum</strong></span> <span class='ocrx_word' id='word_1_299' title='bbox 946 4254 1184 4334; x_wconf 86' lang='lat' dir='ltr'><strong>suscipiendum,</strong></span> <span class='ocrx_word' id='word_1_300' title='bbox 1205 4257 1294 4320; x_wconf 89' lang='lat' dir='ltr'><strong>modo</strong></span> <span class='ocrx_word' id='word_1_301' title='bbox 1314 4259 1366 4322; x_wconf 88' lang='lat' dir='ltr'><strong>illa</strong></span> <span class='ocrx_word' id='word_1_302' title='bbox 1389 4263 1429 4323; x_wconf 86' lang='lat' dir='ltr'><strong>sit</strong></span> <span class='ocrx_word' id='word_1_303' title='bbox 1454 4257 1530 4320; x_wconf 86' lang='lat' dir='ltr'><strong>mani·</strong></span> <span class='ocrx_word' id='word_1_304' title='bbox 1579 4295 1580 4316; x_wconf 57' lang='lat' dir='ltr'><strong>r</strong></span> 
     </span>
     <span class='ocr_line' id='line_1_37' title="bbox 476 4343 1580 4438; baseline 0.022 -36"><span class='ocrx_word' id='word_1_305' title='bbox 476 4343 549 4404; x_wconf 86' lang='lat' dir='ltr'><strong>leste</strong></span> <span class='ocrx_word' id='word_1_306' title='bbox 566 4345 662 4420; x_wconf 88' lang='lat' dir='ltr'><strong>major</strong></span> <span class='ocrx_word' id='word_1_307' title='bbox 675 4347 795 4423; x_wconf 84' lang='lat' dir='ltr'><strong>publico</strong></span> <span class='ocrx_word' id='word_1_308' title='bbox 806 4349 985 4414; x_wconf 89' lang='lat' dir='ltr'><strong>detrimento</strong></span> <span class='ocrx_word' id='word_1_309' title='bbox 999 4355 1077 4432; x_wconf 88' lang='lat' dir='ltr'><strong>quod</strong></span> <span class='ocrx_word' id='word_1_310' title='bbox 1097 4372 1133 4416; x_wconf 77' lang='lat' dir='ltr'><strong>ex</strong></span> <span class='ocrx_word' id='word_1_311' title='bbox 1154 4357 1234 4420; x_wconf 88' lang='lat' dir='ltr'><strong>bello</strong></span> <span class='ocrx_word' id='word_1_312' title='bbox 1246 4359 1378 4422; x_wconf 88' lang='lat' dir='ltr'><strong>timetur.</strong></span> <span class='ocrx_word' id='word_1_313' title='bbox 1579 4414 1580 4438; x_wconf 35' lang='lat' dir='ltr'><strong>p</strong></span> 
     </span>
    </p>

    <p class='ocr_par' dir='ltr' id='par_1_7' title="bbox 476 4445 1580 4836">
     <span class='ocr_line' id='line_1_38' title="bbox 519 4445 1580 4536; baseline 0.021 -34"><span class='ocrx_word' id='word_1_314' title='bbox 519 4445 612 4505; x_wconf 75' lang='lat' dir='ltr'><strong>l&#39;non.</strong></span> <span class='ocrx_word' id='word_1_315' title='bbox 627 4476 666 4488; x_wconf 95' lang='lat'>-</span> <span class='ocrx_word' id='word_1_316' title='bbox 685 4446 806 4510; x_wconf 85' lang='lat' dir='ltr'><strong>Socialis</strong></span> <span class='ocrx_word' id='word_1_317' title='bbox 827 4453 985 4514; x_wconf 74' lang='lat' dir='ltr'><strong>auctoritas</strong></span> <span class='ocrx_word' id='word_1_318' title='bbox 1003 4471 1120 4536; x_wconf 86' lang='lat' dir='ltr'><strong>semper</strong></span> <span class='ocrx_word' id='word_1_319' title='bbox 1134 4457 1220 4520; x_wconf 87' lang='lat' dir='ltr'><strong>debet</strong></span> <span class='ocrx_word' id='word_1_320' title='bbox 1238 4463 1384 4524; x_wconf 87' lang='lat' dir='ltr'><strong>societatis</strong></span> <span class='ocrx_word' id='word_1_321' title='bbox 1398 4459 1532 4526; x_wconf 78' lang='lat' dir='ltr'><strong>commodo</strong></span> <span class='ocrx_word' id='word_1_322' title='bbox 1579 4460 1580 4518; x_wconf 82' lang='lat' dir='ltr'><strong>l</strong></span> 
     </span>
     <span class='ocr_line' id='line_1_39' title="bbox 476 4543 1532 4633; baseline 0.017 -33"><span class='ocrx_word' id='word_1_323' title='bbox 476 4546 566 4618; x_wconf 89' lang='lat' dir='ltr'><strong>atque</strong></span> <span class='ocrx_word' id='word_1_324' title='bbox 587 4543 884 4625; x_wconf 85' lang='lat' dir='ltr'><strong>utilitates‚aliunds</strong></span> <span class='ocrx_word' id='word_1_325' title='bbox 902 4557 999 4631; x_wconf 87' lang='lat' dir='ltr'><strong>justas</strong></span> <span class='ocrx_word' id='word_1_326' title='bbox 1018 4561 1107 4633; x_wconf 85' lang='lat' dir='ltr'><strong>atque</strong></span> <span class='ocrx_word' id='word_1_327' title='bbox 1121 4556 1274 4632; x_wconf 84' lang='lat' dir='ltr'><strong>honestas,</strong></span> <span class='ocrx_word' id='word_1_328' title='bbox 1299 4561 1456 4624; x_wconf 84' lang='lat' dir='ltr'><strong>efficaciter</strong></span> <span class='ocrx_word' id='word_1_329' title='bbox 1473 4557 1532 4620; x_wconf 87' lang='lat' dir='ltr'><strong>tueri</strong></span> 
     </span>
     <span class='ocr_line' id='line_1_40' title="bbox 477 4646 1531 4735; baseline 0.02 -37"><span class='ocrx_word' id='word_1_330' title='bbox 477 4646 567 4716; x_wconf 86' lang='lat' dir='ltr'><strong>atque</strong></span> <span class='ocrx_word' id='word_1_331' title='bbox 582 4659 700 4720; x_wconf 79' lang='lat' dir='ltr'><strong>augere.</strong></span> <span class='ocrx_word' id='word_1_332' title='bbox 719 4649 807 4726; x_wconf 75' lang='lat' dir='ltr'><strong>Ergo.</strong></span> <span class='ocrx_word' id='word_1_333' title='bbox 823 4650 919 4727; x_wconf 82' lang='lat' dir='ltr'><strong>siquis</strong></span> <span class='ocrx_word' id='word_1_334' title='bbox 931 4654 1009 4714; x_wconf 85' lang='lat' dir='ltr'><strong>alius</strong></span> <span class='ocrx_word' id='word_1_335' title='bbox 1019 4656 1157 4735; x_wconf 78' lang='lat' dir='ltr'><strong>populus,</strong></span> <span class='ocrx_word' id='word_1_336' title='bbox 1170 4659 1199 4726; x_wconf 81' lang='lat' dir='ltr'><strong>vi</strong></span> <span class='ocrx_word' id='word_1_337' title='bbox 1209 4667 1261 4720; x_wconf 90' lang='lat' dir='ltr'><strong>ant</strong></span> <span class='ocrx_word' id='word_1_338' title='bbox 1271 4660 1376 4731; x_wconf 75' lang='lat' dir='ltr'><strong>{relide</strong></span> <span class='ocrx_word' id='word_1_339' title='bbox 1386 4659 1531 4724; x_wconf 83' lang='lat' dir='ltr'><strong>voluntario</strong></span> 
     </span>
     <span class='ocr_line' id='line_1_41' title="bbox 476 4738 1530 4836; baseline 0.015 -36"><span class='ocrx_word' id='word_1_340' title='bbox 476 4738 617 4816; x_wconf 82' lang='lat' dir='ltr'><strong>adhibita,</strong></span> <span class='ocrx_word' id='word_1_341' title='bbox 642 4743 968 4828; x_wconf 65' lang='lat' dir='ltr'><strong>impedimentorum</strong></span> <span class='ocrx_word' id='word_1_342' title='bbox 983 4757 1102 4816; x_wconf 85' lang='lat' dir='ltr'><strong>socialis</strong></span> <span class='ocrx_word' id='word_1_343' title='bbox 1114 4758 1251 4836; x_wconf 81' lang='lat' dir='ltr'><strong>quendam</strong></span> <span class='ocrx_word' id='word_1_344' title='bbox 1267 4761 1424 4822; x_wconf 83' lang='lat' dir='ltr'><strong>auctoritas</strong></span> <span class='ocrx_word' id='word_1_345' title='bbox 1436 4760 1530 4824; x_wconf 88' lang='lat' dir='ltr'><strong>utilita-</strong></span> 
     </span>
    </p>
   </div>
   <div class='ocr_carea' id='block_1_3' title="bbox 0 0 1784 5675">
    <p class='ocr_par' dir='ltr' id='par_1_8' title="bbox 0 0 1784 5675">
     <span class='ocr_line' id='line_1_42' title="bbox 0 0 1784 5675; baseline 0 2"><span class='ocrx_word' id='word_1_346' title='bbox 0 0 1784 5675; x_wconf 95' lang='lat' dir='ltr'><strong> </strong></span> 
     </span>
    </p>
   </div>
  </div>
 </body>
</html>
