3559 5675
460 702 523 784 414
869 722 948 795 spus
966 722 1127 775 remmus

461 832 571 893 toritati
590 834 754 895 obnoxium
780 836 827 895 sit.
849 835 948 909 Quare
964 835 1053 903 actio,
1075 850 1170 911 quem
1184 835 1323 906 Foetesia
1342 837 1508 932 minutriad

462 930 614 991 internum
636 931 718 994 bunc
739 933 876 995 ordinem
898 930 1116 995 individualem
1132 932 1301 1011 regendum
1314 944 1511 1013 aaronque

461 1034 506 1089 est
525 1033 761 1109 supernaturalis
778 1038 868 1111 atque
882 1032 1013 1103 interna.

499 1129 659 1212 Caeterum,
684 1124 1018 1233 quamquammefflum
1036 1132 1113 1195 illud
1130 1134 1170 1195 sit
1187 1152 1242 1221 per
1263 1152 1297 1197 ss
1310 1153 1428 1216 prorsus
1441 1139 1514 1217 spiri

460 1228 541 1307 tuale
561 1237 591 1291 et
615 1232 780 1309 internum,
803 1236 996 1321 ejusutameu
1018 1234 1249 1295 communicatio
1276 1236 1383 1297 multia
1403 1239 1513 1309 exterus

460 1326 555 1410 signis
572 1338 662 1411 atquc
682 1334 812 1395 externis
834 1332 1001 1395 actionibus
1015 1342 1061 1395 est
1080 1334 1232 1397 aCbristo
1247 1338 1378 1399 Domino
1390 1316 1513 1415 alligate:

460 1430 541 1503 unde
560 1432 693 1517 primunr
709 1432 858 1511 quoddam
873 1440 1002 1495 externas
1016 1434 1163 1495 societatis
1182 1434 1369 1497 elementum
1382 1440 1503 1513 emergit

497 1532 535 1591 lt
563 1548 631 1591 vero
655 1532 687 1593 in
719 1532 852 1593 Ecclesia
882 1538 968 1596 motu
992 1530 1116 1609 sociali,
1146 1535 1289 1610 quamvis
1313 1531 1385 1595 finis
1407 1536 1515 1599 ultimus

459 1646 577 1711 semper
593 1632 633 1691 sit
652 1632 826 1711 spiritualis,
852 1632 922 1692 linis
947 1639 1047 1693 umen
1070 1630 1265 1693 immediatus
1285 1640 1318 1722 et
1342 1634 1438 1696 media
1458 1643 1517 1706 snut

458 1745 511 1807 per
536 1746 567 1791 se
592 1737 713 1791 externa
734 1738 763 1792 et
785 1731 964 1804 materialia,
985 1731 1038 1791 sed
1059 1733 1178 1805 interno
1198 1731 1259 1794 dne
1284 1750 1304 1793 a
1326 1732 1425 1822 medio
1446 1733 1517 1817 spiri
1591 1721 1592 1732 ¹

457 1828 591 1891 tualibus
610 1830 778 1893 informata.

499 1928 588 1989 rust.
602 1930 670 1991 Pus.
685 1930 770 1991 637⁸.
783 1962 824 1975 -
837 1928 1042 1991 Ecclesiastico
1056 1931 1218 1994 auctoritas
1233 1930 1322 1993 nullo
1334 1939 1422 2021 pacto
1432 1939 1518 1998 aucto

457 2028 558 2089 ritates
571 2028 661 2090 laicas
675 2028 869 2092 absorbstvel
881 2030 1007 2111 impedit
1020 2032 1053 2091 in
1065 2028 1131 2091 ulls
1142 2049 1188 2105 re,
1198 2048 1266 2109 ques
1280 2030 1320 2092 ad
1334 2048 1401 2093 vers
1412 2032 1518 2095 illerum

454 2130 524 2203 jura
545 2130 723 2211 pertineant.

497 2230 677 2295 Norruunrt.
697 2264 736 2277 -
754 2228 845 2293 [αἰεα
862 2230 975 2296 dicitur
992 2233 1091 2294 omnis
1105 2232 1266 2295 auctoritas
1288 2236 1382 2312 cqjus
1395 2235 1518 2320 proprius

456 2328 524 2391 finis
538 2338 584 2392 est
596 2350 678 2393 mere
691 2332 839 2394 naturalis
853 2349 886 2393 ae
895 2331 1083 2411 temporalis.

495 2430 589 2493 Paos.
603 2434 633 2489 l·
649 2447 734 2493 rans.
751 2420 994 2511 -Quamquam
1008 2431 1140 2493 Ecclesia
1153 2431 1193 2492 sit
1217 2432 1377 2494 associatio
1398 2433 1518 2514 publiea,

456 2536 485 2591 et
505 2546 689 2609 quacunque
714 2531 776 2592 alia
804 2530 927 2614 publica
948 2531 1086 2593 socictate
1110 2530 1210 2592 multo
1231 2533 1379 2611 amplior,
1406 2540 1519 2595 atamen

454 2630 546 2690 duem
562 2634 762 2709 persequitur,
777 2637 808 2692 et
819 2628 919 2692 madia
931 2629 1085 2694 adhibeto
1100 2629 1161 2691 tine
1176 2636 1205 2690 et
1226 2613 1517 2697 medits‘societstuu

453 2729 601 2793 laicarum
615 2732 703 2812 plana
716 2731 844 2795 diversa.
859 2734 936 2793 Nam
948 2731 1080 2793 licclesia
1094 2728 1187 2795 finem
1201 2732 1379 2811 proximum
1393 2739 1423 2796 et
1435 2734 1519 2795 medis

453 2832 545 2895 habet
569 2840 702 2910 exuens,
725 2834 776 2896 sed
800 2832 1002 2912 undequaque
1018 2839 1048 2896 et
1065 2831 1193 2914 positive
1206 2834 1373 2917 spectantia
1387 2834 1520 2899 adinter-

453 2950 529 2995 num
555 2934 692 2996 ordinem
716 2933 976 3014 supernaturalem
1000 2931 1121 3015 (1289i3
1149 2951 1217 3012 qua
1241 2934 1312 2996 duis
1336 2943 1477 2998 externus
1492 2952 1519 2995 ae

454 3033 552 3098 media
566 3039 745 3096 mutuantur
759 3033 828 3096 iude
844 3039 983 3095 naturam
995 3031 1186 3114 spiritualem
1199 3049 1234 3094 ac
1244 3036 1519 3115 supernaturalems

452 3133 603 3196 societates
629 3141 730 3196 autem
753 3131 837 3196 laica
859 3151 965 3196 omnes
985 3134 1078 3195 linem
1102 3140 1261 3196 exterrmm
1284 3143 1432 3214 quarunt
1451 3153 1521 3196 merc

452 3234 621 3298 naturalem
647 3239 676 3295 st
699 3233 807 3296 mediis
826 3250 908 3294 mers
932 3233 1122 3296 naturalibus
1144 3239 1295 3311 utuntur3
1317 3251 1390 3314 quas
1412 3237 1478 3296 bnis
1498 3241 1520 3298 et

452 3334 551 3395 media
573 3333 719 3396 naturalia
741 3339 813 3397 sunt
837 3333 971 3413 nepotioe
994 3341 1112 3396 tautum
1134 3334 1330 3396 subordinate
1354 3335 1409 3396 lini
1425 3335 1519 3396 ultimo

451 3433 686 3512 supernaturali,
712 3437 862 3514 quatems
888 3433 966 3495 nibil
991 3433 1101 3496 debent
1122 3434 1170 3496 ilii
1191 3419 1384 3496 contrarium
1410 3436 1518 3498 babere.

452 3535 529 3610 Ergo
550 3533 624 3594 tinas
636 3541 666 3596 et
679 3535 902 3596 medianarum
921 3535 1098 3596 societatum
1112 3538 1184 3595 sunt
1196 3533 1430 3613 planediversa.
1454 3539 1518 3612 erge

452 3633 610 3695 auctoritas
642 3633 838 3696 aedesiustica
870 3621 977 3712 nequit
1004 3635 1194 3696 auctoritates
1217 3627 1317 3694 laicas
1356 3635 1516 3696 absorbere.

451 3735 526 3794 Nam
540 3739 664 3804 eatenus
678 3734 778 3796 solum
798 3735 894 3795 altera
913 3735 1074 3796 auctoritas
1096 3741 1193 3814 potest
1205 3732 1334 3802 alteram
1354 3733 1519 3806 absorbere,

365 3835 368 3842 ⁴
450 3843 600 3914 quatenus
619 3837 739 3898 cosdem
756 3834 891 3897 subditos
911 3835 969 3898 sibi
985 3835 1116 3897 vindicat
1137 3835 1175 3896 ad
1195 3835 1339 3897 eumdem
1363 3837 1456 3898 ίὶιιοω
1477 3847 1519 3915 per

450 3934 554 3996 eadem
577 3935 675 3996 media
697 3935 879 4012 dirigendos.
896 3931 952 3995 Ubi
966 3935 1035 3996 dnis
1049 3941 1079 3996 et
1099 3934 1198 3995 media
1211 3935 1338 3996 socialia
1353 3944 1428 3997 suut
1440 3935 1517 4016 plane

449 4035 577 4112 diversa,
591 4035 669 4096 sicut
690 4051 752 4098 non
772 4035 992 4114 permiscentur
1012 4037 1165 4096 societates
1181 4033 1251 4095 inde
1272 4042 1398 4108 exortas,
1414 4039 1454 4096 ita
1470 4049 1517 4094 nec

448 4135 676 4196 contunduntur
688 4135 875 4196 auctoritates
887 4133 1016 4212 singulis
1034 4134 1095 4194 illis
1111 4133 1321 4214 presidentes.

488 4229 582 4296 Paos.
603 4231 637 4293 '2-
658 4247 743 4294 srns.
762 4267 794 4280 -
811 4233 943 4306 Ecclesia
964 4233 1203 4323 dnemsectatur
1222 4241 1258 4326 ac
1279 4232 1389 4294 media
1405 4224 1515 4294 adhibet
1588 4250 1589 4327 ἐ

448 4349 519 4394 cum
532 4332 592 4392 fine
606 4338 635 4392 et
648 4331 756 4392 mediis
769 4333 944 4393 societatum
956 4331 1102 4395 laicarum
1117 4331 1245 4392 minime
1253 4333 1438 4413 pugnantia,
1450 4331 1514 4410 quin
1588 4340 1589 4355 ¹

449 4427 622 4514 potiusillis
639 4431 832 4492 vehementer
844 4433 983 4492 larentia.

490 4531 567 4592 Nam
586 4525 608 4588 l.
630 4527 699 4588 finis
711 4535 740 4589 et
751 4529 850 4590 media
864 4531 1005 4592 Ecclesia
1023 4531 1060 4593 ad
1077 4531 1193 4592 bonum
1207 4529 1367 4611 spirituale
1382 4548 1417 4594 ae
1429 4543 1521 4608 super·

451 4625 589 4688 naturale
608 4624 768 4688 hominum
783 4628 893 4691 directe
916 4645 951 4690 ac
975 4631 1101 4710 positiva
1119 4627 1260 4692 tendunt
1285 4629 1372 4692 Finis
1392 4628 1518 4690 annuet

453 4725 550 4786 media
564 4725 737 4788 societatum
762 4720 921 4832 laicarum,
944 4737 979 4790 ut
1002 4731 1065 4790 sint
1084 4729 1241 4810 legitima,
1264 4729 1378 4792 debent
1398 4727 1517 4804 negative
