3559 5675
415 600 455 670 'll
823 615 901 663 sones
921 614 1080 663 strumus

417 730 550 805 spectaro
560 729 686 812 oportet,
699 725 845 785 nimirum
859 728 895 782 ut
905 738 990 785 veros
1003 722 1055 819 Ilei
1067 721 1234 785 adoratores
1247 722 1439 800 progignunt
1452 720 1489 781 tt

345 818 350 825 ’
416 822 561 903 quoniam
581 823 683 907 multl,
701 822 770 885 aliis
783 822 1024 904 cupiditatibus
1016 809 1161 901 immersi,
1177 820 1380 885 bocoibcium
1393 818 1489 897 negli-

417 921 532 1003 gerent,
546 935 613 986 eam
626 924 826 987 calamitatem
836 927 866 986 et
879 923 1016 1002 conJugis
1034 920 1131 984 tidelis
1148 928 1177 982 et
1192 921 1326 984 tiliorum
1343 918 1490 983 adornas-
1548 978 1549 983 ,

417 1024 483 1085 ticls
503 1026 659 1087 consortiis
679 1030 811 1087 avertere
829 1026 952 1104 maioris
970 1033 1015 1087 est
1028 1025 1208 1087 auctoritatis
1230 1022 1326 1095 illius,
1341 1021 1431 1099 cujus
1446 1018 1493 1081 est

419 1123 552 1186 internos
566 1125 660 1185 animi
676 1128 778 1185 motus
791 1141 844 1206 per
864 1130 1021 1186 externum
1043 1124 1181 1187 ordinem
1194 1122 1355 1213 perducere
1378 1118 1417 1188 sd
1432 1120 1494 1182 Bo·

421 1237 497 1286 num
509 1224 680 1301 inlinitum,
692 1223 805 1287 scilicet
817 1224 1001 1289 auctoritatis
1014 1222 1169 1303 religiosa.

462 1326 602 1389 Attamen
621 1326 653 1387 in
673 1321 818 1390 catholica
830 1326 967 1388 societate
985 1341 1178 1404 nequaquam
1195 1322 1315 1405 politica
1335 1318 1496 1381 auctoritas

424 1425 542 1486 vetatur
551 1422 674 1487 edoctus
688 1426 791 1487 civiles
805 1426 990 1487 matrimonii
1001 1424 1038 1485 ad
1049 1425 1169 1487 civilem
1181 1440 1270 1485 suum
1283 1420 1388 1495 finem,
1400 1422 1497 1481 utute

424 1538 458 1585 re
471 1509 534 1585 loro
542 1525 734 1604 judicaverit,
744 1525 913 1607 disponere.
925 1525 962 1585 lli
977 1541 1108 1603 namque
1121 1524 1223 1585 eiriles
1235 1520 1357 1583 allectus
1368 1518 1500 1601 politica

421 1627 591 1695 auctoritati
605 1633 678 1691 sunt
695 1626 827 1705 obnoxii,
846 1634 875 1689 et
887 1628 965 1689 intre
982 1626 1093 1687 limites
1106 1624 1198 1688 unius
1211 1620 1337 1706 publica
1349 1620 1499 1693 societatis

421 1726 623 1793 continentur.
635 1727 672 1789 dt
685 1744 755 1788 vcro
772 1728 804 1787 in
824 1726 861 1789 iis
879 1726 1033 1789 effectibus
1047 1743 1122 1809 pure
1142 1722 1348 1787 materialibus
1362 1720 1502 1789 determi-

422 1822 532 1890 nandis
551 1822 647 1887 civilis
665 1827 825 1889 auotoritas
844 1829 971 1891 minime
989 1834 1084 1908 potest
1094 1826 1238 1909 impedire
1250 1825 1326 1905 quin
1339 1818 1501 1899 coujugale

423 1924 581 1988 vinculum
602 1921 811 1989 indissolubile
831 1934 861 1989 et
882 1947 901 1990 a
920 1934 1028 1991 natura
1046 1928 1111 2009 ipsa
1129 1931 1263 1989 nectatur
1283 1929 1313 1985 ct
1326 1920 1502 1997 areligiono

422 2010 567 2106 meleta}
582 2026 749 2107 specialiter
769 2034 968 2091 consacretur.
985 2032 1087 2107 Neque
1107 2026 1170 2091 hac
1189 2023 1311 2088 vincula
1328 2023 1371 2085 sio
1389 2022 1503 2085 innexa

423 2128 530 2207 poterit
543 2126 644 2189 civilis
657 2127 712 2190 illa
731 2130 890 2191 auctoritas
903 2148 958 2211 pro
972 2146 1027 2191 suo
1042 2129 1141 2195 lubitu
1159 2128 1338 2200 immutare;
1353 2122 1440 2201 quie,
1454 2136 1502 2184 ca·

429 2226 545 2290 thottca
559 2246 624 2291 sese
639 2231 841 2308 aggregationi
855 2229 1023 2305 subdendo,
1040 2228 1216 2293 catholicam
1235 2229 1442 2298 auctoritatem
1454 2243 1501 2297 ea,

409 2326 418 2339 '
430 2327 518 2404 juxta
530 2326 690 2390 catholicas
703 2328 864 2408 docminas,
879 2330 1001 2407 agnovit
1013 2346 1046 2390 ac
1056 2329 1189 2410 professa
1202 2334 1247 2391 est
1258 2327 1354 2389 solam
1365 2325 1504 2405 jndicem

426 2430 457 2487 ct
470 2427 617 2494 naturalis
631 2429 801 2491 honestatis
814 2434 845 2493 et
862 2429 980 2491 rituum
1000 2427 1210 2507 religiosorum
1229 2435 1258 2493 et
1278 2427 1369 2490 totius
1386 2425 1504 2489 ordinis

426 2525 609 2607 spiritualis,
625 2526 663 2589 ad
678 2546 770 2622 qoem
785 2544 857 2590 sane
874 2528 1008 2590 bominis
1020 2530 1171 2607 generatio
1185 2528 1314 2619 pertinet
1326 2528 1422 2607 (810).

470 2628 604 2690 Conotn
618 2628 649 2688 Ξ.
661 2662 702 2673 -
715 2618 817 2703 Qua
809 2646 842 2690 rn
860 2627 918 2691 boc
938 2628 1063 2690 articulo
1075 2630 1148 2690 etin
1159 2628 1336 2709 precedenti
1349 2627 1387 2689 de
1400 2628 1504 2692 matri·

430 2727 527 2789 monii
545 2725 664 2805 legibus
682 2728 894 2806 disseruimus,
915 2728 1032 2791 facilem
1054 2728 1246 2809 suppeditant
1259 2728 1405 2791 rationem
1416 2727 1506 2796 orbi·

433 2822 525 2890 bebdt
548 2825 696 2905 generalis
718 2834 893 2908 conspectus
921 2844 1083 2890 causarum
1108 2845 1176 2906 quas
1206 2826 1351 2907 impedire
1379 2834 1508 2913 possunt

437 2911 628 3005 conjugalem
651 2929 880 2991 associationem
905 2933 1064 3010 spectatam
1083 2927 1131 2989 rel
1152 2929 1184 2988 in
1205 2927 1269 3010 ipse
1288 2927 1337 2992 nel
1358 2929 1391 2990 in
1412 2928 1509 3002 tribus,

433 3013 633 3106 societatibus,
649 3018 824 3105 domestice,
837 3028 920 3091 cirili
932 3034 962 3090 et
973 3028 1123 3108 religiosa.

474 3124 499 3188 l.
531 3127 635 3202 Quoad
657 3130 886 3195 matrimonium
906 3129 939 3189 in
959 3145 991 3190 se
1013 3133 1176 3210 spectatum
1198 3149 1205 3188 ε
1232 3127 1263 3188 1⁶
1285 3125 1461 3210 lpncrontt's
1482 3135 1511 3192 et

440 3220 597 3286 Vt‘olentio.
610 3227 685 3287 Nam
695 3227 923 3287 matrimonium
934 3231 979 3288 est
990 3228 1112 3288 societas
1124 3226 1295 3288 voluntaria
1308 3225 1403 3306 (803).
1418 3229 1508 3306 Ergo,

436 3318 492 3383 nbi
513 3338 576 3385 nou
596 3323 757 3386 assentitur
775 3324 929 3403 voluntas,
951 3343 1012 3387 non
1028 3325 1061 3386 tit
1082 3326 1320 3388 matrimonium.
1343 3324 1512 3388 voluntatis

439 3418 540 3486 autem
556 3438 722 3488 consensus
739 3424 823 3486 abest
844 3431 910 3486 tum
932 3443 985 3506 por
1006 3427 1228 3506 ignorantiam,
1242 3433 1309 3490 tum
1320 3441 1374 3508 per
1391 3427 1509 3493 violen-

435 3524 517 3585 tiam.
531 3525 617 3607 Ergo,
631 3527 689 3588 etc.
780 3520 783 3528 '

478 3620 698 3706 vlmpotcott'o
712 3617 760 3689 vel
769 3623 896 3708 physico
909 3613 957 3687 rel
974 3625 1105 3688 moretis
1123 3629 1199 3689 Nam
1217 3629 1446 3691 matrimonium
1468 3637 1511 3700 est

438 3730 547 3788 mutua
567 3729 734 3810 cooperatio
747 3729 786 3793 ad
799 3729 891 3790 linem
913 3728 1095 3812 quemdam:
1111 3736 1155 3791 est
1174 3730 1256 3792 anim
1278 3729 1401 3792 societas
1414 3731 1508 3808 (811).

438 3821 538 3905 Ergo,
558 3809 612 3888 ubl
631 3827 715 3889 adest
737 3827 858 3908 physica
876 3828 925 3890 rel
946 3827 1069 3893 moralis
1089 3830 1263 3909 impotentia
1275 3827 1429 3902 obtinendi
1442 3829 1512 3890 finis

437 3927 617 4008 essentialis,
633 3929 721 3991 nulla
735 3946 798 3990 esse
811 3934 908 4010 potest
919 3929 1085 4008 conjugalis
1099 3931 1263 3992 associatio.

480 4029 517 4088 ΙΙ.
534 4026 681 4108 Respecto
694 4029 822 4090 aliarum
835 4031 1022 4107 societatum,
1037 4029 1068 4090 1ο
1078 4031 1178 4109 quoad
1189 4030 1369 4102 relationes
1356 4047 1424 4106 Jam
1436 4029 1512 4093 exis-

440 4132 534 4189 tentes
555 4120 767 4190 interfuturam
784 4133 947 4211 conjuges:
961 4131 1103 4218 copoctic,
1121 4130 1169 4194 vel
1183 4131 1322 4210 affinitas,
1337 4129 1384 4190 vol
1393 4127 1512 4210 publice

441 4225 585 4308 honestos,
597 4246 729 4309 quarum
738 4231 821 4292 raaia
832 4250 897 4296 esse
910 4237 1005 4313 potest
1019 4237 1049 4292 ct
1060 4236 1169 4294 natura
1182 4237 1211 4293 et
1223 4233 1278 4294 ris.
1303 4309 1305 4316 y

482 4331 517 4388 2⁰
528 4329 633 4402 Quoad
654 4332 770 4392 tertiam
794 4332 927 4412 aliquam
946 4350 1121 4414 personam:
1136 4329 1444 4414 statuacoajupolt'aet
1456 4348 1514 4392 aer-

442 4426 531 4489 or‘tas.
554 4420 628 4489 Nam
641 4430 727 4490 tertia
746 4432 894 4512 quaepiam
913 4449 1038 4512 persona
1057 4438 1152 4512 potest
1172 4431 1281 4494 babere
1293 4434 1344 4522 jus
1357 4430 1407 4491 rel
1422 4430 1454 4492 in
1467 4447 1513 4492 ao

445 4530 541 4592 tiones
555 4531 602 4591 vel
617 4530 649 4597 in
664 4549 822 4613 personam
839 4533 973 4594 alienas:
995 4533 1052 4595 hoc
1068 4537 1168 4596 numm
1187 4535 1238 4612 jus
1261 4535 1395 4601 auctius
1415 4539 1513 4624 poste·

442 4631 520 4693 riora
531 4631 762 4695 inconciliabilis
774 4633 908 4714 impedit.
