3559 5675
490 684 549 753 'ill
764 746 775 773 ,
894 701 975 749 sous
994 636 1156 753 ueroeam

491 801 791 881 immutaturum,
802 809 855 862 aut
866 802 1022 863 inferiores
1031 803 1237 879 magistratus.
1246 801 1522 882 Fociesicetpcrsoua·

490 920 559 965 rum
575 900 844 965 ecclesiasticarum
856 903 1092 981 immunitatem,
1109 903 1162 965 uei
1174 902 1359 965 ordinatione
1370 904 1525 963 ctosnonirii

489 1000 696 1065 sanctionibus
709 1002 918 1079 constitutam,
929 999 1033 1078 aliquo
1055 1000 1229 1081 cupiditatis
1244 1001 1356 1077 studio,
1363 1019 1414 1063 scu
1425 1001 1526 1062 inconsi-

491 1102 644 1165 doratioue
656 1101 758 1181 aliqum
770 1102 904 1180 violont3
919 1100 971 1161 sed
984 1116 1046 1163 una
1055 1118 1127 1164 eum
1143 1101 1218 1183 ipsis
1230 1102 1412 1186 principibus
1427 1100 1527 1163 lobium

491 1200 584 1265 saeris
602 1202 797 1265 Summorum
820 1200 1001 1265 Pontificum
1024 1206 1053 1263 et
1074 1203 1277 1265 conciliorum
1297 1202 1529 1265 constitutionibus

492 1302 710 1367 observantiam
722 1307 929 1383 prostent.....
942 1304 1158 1383 Propter-eaque
1181 1302 1324 1366 admouet
1344 1305 1528 1383 imperatorem.

492 1418 587 1481 ngas,
601 1402 797 1483 respublicas,
810 1400 975 1483 principes,
989 1407 1020 1463 et
1036 1418 1142 1464 omues
1159 1408 1190 1465 et
1206 1401 1344 1481 singulos
1360 1404 1530 1480 cuiuscunque

491 1502 788 1581 statueetdignitatis
807 1502 1102 1582 ratiocinantium
1120 1503 1234 1581 largius
1255 1502 1344 1565 bonis
1356 1502 1531 1582 temporalibus

493 1610 582 1683 atque
593 1605 626 1665 iu
637 1602 712 1665 alios
730 1600 871 1682 potestate
884 1608 958 1665 sunt
975 1604 1084 1681 omati,
1099 1619 1135 1665 oo
1148 1604 1282 1665 unctius
1294 1620 1363 1683 qus
1378 1601 1532 1664 eouesiutio

492 1705 572 1783 juris
586 1708 657 1763 sunt
674 1707 830 1781 tamqusm
845 1702 899 1765 Ilei
918 1704 1080 1785 prociona,
1093 1704 1221 1782 ejusque
1237 1702 1403 1783 patrocinio
1415 1708 1488 1773 treta,
1498 1718 1533 1760 rc·

494 1810 654 1881 nuenton
669 1820 724 1865 neo
737 1802 776 1863 ab
794 1802 866 1863 ullis
884 1802 1061 1877 baronibus,
1072 1802 1254 1882 domicellis,
1269 1802 1442 1876 tectoribus,
1458 1800 1534 1860 aliisae

495 1903 627 1970 dominis
650 1898 876 1983 temporalibus,
892 1919 946 1965 seu
964 1903 1203 1980 magistratibus,
1216 1902 1408 1981 maximeque
1423 1901 1536 1962 ministris

495 2004 629 2083 ipsorum
649 2002 833 2081 principum,
847 2000 916 2063 luni
935 2002 1108 2083 priimum
1126 2002 1180 2065 sod
1193 2020 1296 2067 severe
1311 2004 1345 2065 in
1358 2019 1409 2063 eos
1420 2002 1468 2079 qui
1477 1998 1536 2059 illio

496 2101 674 2175 libertatem,
692 2102 915 2163 immunitatem
935 2108 1027 2180 auus
1042 2102 1284 2181 jnrisdiotionem
1310 2102 1478 2183 impediunt,
1494 2099 1537 2159 ani·

498 2199 706 2263 msdvertant:
721 2200 834 2280 quibus
851 2202 944 2263 stiam
958 2202 1081 2281 ipsimet
1092 2204 1231 2283 exemplo
1242 2203 1279 2265 ad
1294 2199 1538 2283 pteuuumelsio

497 2316 583 2376 nom,
595 2300 849 2379 ecclesiarumque
861 2304 1076 2381 protectionem
1086 2305 1216 2367 existam
1223 2326 1233 2383 ς
1248 2305 1402 2367 imitantes
1412 2302 1536 2365 antenore

497 2402 627 2481 optimos
641 2400 944 2479 religiosissimosque
956 2404 1107 2483 principes
1118 2404 1173 2482 qui
1185 2420 1232 2465 ros
1244 2403 1384 2467 Ecclesiae
1400 2418 1451 2463 sua
1461 2400 1487 2460 iu
1497 2397 1537 2477 pti

497 2501 558 2563 mis
579 2501 751 2563 auctoritate
773 2517 810 2565 so
831 2502 1041 2565 munificentia
1064 2508 1230 2577 auserunt,
1249 2502 1368 2565 nedum
1387 2501 1423 2563 ab
1442 2498 1536 2559 alioruin

499 2601 612 2680 injuris
625 2600 816 2663 vindicoruut
827 2622 856 2662 o.

538 2702 571 2761 5·
590 2702 706 2777 Paucis,
722 2717 791 2780 qun
811 2718 846 2763 es
869 2699 988 2763 intiuito
1001 2718 1129 2763 numero
1147 2702 1318 2783 attulimus,
1334 2698 1537 2768 testimoniisal

499 2796 607 2862 demus
620 2798 727 2862 ntimo
741 2798 807 2864 loco
820 2799 1002 2862 uucnuimi
1022 2802 1110 2882 Papo
1121 2802 1256 2880 Gregorii
1268 2804 1337 2865 xvi
1358 2803 1444 2866 ruba
1454 2802 1538 2882 guri-

494 2897 617 2962 simaud
631 2900 789 2980 Episcopos
803 2915 909 2962 omues
920 2899 1000 2962 orbis
1015 2906 1165 2962 terrarum
1185 2900 1296 2965 diraota
1313 2901 1358 2981 (u)
1374 2919 1383 2963 :
1402 2904 1538 2964 «sumto

494 3001 706 3062 communibus
721 3000 804 3064 hisco
817 3001 894 3064 rotis
907 3017 960 3082 pro
974 3001 1018 3062 rei
1036 3009 1066 3063 et
1080 3018 1172 3064 sacru
1184 3009 1216 3064 ot
1231 3003 1362 3082 publicu
1376 3001 1539 3066 incolumitati

495 3101 643 3164 oamssimi
657 3103 690 3162 in
715 3100 832 3164 Christo
846 3101 904 3164 filii
925 3103 1021 3164 nostri
1040 3102 1097 3163 viri
1109 3103 1259 3184 principes
1280 3105 1539 3179 sualsseautopset

497 3202 682 3276 auctoritate,
696 3217 789 3280 quam
803 3201 861 3262 sibi
872 3201 1012 3264 collatam
1022 3201 1212 3264 oouudsreut
1222 3219 1285 3264 uon
1298 3205 1402 3268 solum
1413 3201 1449 3266 ai
1463 3195 1539 3261 unul

495 3302 642 3378 maiman,
667 3299 720 3364 sed
743 3302 873 3362 maxime
896 3301 933 3363 sd
956 3302 1096 3364 Ecclcsic
1121 3301 1309 3381 praesidium.
1330 3299 1539 3366 aumatium

495 3397 612 3470 sedulo,
637 3415 690 3477 pro
703 3399 826 3462 illorum
842 3401 970 3480 imperio
981 3407 1013 3462 et
1025 3402 1126 3479 quiete
1136 3401 1199 3478 geri
1211 3400 1362 3479 qudquid
1375 3418 1427 3484 pro
1437 3394 1539 3461 uulsa

494 3497 592 3560 salute
606 3497 777 3577 laboratur3
795 3501 856 3560 imo
871 3499 968 3580 pluris
982 3500 1039 3563 sibi
1059 3499 1205 3562 madeant
1215 3499 1285 3562 licei
1300 3518 1425 3567 causam
1443 3493 1540 3560 eseia

496 3595 564 3658 bere
576 3611 667 3674 quam
677 3599 775 3674 mgni,
788 3613 996 3678 magnumque
1007 3599 1065 3660 sibi
1076 3616 1143 3664 esse
1151 3599 1540 3680 perpendant,(dicimmc1u

496 3695 526 3754 S.
544 3697 639 3757 Leone
656 3697 807 3776 pontifice)
823 3697 851 3757 si
864 3702 995 3778 ipim
1012 3697 1177 3759 dr'oilemuti
1190 3695 1225 3759 de
1238 3716 1328 3760 moue
1343 3696 1465 3770 Domui,
1478 3694 1540 3758 etin

496 3791 572 3876 fidei
583 3792 716 3856 oddmm
729 3813 847 3858 corono.
859 3797 949 3860 Positi
963 3799 1049 3876 quasi
1063 3803 1200 3878 parcmm
1214 3804 1245 3858 et
1257 3805 1371 3861 tutores
1384 3796 1538 3879 pupillorum

496 3909 609 3971 serem,
624 3901 819 3969 constantem,
841 3895 1015 3976 opulentam
1030 3897 1067 3958 iis
1079 3898 1212 3974 quietem
1229 3899 1348 3979 parient
1363 3906 1394 3961 ot
1408 3890 1539 3973 umquli

502 4000 606 4074 tatem,
623 3995 649 4070 si
664 3997 694 4056 iu
710 4011 777 4058 mm
791 3997 982 4076 potissimum
999 4013 1104 4058 curam
1117 3997 1308 4073 incumbant,
1323 4005 1358 4059 ut
1372 3990 1539 4060 incolumissi

497 4091 603 4172 religio
617 4101 647 4154 et
665 4095 759 4176 pietas
772 4097 805 4156 iu
822 4097 931 4173 mum,
952 4098 1006 4176 qui
1029 4097 1120 4159 habet
1141 4099 1287 4180 seriptum
1302 4101 1335 4160 iu
1348 4100 1475 4162 temore:
1494 4089 1539 4152 ⁸⁶

498 4207 602 4272 repom
615 4200 643 4256 et
652 4193 796 4256 Domim
804 4191 1016 4258 dominantium
1035 4223 1062 4256 ..

539 4291 629 4371 Ergo,
643 4301 698 4357 cto.

544 4392 632 4453 1³69.
648 4395 779 4458 colom.
799 4401 825 4456 1.
847 4428 885 4444 -
902 4398 1046 4472 Quamvis
1060 4397 1165 4476 ctlcge
1180 4400 1311 4462 naturali
1326 4407 1355 4462 ct
1367 4401 1430 4478 lego
1446 4393 1537 4477 portin

499 4489 696 4556 ecclesiastica
710 4501 867 4560 teneantur
878 4497 1026 4579 principes
1039 4497 1202 4562 Ecclesiam
1212 4501 1337 4580 musonio
1346 4501 1413 4580 jura
1427 4491 1535 4559 stmulo

531 4709 568 4774 (o)
581 4707 683 4774 Eirrprl.
697 4709 804 4773 Gregorii
825 4713 885 4776 xis,
899 4713 1001 4779 iliberri,
1015 4717 1042 4767 to
1052 4730 1110 4782 aug.
1124 4719 1195 4779 tiit.
1205 4719 1252 4771 sub
1262 4718 1346 4772 ilriem.
