3559 5675
540 745 649 792 summu.
676 763 708 776 ·-·
735 743 818 792 erese
840 743 975 791 omnus.
1242 727 1296 790 ΞΗ

262 846 387 910 moraliter
395 863 514 926 persona
524 849 574 910 sit
587 848 806 928 Adprinoipem
815 849 916 926 itaque
929 847 1183 927 pertimetpolitice
1192 863 1300 927 eorpus

260 947 348 1008 sociale
359 947 497 1019 ominare,
514 955 579 1008 num
594 951 627 1010 in
640 952 707 1026 eius
722 951 819 1028 prima
831 949 1022 1019 formatione,
1037 957 1101 1010 turn
1115 949 1255 1027 ddeoeps
1268 953 1300 1008 iu

259 1049 406 1108 successivis
430 1048 646 1108 mutationibus
667 1064 743 1124 quas
766 1047 854 1125 illud,
875 1050 954 1108 siout
978 1065 1028 1109 ree
1051 1056 1164 1109 creatae
1182 1063 1300 1122 omnes,

259 1147 341 1208 subire
352 1163 464 1208 neeesse
475 1153 530 1208 eet.
545 1148 682 1208 tumuere
692 1149 763 1224 quis
776 1149 809 1208 in
820 1163 942 1224 quaque
953 1149 1091 1208 serietate
1102 1147 1298 1227 prinoepeait,

257 1247 305 1320 iam
320 1245 392 1306 libris
404 1245 436 1306 4⁰
448 1253 477 1306 et
489 1247 522 1306 6⁰
533 1247 740 1324 quaesivimus,
753 1245 806 1306 ubi
821 1245 1009 1306 ostendimus
1022 1264 1074 1324 pro
1092 1247 1173 1308 vario
1195 1253 1301 1306 nature

257 1345 391 1418 laetmuru,
403 1361 419 1404 a
433 1345 546 1422 quibus
560 1344 752 1424 particulares
761 1347 924 1406 societates
945 1350 1045 1404 ortum
1059 1345 1187 1420 dnouut,
1206 1346 1236 1405 in
1250 1360 1303 1406 va·

256 1446 383 1506 riuretiam
398 1446 532 1524 personis
546 1446 750 1506 auctoritatem
775 1443 917 1506 sosialem
940 1443 1092 1506 insidere:
1108 1445 1140 1504 in
1166 1446 1303 1506 ansietate

256 1547 354 1620 seilicet,
378 1561 469 1622 quarn
484 1551 591 1606 nature
605 1545 669 1627 ipsa
682 1543 860 1618 efformavit,
884 1545 1045 1606 auotoritas
1061 1545 1094 1604 in
1108 1544 1206 1622 priore
1215 1542 1301 1606 illine

257 1661 397 1721 poneesme
411 1645 559 1725 persiatlt3
580 1646 611 1704 im
630 1644 771 1706 societate
784 1643 954 1704 uoluntaria
965 1644 1127 1708 auotoritas
1144 1642 1302 1706 mounes

255 1744 435 1806 oontmbentes
455 1745 599 1823 pertinet5
620 1745 652 1804 in
672 1743 809 1806 smirnos
828 1743 959 1821 juridies
982 1741 1113 1821 denique
1136 1742 1247 1805 residet
1268 1743 1302 1805 in

252 1843 314 1920 puris
325 1843 508 1922 prevalentis
517 1857 696 1922 possessore.

631 2071 836 2134 auricomis
856 2072 894 2133 ll.
968 2084 975 2090 ’

459 2233 505 2298 De
508 2231 627 2314 jurium
636 2231 824 2315 politicorum
833 2233 1058 2312 albuwilitote.

279 2415 339 2476 993.
355 2415 539 2478 Noramnost.
569 2447 606 2460 -
625 2416 698 2474 lura
717 2413 839 2494 politica
855 2411 891 2474 ari
907 2416 1073 2494 prinoipem
1087 2416 1189 2478 solum
1214 2419 1303 2496 perti-

250 2529 303 2573 nere
315 2512 448 2574 vidimus.
467 2515 507 2574 et
519 2514 714 2590 quaerendum
741 2514 830 2576 modo
844 2521 889 2576 eet
903 2522 1005 2578 utrum
1018 2516 1163 2599 principis
1176 2534 1303 2596 persona

249 2614 380 2675 mutabilis
400 2617 452 2690 sil,
468 2620 571 2674 utrum
596 2630 704 2690 rsempe
720 2614 839 2694 jurium
852 2613 1043 2692 politicorum
1061 2619 1208 2694 possessio
1225 2615 1302 2694 legi-

250 2713 304 2773 tima
317 2717 403 2792 possit
414 2715 453 2776 ab
465 2730 524 2773 una
540 2713 570 2772 in
585 2711 676 2772 aliam
691 2729 861 2791 personam,
873 2715 936 2778 sire
949 2715 1129 2792 voluntarie,
1143 2719 1206 2778 sive
1218 2717 1303 2778 invo-

248 2805 356 2875 luntarie
379 2813 547 2887 transferri,
571 2811 645 2873 idest
668 2818 772 2875 utrum
792 2815 861 2891 jura
884 2815 1004 2894 politica
1025 2816 1087 2877 sint
1116 2815 1301 2879 alienabilia.

248 2906 308 2969 Sunt
322 2919 419 2974 autem
434 2910 607 2973 alienabilia
626 2911 678 2971 illa
689 2914 759 2989 jura
771 2928 901 2989 quarum
916 2915 1057 2975 alienatio
1068 2915 1186 2975 nullam
1200 2932 1304 2977 seeum

247 3006 315 3068 ebert
331 3012 444 3073 ordinis
458 3012 650 3071 violationem
676 3010 757 3091 (366)
780 3027 873 3088 :quae
899 3011 1023 3089 quidem
1043 3012 1158 3073 ordinis
1180 3014 1303 3075 uiolatio

249 3114 325 3185 polest
345 3112 391 3172 uel
415 3110 607 3171 naturalibus
632 3110 678 3171 uel
705 3109 936 3172 aooidemtalibus
965 3109 1160 3173 relationibus
1182 3115 1304 3191 opponi,

246 3216 317 3281 pout
335 3210 405 3271 ordo
427 3212 493 3289 ipse
508 3208 633 3269 violatus
647 3210 694 3270 vel
709 3208 897 3271 naturalibus
917 3212 965 3272 sel
979 3210 1214 3273 accidentalibus
1229 3212 1305 3273 rela-

247 3304 360 3369 tionibus
380 3310 538 3369 iumdatur.
561 3308 608 3367 Sie
630 3314 714 3387 pater
734 3316 874 3371 enatura
894 3312 958 3389 ipsa
970 3312 1024 3386 Jus
1046 3310 1122 3372 lilios
1141 3327 1212 3371 suos
1232 3310 1306 3371 edu-

246 3406 317 3465 raudi
330 3406 438 3469 habet:
455 3408 589 3485 quivero
604 3406 749 3469 inlautum
765 3410 888 3469 omnino
908 3408 1086 3471 derelictum
1102 3411 1132 3469 in
1143 3426 1215 3488 egro
1230 3410 1305 3473 forte

246 3502 370 3582 inueniat,
386 3516 415 3568 et
426 3511 481 3584 jus
495 3512 524 3567 et
537 3506 670 3567 officium
685 3506 767 3567 illius
783 3507 930 3569 educandi
941 3507 1065 3569 habebit
1079 3526 1112 3569 err
1128 3509 1303 3570 accidentali

247 3605 301 3664 talis
324 3608 507 3668 inventionis
517 3604 602 3667 laeto.
632 3609 740 3667 Neuter
761 3616 861 3667 nutem
885 3608 1013 3668 istorum
1034 3614 1130 3687 potest
1154 3606 1227 3668 huie
1239 3610 1304 3685 juri

245 3718 289 3763 suo
303 3708 484 3777 renuntiare,
501 3708 573 3784 quia
593 3706 697 3783 urequit
718 3706 877 3784 abellisin,
893 3708 972 3785 quod
989 3725 1059 3769 uum
1087 3707 1139 3769 tali
1154 3710 1222 3785 jure
1236 3724 1306 3768 eon·

242 3804 435 3883 ineolumem,
447 3808 663 3868 seseeximere.
682 3810 783 3885 ltaque
797 3816 869 3867 suunt
880 3809 1019 3887 quaedam
1031 3813 1102 3887 jura
1115 3809 1304 3885 naturaliter,

243 3908 367 3979 quadam
384 3926 454 3969 vero
466 3890 684 3969 susidentul'rtsr
709 3908 924 3969 irrationabilia.

275 4008 338 4067 ott-l.
367 4010 436 4070 Poe.
465 4007 544 4067 490¹.
576 4040 605 4051 —
630 4008 703 4067 lure
718 4008 835 4086 polilieu
855 4016 927 4068 surit
953 4025 1004 4087 per
1027 4024 1071 4082 se,
1093 4004 1183 4069 saluis
1199 4006 1307 4067 alienis

242 4104 361 4187 iuribus,
374 4107 558 4169 alienabilia.

277 4206 360 4267 l‘aon.
379 4212 408 4267 l·
428 4192 512 4268 rans.
535 4238 574 4251 -
588 4206 716 4267 Evideus
733 4214 805 4267 estu
820 4214 928 4267 riutura
949 4206 1072 4267 nullum
1089 4206 1229 4284 generale
1243 4206 1307 4267 sin·

244 4306 333 4367 culum
344 4309 438 4368 luisse
453 4307 657 4377 constitutum,
673 4322 734 4383 quo
743 4308 812 4385 jura
823 4306 942 4385 politica
955 4314 1042 4368 certos
1062 4306 1180 4368 cuidam
1204 4322 1306 4387 pereo·
1326 4294 1334 4305 ⁹

245 4419 292 4485 uas,
307 4413 357 4467 aut
366 4412 450 4468 certo
463 4404 581 4466 cuidam
595 4408 743 4466 oousortio
757 4408 818 4465 sint
832 4406 965 4482 alligata.
983 4406 1111 4468 Euidune
1138 4414 1183 4467 est
1196 4403 1307 4485 prinei·

245 4512 334 4581 patum
356 4506 392 4567 ad
421 4504 511 4566 aliam
540 4522 696 4587 personare
721 4506 760 4566 ob
789 4507 932 4587 principis
959 4504 1153 4587 precedentis
1177 4513 1305 4566 mortem

245 4608 405 4685 transterri;
426 4622 503 4687 saepe
526 4606 628 4684 etiam,
648 4607 713 4667 eine
739 4606 882 4689 principis
905 4613 1012 4681 morte,
1033 4604 1229 4669 neeessariam
1253 4610 1307 4666 aaut

244 4704 337 4767 utilem
358 4726 423 4769 esse
444 4726 530 4789 posse
552 4710 700 4789 ejusmodi
719 4708 837 4787 jurium
852 4706 1040 4795 politioorum
1064 4704 1304 4769 translationem.
