3559 5675
435 732 496 795 ibit
844 748 925 794 sums
945 747 1103 793 nummus

436 856 496 931 lio;
513 860 544 919 2·
557 872 696 935 quenum
711 856 748 919 sb
762 857 836 937 ipsis
849 856 967 919 decreta
984 857 1096 917 luerint
1115 852 1339 926 conciliarum
1348 848 1495 931 presertim

436 972 507 1017 vero
528 973 625 1034 quum
646 956 678 1017 hi
702 958 847 1037 episcopi,
867 958 958 1018 etiam
981 957 1015 1015 in
1028 956 1193 1016 consilium
1208 954 1311 1023 eoacti,
1332 950 1428 1011 adbue
1445 949 1497 1007 sint

438 1056 509 1133 agni
532 1063 561 1117 et
581 1072 682 1119 ouesa
706 1060 793 1119 Petro
814 1056 969 1136 pascendi,
984 1055 1040 1116 boe
1063 1060 1109 1115 est
1121 1052 1260 1127 docendi,
1282 1068 1317 1113 ao
1339 1046 1457 1129 proinde
1466 1046 1497 1105 de

440 1155 526 1215 nulla
538 1174 570 1217 re
581 1158 706 1235 possint,
717 1158 841 1219 seorsim
855 1175 873 1218 a
887 1161 984 1233 Petro,
999 1154 1180 1217 sententiam
1194 1154 1349 1224 ultimam,
1364 1147 1394 1209 id
1407 1151 1449 1207 est
1460 1146 1498 1204 is·

442 1252 621 1333 futlids'tem,
635 1258 778 1335 prolerre.

484 1355 527 1417 Eu
538 1355 651 1431 quibus
664 1356 806 1418 omnibus
818 1355 873 1417 hoe
886 1357 997 1416 itemm
1008 1354 1256 1425 inmanifestum,
1267 1366 1319 1410 eos
1332 1349 1387 1426 qui
1398 1343 1504 1426 motum

446 1454 571 1513 Romani
588 1454 736 1516 Pontifieis
748 1460 923 1533 potestatem
936 1456 1074 1515 minuere
1089 1460 1178 1530 atque
1191 1450 1348 1510 infirmare
1359 1448 1504 1517 oouaubtn

444 1567 480 1611 eo
500 1550 634 1631 demum,
651 1555 694 1615 nil
707 1556 876 1633 opinantes,
891 1553 1023 1629 tendere,
1040 1559 1075 1613 ut
1087 1550 1226 1613 Eoelesia·
1239 1550 1388 1609 unitatem
1398 1556 1506 1605 omnem

446 1649 777 1723 dissolvant,uimi1·um
793 1660 828 1714 ut
837 1654 999 1715 Ecclesiam
1010 1655 1106 1731 ipsam
1119 1650 1285 1711 destinant.

489 1752 578 1812 127&
595 1755 663 1815 Pos.
675 1755 757 1815 628⁸.
772 1786 812 1799 -
820 1753 951 1815 Ecclesia
961 1758 1007 1813 est
1016 1751 1214 1813 essentialiter
1226 1744 1424 1827 independens
1437 1740 1508 1801 iniis

448 1851 665 1929 omnibusque
677 1852 715 1913 ad
729 1857 796 1932 ejus
805 1852 898 1914 finem
910 1856 1038 1932 ejusque
1049 1850 1148 1912 media
1159 1846 1280 1931 propria
1294 1848 1440 1925 spectant.

489 1951 584 2010 l‘sott.
599 1982 639 1995 -
656 1956 686 2011 1·
699 1954 805 2014 Omnis
821 1954 947 2013 societas
955 1950 1134 2032 spiritualis,
1147 1966 1216 2029 quas
1230 1947 1348 2008 seilicet
1362 1944 1452 2002 linem
1461 1938 1510 2016 spi·

448 2048 586 2109 ritualem
608 2051 770 2129 permedia
789 2052 959 2131 spiritualia
972 2056 1180 2131 persequuntur,
1201 2053 1246 2110 est
1257 2064 1312 2125 per
1325 2062 1359 2106 se
1376 2042 1511 2118 indepen-

448 2146 523 2209 dens
537 2146 569 2208 in
583 2147 686 2209 ordine
703 2166 759 2210 suo
772 2151 902 2229 proprio.
919 2153 994 2211 Nem
1010 2146 1209 2229 independens
1223 2146 1337 2207 dieitur
1347 2143 1396 2205 vis
1409 2156 1460 2201 seu
1469 2138 1511 2197 la·

449 2246 544 2309 nullas
553 2249 705 2326 quelibet,
714 2251 762 2311 oui
772 2250 857 2311 nulla
869 2252 915 2310 vis
927 2250 998 2325 alia,
1011 2252 1043 2310 in
1055 2248 1161 2310 ordine
1169 2246 1279 2326 prioris
1290 2244 1380 2303 illius
1392 2240 1511 2320 proprio,

450 2346 596 2409 dominati
610 2348 769 2411 efficaciter
787 2354 894 2429 potest,
909 2348 1025 2427 aliquid
1046 2347 1193 2408 mutando
1206 2344 1286 2423 qnod
1310 2342 1349 2403 ad
1363 2344 1431 2419 ejus
1443 2354 1513 2399 osus

449 2447 568 2508 titutiva
587 2450 742 2528 pertineat.
762 2450 853 2527 Atqui
867 2450 1016 2510 societatis
1029 2447 1197 2526 spiritualis
1216 2444 1385 2521 cujuslibet
1400 2440 1466 2500 talis
1478 2442 1514 2496 est

450 2552 567 2619 natura,
583 2552 617 2607 ut
632 2549 698 2623 ejus
710 2550 740 2607 vi
765 2554 794 2609 et
806 2550 971 2628 operationi
987 2546 1114 2629 propriae
1128 2544 1216 2607 nulla
1239 2544 1364 2605 alianis
1386 2538 1474 2619 possit
1486 2552 1514 2595 eo

451 2644 540 2706 motlo
560 2644 886 2709 efficaciterdominari.
902 2648 1022 2709 Etenim
1044 2646 1192 2708 societatis
1213 2644 1351 2721 cujusvis
1366 2636 1514 2721 spiritualis

450 2744 606 2822 proprium
619 2752 664 2805 est
682 2746 789 2807 seriem
810 2746 976 2825 quamdam
992 2747 1166 2821 veritatum,
1179 2742 1218 2804 ad
1230 2741 1325 2803 linem
1340 2739 1480 2815 aliquem,
1493 2738 1515 2792 el

453 2843 551 2904 medis
561 2845 597 2906 ad
609 2845 689 2907 buno
697 2847 787 2908 tinem
797 2847 1018 2908 accommodata
1028 2845 1239 2925 spectantium,
1249 2858 1414 2918 agnoscere
1424 2851 1518 2935 aspro
1581 2827 1582 2919 l

454 2958 576 3022 ponere.
586 2947 674 3021 Ergo,
688 2953 722 3006 ut
737 2947 782 3007 vis
799 2947 859 3007 alia
870 2952 968 3026 posset
980 2945 1139 3007 efficaciter
1156 2944 1209 3004 tali
1226 2943 1363 3004 societati
1382 2939 1515 3003 resistere,

455 3041 575 3104 deberet
594 3045 657 3106 bno
671 3046 729 3107 alia
747 3047 793 3110 vis
811 3063 899 3126 posse
911 3047 1050 3107 veritates
1064 3045 1131 3105 illas
1145 3049 1198 3126 aut
1211 3059 1318 3104 earum
1334 3040 1442 3100 saltem
1458 3053 1518 3114 par·

453 3149 514 3204 tem
526 3143 660 3222 aliquam
674 3145 848 3216 destruere;
864 3145 944 3224 quod
958 3145 1112 3206 evidenter
1124 3150 1170 3204 est
1183 3139 1386 3221 impossibile.
1400 3141 1480 3211 Nam,
1492 3137 1517 3192 ut

455 3243 563 3302 veritas
587 3243 688 3321 aliqua
701 3245 814 3306 destrui
828 3250 938 3324 posset,
950 3245 1071 3304 deberet
1083 3241 1139 3303 illa
1151 3257 1238 3322 posse
1257 3241 1299 3300 ita
1314 3237 1479 3311 immutati,
1492 3236 1518 3290 ut

336 3332 345 3346 “
454 3355 515 3401 non
534 3351 612 3403 esset
622 3344 753 3422 amplius
767 3347 885 3406 veritas.
901 3345 991 3422 Atqui
1004 3343 1062 3404 hoo
1076 3349 1122 3404 est
1136 3342 1273 3403 absolute
1288 3335 1518 3418 impossibilem

455 3439 564 3499 veritas
583 3441 698 3502 desinat
719 3461 783 3504 esse
800 3443 927 3518 ve‘ritus3
951 3443 1024 3519 quia
1045 3438 1123 3520 quod
1137 3446 1190 3516 est,
1217 3446 1272 3499 est.
1287 3439 1369 3514 Ergo
1382 3435 1466 3497 uuila
1483 3431 1519 3490 sis

456 3543 551 3615 potest
565 3539 660 3600 ullam
672 3549 787 3620 partem
798 3543 967 3616 veritatum,
978 3557 1109 3618 quarum
1122 3533 1277 3601 communi
1290 3539 1400 3598 notitia
1410 3535 1518 3596 societas

457 3633 558 3712 aliqua
581 3639 747 3718 colligatur,
769 3642 932 3702 immutare
956 3657 990 3702 ao
1004 3639 1176 3717 destruere;
1191 3654 1225 3698 ao
1245 3637 1371 3718 proinde
1389 3629 1518 3696 nullans

457 3739 554 3812 potest
565 3735 733 3816 quidquam
746 3739 860 3802 ellioere
872 3739 1084 3801 inessentialia
1100 3739 1248 3800 societatis
1260 3737 1357 3797 ullius
1368 3729 1518 3815 spiritualis

458 3835 656 3898 constitutiva.

498 3935 607 3996 Poterit
620 3939 741 4014 quidem
757 3941 802 4001 vis
822 3938 946 4020 physica
956 3938 1061 4000 multis
1074 3937 1174 3999 modis
1188 3938 1323 4014 turbare,
1339 3933 1479 4015 impedire
1492 3944 1517 3988 ot

459 4035 580 4110 perdere
591 4039 657 4098 illos
666 4041 719 4117 qui
734 4041 785 4102 tali
798 4041 930 4101 societati
942 4039 1112 4102 adbaerent:
1124 4039 1176 4102 sed
1188 4039 1240 4100 illa
1249 4038 1379 4098 minime
1387 4031 1518 4094 nooebunt

458 4139 605 4200 societatis
616 4141 763 4218 ejusmodi
778 4143 945 4221 spiritualis
955 4141 1207 4220 independentiae.
1219 4143 1294 4203 Nam
1307 4141 1432 4200 societas
1445 4133 1517 4194 unite

458 4240 595 4320 pendete
609 4243 673 4303 suis
687 4243 895 4304 essentialibus
907 4243 1117 4304 eonstitutivis.
1133 4247 1224 4320 Ergo,
1238 4241 1387 4320 quamdiu
1406 4239 1464 4298 hae
1477 4247 1516 4293 tt·

456 4341 543 4402 eiulia
554 4345 742 4404 eonstitutisa
753 4349 823 4403 sunt
833 4341 1071 4424 independentie,
1080 4349 1140 4405 tota
1150 4345 1240 4405 etiam
1252 4343 1378 4404 societas
1391 4338 1514 4414 indepen-

458 4437 531 4500 dens
553 4448 698 4502 remanet.
718 4444 808 4520 Atqui
823 4443 910 4505 nulla
930 4445 977 4504 vis
989 4449 1084 4523 potest
1097 4443 1267 4521 quidquam
1291 4444 1324 4502 in
1344 4434 1514 4503 oonstttmtn

460 4539 789 4619 societatisspiritualis‚
804 4559 912 4622 nempe
926 4544 959 4604 in
967 4545 1128 4605 veritatum
1142 4545 1189 4604 illi
1200 4543 1392 4624 propriarum
1399 4537 1494 4599 seriem
1506 4549 1512 4586 τ

462 4639 546 4715 quia,
560 4643 593 4698 ut
612 4639 755 4717 vidimus,
770 4643 854 4704 nulla
866 4645 912 4705 vis
924 4649 1021 4724 potest
1033 4643 1150 4706 ellioere
1162 4651 1198 4706 ut
1212 4641 1320 4710 veritas
1335 4657 1396 4706 non
1417 4639 1452 4698 sit
1465 4649 1514 4696 an·

462 4735 542 4814 plius
555 4737 674 4802 veritas.
688 4741 777 4821 Ergo,
788 4747 845 4807 eto.
