3559 5675
583 707 695 764 senaa.
716 693 861 774 -innsn
882 709 1077 768 nuooeernosr
1302 692 1363 768 bisc

284 818 416 880 maxime
428 813 603 888 concedant,
617 814 785 890 acriterque
802 814 1015 892 condemnent,
1030 831 1090 876 non
1110 833 1142 876 es
1166 833 1220 878 cur
1234 819 1365 896 particu-

285 917 363 978 laria
382 913 551 977 testimonie
571 913 607 974 ed
632 912 708 972 illud
732 912 987 990 comprobandum
1011 930 1234 992 conquiramus.
1258 917 1369 978 Ouinia.

287 1019 391 1098 polius
422 1034 458 1076 ea
486 1014 655 1081 testimonia
680 1016 848 1076 universim
877 1015 1085 1076 revocabimus
1115 1035 1186 1080 eum
1216 1018 1371 1087 lteleeiorr.

289 1117 414 1186 nulaeo,
430 1117 494 1175 viro
513 1113 672 1192 praeclaro,
698 1115 735 1174 ad
763 1131 870 1176 rnorem
889 1117 984 1194 capita
1010 1117 1149 1194 quedam
1172 1137 1225 1180 seu
1245 1120 1360 1195 gradus

291 1233 369 1294 quos
382 1216 434 1279 ille
446 1222 514 1294 epte
528 1215 687 1291 distinguit
701 1232 735 1276 ac
750 1213 929 1290 singillatim
953 1216 1076 1296 explieat
1088 1219 1142 1297 (o).

330 1315 468 1376 Primam
484 1315 575 1391 igitur
587 1315 716 1394 gradum
735 1317 888 1394 potestatis
905 1315 1055 1379 indirecte
1070 1320 1205 1394 erereuit
1217 1319 1372 1392 ecelesias-

286 1419 347 1480 tica
359 1417 517 1478 auctoritas
529 1417 563 1474 in
573 1419 776 1476 auctoritatem
790 1415 968 1489 secularem,
985 1433 1048 1476 sese
1059 1417 1090 1478 in
1102 1426 1195 1483 terras
1209 1427 1371 1498 gentesque

284 1517 386 1590 istius,
397 1533 432 1575 ea
443 1516 575 1574 maxime
588 1515 691 1590 inrita,
703 1515 888 1574 insinuando
900 1531 934 1574 ac
949 1516 1137 1578 stabiliendo.
1158 1518 1189 1578 ld
1201 1520 1284 1584 enim
1299 1518 1370 1580 ubi-

285 1633 347 1693 que
369 1624 516 1678 terrarum
539 1615 672 1677 Ecclesia
693 1615 774 1692 feeit,
795 1631 864 1692 qne
886 1631 927 1676 ne
949 1616 1113 1704 minimam
1136 1618 1258 1698 quidem
1285 1625 1373 1681 terra·

286 1714 437 1792 angulum
460 1715 637 1794 adeptaest,
662 1716 737 1795 quio
751 1715 836 1776 omni
850 1715 881 1772 vi
901 1715 1047 1777 secularis
1062 1723 1191 1794 potestas
1207 1725 1309 1789 cornato
1333 1719 1374 1778 sit

286 1831 357 1876 cern
371 1815 440 1874 inde
452 1814 595 1896 repellere
609 1820 699 1892 atque
716 1815 885 1876 exturbare.

325 1913 503 1988 Secundam,
522 1930 593 1993 euos
606 1913 809 1979 strbbehendo
823 1913 970 1977 secularis
985 1917 1170 1990 auctoritatis
1194 1913 1368 1984 obedientie

287 2017 382 2078 iniis
406 2015 547 2076 omnibus
573 2032 640 2092 quae
668 2014 876 2093 spiritualibus
904 2016 968 2076 suis
997 2014 1116 2094 legibus
1151 2023 1368 2096 repugnarent,

285 2116 428 2194 quedam
450 2113 578 2175 vetando
601 2130 670 2192 quae
691 2115 740 2174 lex
755 2113 930 2191 temporalis
944 2117 1140 2194 permitteret,
1160 2114 1218 2179 elia
1234 2117 1371 2196 jubendo

284 2234 355 2294 quae
367 2217 418 2278 lex
430 2215 577 2276 secularis
589 2221 710 2274 vetaret.
724 2213 756 2274 ld
767 2214 903 2292 primum
919 2213 1051 2274 Ecclesia
1064 2215 1212 2293 presunt,
1233 2233 1370 2294 quocun·

287 2333 350 2394 que
362 2315 416 2374 illa
427 2316 563 2392 ingressa
572 2318 627 2373 est.

333 2413 476 2490 Tertiam,
495 2414 559 2472 suis
572 2410 778 2474 interdicendo
791 2411 961 2472 bonoribus
981 2427 1015 2471 ac
1033 2413 1213 2474 muneribus
1232 2414 1367 2490 quibus·

287 2517 358 2576 dem
372 2514 519 2576 societatis
534 2511 679 2574 secularis
693 2512 893 2585 militaribus,
905 2511 1086 2590 judiciariis,
1107 2513 1366 2589 administrativis,

288 2631 453 2692 eorumque
462 2615 674 2692 acceptatione,
687 2629 807 2675 amessa
821 2612 860 2673 ed
873 2611 1035 2682 tribunalia
1047 2613 1206 2690 secularis,
1220 2623 1248 2676 et
1261 2614 1367 2690 buitta·

170 2760 171 2769 ,
292 2714 394 2791 modi,
418 2713 467 2775 rel
487 2713 551 2775 hece
575 2730 636 2774 non
662 2713 748 2774 aliter
767 2711 967 2789 permittendo
988 2729 1082 2790 quam
1105 2714 1162 2774 sub
1184 2713 1366 2791 quibusdam

170 2790 172 2817 ²
289 2814 522 2885 conditionibus,
545 2821 635 2892 atque
660 2816 741 2888 intre
763 2811 909 2891 quasdam
932 2813 1181 2875 circumstantias.
1211 2813 1313 2877 Elleeit
1335 2811 1364 2879 id

170 2903 172 2916 '
287 2915 420 2977 Ecclesia
435 2915 531 2975 tribus
551 2916 743 2993 potissimum
763 2913 873 2973 seculis
893 2913 949 2973 sub
966 2916 1091 2991 paganis
1112 2915 1363 2993 imperatoribus:

170 3011 172 3020 ’
286 3025 376 3095 atque
391 3016 449 3077 hoc
462 3014 552 3075 modo
566 3016 737 3075 distinctam
751 3013 840 3091 plene
860 3012 1136 3091 amplissimamque
1147 3016 1316 3075 societatem
1330 3014 1363 3077 in

286 3116 387 3177 medio
406 3119 471 3195 ipso
491 3132 617 3177 romano
640 3114 768 3193 imperio
788 3114 919 3175 instituit
939 3130 972 3173 ae
995 3114 1147 3188 lormavit,
1162 3132 1211 3175 cui
1231 3116 1361 3177 societati

170 3219 171 3224 ’
285 3216 370 3295 leges
391 3223 477 3277 eraut
498 3216 626 3295 proprie
645 3215 824 3292 legibusque
849 3213 968 3275 romani
991 3213 1111 3292 imperii
1137 3214 1301 3295 contrariae
1324 3232 1362 3285 ae

287 3319 402 3399 proprii
414 3334 535 3397 quoque
544 3316 664 3393 judices
677 3334 696 3377 a
709 3315 850 3377 civilibus
859 3314 1015 3393 judicibus
1028 3314 1148 3377 diversi.

330 3415 486 3491 (laertem,
501 3415 634 3493 cogendo
657 3415 823 3477 secularem
841 3420 1016 3493 potestatem
1034 3422 1069 3475 ut
1084 3415 1223 3477 Ecclesns
1240 3414 1362 3479 liberta-

284 3524 349 3577 tem
365 3522 395 3576 et
408 3514 671 3593 independentiam
691 3514 790 3575 salvas
808 3516 1001 3593 integrasque
1022 3512 1122 3593 vellet,
1136 3532 1170 3579 ac
1184 3514 1306 3594 proinde
1325 3528 1359 3577 nt

285 3615 418 3678 aboleret
438 3614 521 3691 leges
541 3614 718 3694 temporales
738 3615 946 3677 ecclesiasticis
964 3614 1074 3675 directe
1092 3620 1269 3692 contraries,
1290 3634 1357 3694 que

170 3793 171 3798 γ
286 3716 403 3779 scilicet
421 3722 555 3777 velarent
568 3732 636 3792 qum
653 3716 708 3775 illa
726 3715 859 3794 precipit
872 3720 926 3775 aut
938 3713 1139 3789 commendat,
1156 3715 1204 3800 rel
1217 3716 1360 3791 iuberent

285 3834 355 3897 quse
373 3816 427 3879 illa
446 3822 534 3881 relat
545 3816 608 3877 Sub
624 3815 816 3877 Constantino
837 3816 945 3891 blegne
963 3814 1052 3893 coepit
1063 3814 1093 3873 id
1105 3814 1235 3877 Ecclesia
1253 3830 1361 3881 conso-

286 3920 360 3997 qui3
385 3916 506 3997 probae
519 3916 655 3979 libertate
676 3915 790 3995 ubique
802 3924 960 3994 etsemper
979 3930 1015 3973 ee
1034 3912 1173 3992 decertat,
1193 3913 1288 3977 donec
1307 3915 1362 3985 ille

286 4018 410 4080 taudem
420 4018 561 4099 potiatur.
1158 4046 1162 4051 -

329 4116 484 4195 Quietum,
498 4118 647 4179 seculares
658 4123 819 4197 potestates
830 4115 904 4177 illue
918 4112 1092 4177 adducendo
1106 4118 1140 4175 ut
1151 4130 1223 4175 cum
1236 4130 1271 4180 ee
1283 4131 1356 4193 par·

286 4218 325 4281 tis
347 4217 535 4279 solemnibus
553 4221 757 4296 convenirent,
772 4234 806 4279 ae
828 4234 884 4296 pro
897 4216 986 4277 bonis
1006 4214 1213 4294 spiritualibus
1231 4214 1269 4277 ab
1290 4217 1357 4295 ipsa

286 4321 415 4399 acceptis
432 4318 588 4384 commoda
602 4318 739 4395 quedam
755 4317 932 4397 temporalia
949 4318 1093 4393 vicissim,
1105 4314 1226 4395 publiea
1237 4316 1296 4379 lide
1309 4318 1360 4381 ob

284 4419 399 4496 stricte,
414 4420 618 4481 concederent.
635 4420 700 4479 lluc
713 4419 864 4498 pertinent
875 4419 1085 4479 Consentionee
1100 4422 1129 4477 et
1141 4412 1361 4483 Concordem

285 4519 410 4598 regibus
425 4536 460 4582 ec
471 4521 656 4601 principibus
670 4520 734 4581 iteri
746 4521 833 4581 solita
846 4535 916 4579 corn
928 4519 1003 4581 Sede
1016 4515 1195 4598 Apostolica.

317 4714 354 4779 (o)
367 4714 454 4778 Dulce,
465 4702 567 4779 l'b‘plits
579 4720 602 4764 et
613 4700 707 4776 c’btet,
718 4717 738 4763 t.
749 4725 775 4775 n,
789 4726 814 4779 p.
826 4713 915 4777 ,itaet
921 4722 988 4777 seqq.
