3559 5675
529 770 638 817 suunt.
661 790 701 803 -
721 772 805 822 erun
826 773 1016 821 nuonscrurs.
1245 757 1298 818 {etl

252 875 308 936 eliis
323 874 519 954 comparendi,
537 880 572 936 ut
585 875 623 937 dc
637 892 743 938 eorum
756 877 887 956 donique
901 878 1096 941 consensione
1115 882 1239 940 constet.
1255 879 1304 938 lit·

251 976 296 1053 qui
313 992 383 1054 penc
394 976 533 1037 omnibns
546 976 718 1037 christianis
729 974 761 1038 id
780 984 825 1038 est
843 994 967 1057 prorsus
984 976 1171 1059 impossibile.
1188 976 1304 1039 Etenim

250 1074 459 1136 adeosutiliter
484 1078 517 1136 in
532 1092 606 1137 enm
623 1076 714 1137 tinem
741 1077 949 1158 perlegendos,
972 1076 1157 1155 scrutandos,
1180 1078 1260 1137 inter
1273 1093 1305 1137 se

249 1176 447 1254 compamndos
458 1175 552 1237 libros
574 1178 743 1237 ncoesseria
764 1183 837 1238 sunt
854 1194 950 1255 quum
965 1178 1053 1239 letini
1073 1177 1221 1254 gracique
1238 1190 1305 1237 ser-

249 1274 336 1334 monis
353 1274 457 1353 peritia
479 1288 541 1335 non
557 1273 645 1351 levis,
669 1280 734 1335 tum
754 1276 807 1336 otii
827 1276 998 1353 quietisque
1019 1276 1214 1346 abundantis,
1238 1280 1305 1335 turn

248 1374 327 1435 etiam
345 1374 457 1451 ingenii
476 1374 523 1435 vis
544 1375 716 1452 mentisque
736 1374 896 1437 dexteritas
919 1376 1168 1454 circuiensque
1188 1374 1306 1454 potissi·

247 1490 323 1535 mum
334 1475 436 1535 critice
447 1491 498 1535 ars
510 1474 710 1536 subtilissima
722 1476 804 1553 riget
815 1476 1037 1537 acsustinetur.
1053 1477 1143 1554 Atqui
1165 1476 1198 1535 in
1210 1490 1306 1552 quan-

246 1580 381 1651 tacunqne
391 1574 553 1635 bominum
565 1574 760 1639 multitudine
773 1576 946 1655 paucissimi
960 1592 1080 1655 semper
1092 1580 1164 1635 sunt
1176 1574 1242 1651 qui,
1254 1573 1306 1633 tri·

245 1671 295 1732 bus
315 1672 362 1733 bis
376 1673 598 1735 conditionibus
620 1675 767 1752 instructi,
787 1675 904 1754 possint
916 1674 951 1735 ed
971 1680 1100 1735 veterem
1116 1673 1305 1734 traditionem

244 1770 458 1850 disquirendum
467 1774 616 1835 resedere.
631 1776 785 1853 liecpueri
795 1775 933 1854 pwrecn,
945 1790 1000 1835 neo
1011 1774 1141 1848 lemine,
1153 1788 1207 1834 nec
1220 1771 1307 1853 plebs

242 1870 380 1934 illitterata
393 1872 490 1935 ullam
509 1880 623 1953 purtem
637 1890 742 1937 eornm
754 1874 958 1935 subsidiorum
973 1873 1105 1944 babent;
1121 1880 1211 1950 atque
1225 1872 1304 1932 inter

244 1972 313 2049 ipsos
326 1974 405 2035 uiros
427 1974 517 2035 bonis
531 1974 646 2035 artibus
660 1974 793 2035 excultos
812 1975 862 2035 uix
873 1973 930 2033 ulli
946 1981 1017 2034 sunt
1029 1973 1141 2051 quibus
1155 1989 1208 2052 per
1221 1973 1307 2033 iami-

239 2068 282 2131 lie
297 2086 395 2148 curas,
419 2090 473 2153 per
492 2070 708 2149 ualetudinem,
724 2088 776 2150 per
799 2073 915 2151 privata
929 2078 957 2133 ct
968 2070 1090 2151 publica
1109 2072 1236 2149 negotia,
1253 2088 1306 2149 per

240 2170 324 2229 animi
332 2172 525 2247 agrimoniae
536 2171 623 2232 liceat
631 2172 766 2249 quietam
778 2170 1009 2249 expeditamque
1024 2179 1157 2231 mentem
1172 2169 1209 2231 ad
1230 2186 1304 2249 ope·
1400 2162 1402 2169 ’

238 2284 328 2329 msam
340 2270 496 2347 ejusmodi
513 2270 739 2347 inquisitionem
751 2269 912 2348 applicare.
926 2272 1005 2345 Ergo
1020 2268 1069 2330 vix
1081 2268 1138 2328 ulli
1150 2273 1240 2329 erunt
1251 2269 1305 2344 qni

241 2366 458 2446 seripturarum
471 2369 658 2431 divinitatem
668 2370 829 2447 possintne
840 2369 997 2429 traditione
1007 2383 1061 2446 per
1073 2383 1104 2428 se
1114 2366 1170 2445 ipsi
1182 2380 1306 2441 eognos-

237 2481 305 2529 cera.
317 2470 429 2549 Nequit
442 2475 555 2541 auum,
571 2468 604 2530 in
615 2469 827 2547 potestantium
838 2467 997 2537 sententia,
1013 2481 1066 2543 per
1081 2464 1154 2525 alios
1166 2464 1229 2525 bec
1242 2466 1307 2543 ipsu

238 2565 346 2629 baditio
357 2569 501 2646 cognosci
511 2585 521 2645 ;
532 2569 603 2645 qnia
616 2567 736 2629 nullam
750 2568 799 2629 isti
812 2568 883 2629 boni
904 2567 1001 2627 vivum
1016 2565 1179 2625 admittunt
1200 2570 1306 2625 aucto-

237 2665 360 2743 ritatem,
372 2670 468 2745 cujrrs
478 2669 517 2728 sit
529 2676 560 2728 et
567 2668 736 2747 Scripturas
749 2674 779 2728 et
788 2668 960 2729 traditiones
973 2668 1096 2726 Petrum
1110 2664 1307 2726 infallibiliter

235 2782 404 2846 proponere.
433 2770 598 2847 Ergopene
618 2767 761 2828 omnibus
774 2765 1047 2847 essetimpossibile
1069 2764 1126 2825 hoc
1138 2764 1306 2825 traditionis

235 2867 437 2931 instrumento
449 2868 494 2930 uti
515 2868 552 2928 ad
572 2867 742 2930 christianae
759 2867 830 2930 fidei
848 2867 1079 2928 tundamentum
1099 2865 1304 2926 statuendum.

235 2967 320 3045 lingo,
333 2977 390 3031 etc.

270 3069 307 3128 ll.
333 3068 506 3147 Diligenter
528 3073 600 3128 sunt
630 3067 694 3130 buc
725 3066 787 3128 dno
810 3065 1052 3128 consideranda:
1082 3071 1133 3126 1¹¹⁰
1161 3064 1306 3126 Doctrina

231 3166 366 3229 revelata
387 3185 455 3229 non
475 3166 649 3228 suntverbs
668 3164 721 3227 illa
734 3165 955 3244 scripturarum
974 3165 1155 3240 materialia,
1169 3163 1221 3224 sed
1235 3178 1305 3223 sen·

231 3269 325 3328 nudes
339 3269 380 3328 iis
393 3265 498 3331 verbu
510 3266 643 3327 inclusas.
664 3285 680 3323 ι
694 3267 752 3326 lex
765 3264 917 3342 siquidem
931 3263 1110 3343 evangelica,
1122 3270 1157 3326 ut
1169 3264 1212 3326 ait
1224 3279 1309 3325 sano

231 3368 275 3424 tus
287 3366 498 3444 Hieronymus
510 3363 565 3441 (a),
580 3379 642 3424 non
662 3363 695 3423 in
712 3360 867 3442 scripturis
879 3368 938 3439 est,
957 3363 1008 3424 sed
1029 3365 1062 3424 in
1076 3379 1183 3442 seusu3
1197 3378 1257 3424 nou
1274 3362 1307 3422 iu

229 3467 400 3545 superlicie;
423 3464 475 3526 sed
490 3465 522 3524 iu
536 3464 691 3541 medulla3
706 3480 769 3527 nou
779 3466 814 3526 iu
823 3463 984 3527 uerborum
995 3465 1088 3542 loliis,
1101 3466 1152 3528 sed
1168 3465 1308 3528 inradies

228 3547 350 3628 rationis
366 3590 396 3626 ι.
410 3565 525 3626 idcirco
539 3570 582 3625 tot
594 3570 742 3643 nutuque
752 3565 912 3627 catholicos
925 3567 1003 3628 inter
1021 3573 1050 3625 et
1070 3565 1223 3628 hereticos
1234 3581 1308 3627 con·

227 3669 411 3728 certationes
436 3665 514 3726 circa
526 3663 695 3726 bibliorum
710 3664 775 3726 loce
793 3666 932 3746 quaedam
951 3666 1079 3742 ferrem,
1091 3667 1230 3744 quamuis
1242 3664 1310 3725 nul-

227 3765 291 3827 lum
312 3767 352 3827 de
375 3766 492 3826 horum
516 3763 653 3826 locorum
676 3765 872 3842 grammatica
893 3764 990 3825 torma
1011 3765 1140 3826 dubium
1155 3768 1308 3841 occurrat;

226 3866 296 3941 quia
309 3865 443 3936 scilicet,
459 3862 569 3924 iisdcm
579 3864 702 3925 retomn
725 3862 834 3938 vorbis,
850 3877 955 3923 corum
965 3871 1077 3922 'sensus
1101 3862 1265 3938 queritur3
1280 3866 1311 3922 et

224 3964 300 4026 ideo·
312 3977 433 4027 masos
445 3961 607 4023 verborum
631 3967 712 4023 tento
733 3961 833 4022 studio
849 3959 1047 4037 conquiritur,
1063 3961 1135 4038 quia
1148 3959 1231 4020 bunc
1244 3975 1312 4022 sen·

227 4081 309 4141 sum,
323 4081 393 4126 non
410 4061 628 4124 uocabulorum
651 4063 792 4137 formem,
819 4077 885 4121 esse
906 4059 958 4121 bei
973 4058 1099 4120 uerbum
1113 4073 1229 4138 omnes,
1243 4064 1310 4120 tum

224 4155 370 4226 catholici
386 4161 609 4235 tumburstici‚
628 4160 721 4240 probe
732 4167 854 4240 norunt.
872 4161 908 4220 Et
921 4175 991 4220 vero
1012 4159 1044 4218 in
1067 4157 1235 4220 Bibliorum
1249 4164 1311 4218 tem

228 4264 338 4325 uiuitis
350 4266 386 4324 in
401 4260 524 4339 linguas
536 4261 670 4322 diversus
682 4259 929 4322 translationibus
941 4264 1074 4318 mutatur
1087 4258 1216 4338 protecto
1228 4257 1312 4321 mille

224 4363 328 4426 modis
337 4347 512 4425 materialis
522 4359 737 4422 vocabulorum
748 4365 778 4420 et
789 4359 977 4422 locutionum
989 4357 1111 4438 species,
1122 4357 1198 4434 quin
1213 4361 1313 4419 lernen

222 4465 329 4544 ipsum
357 4462 418 4524 liei
440 4461 564 4522 verbum
592 4461 629 4522 iis
653 4460 855 4522 locutionibus
879 4465 1053 4522 contentum
1068 4456 1177 4518 mntsri
1202 4455 1313 4518 ullaex

220 4573 305 4644 parte
319 4583 365 4646 pn
371 4567 464 4623 tetur.
489 4566 567 4639 Ergo
580 4561 624 4622 illi
642 4561 696 4621 uni
711 4557 824 4622 habent
843 4559 1005 4638 scripturas
1018 4565 1128 4632 mdes,
1143 4556 1197 4634 qui
1209 4560 1313 4618 serum

251 4777 293 4840 (o)
307 4776 460 4828 comment.
472 4771 500 4819 in
509 4770 590 4835 Epist.
599 4769 633 4818 od
646 4768 732 4819 Geton
