3559 5675
529 772 634 817 sunus.
657 792 696 805 -
717 774 801 821 crece
822 774 1013 821 nuouecurus.
1255 758 1316 823 lot

264 872 316 944 illa,
328 890 384 951 out
394 876 446 953 ius
459 890 547 938 omno
560 875 592 937 in
607 893 653 939 res
668 877 837 939 materiales
850 878 989 941 lioclmis
1003 877 1199 954 abnegatum·
1217 879 1315 940 &cle-

263 974 308 1043 sia,
323 974 402 1051 aiunt
413 991 517 1055 nempe
531 992 593 1037 non
605 977 692 1054 pauci
709 976 861 1057 sophistes,
875 984 921 1039 est
931 979 1057 1039 societas
1070 977 1108 1037 ad
1127 977 1219 1039 linem
1233 994 1316 1039 mere

262 1072 426 1148 spiritualem
441 1075 573 1137 ordinata
586 1092 595 1135 τ
608 1092 678 1151 ergo
697 1076 786 1140 habet
797 1076 849 1137 illa
865 1078 919 1152 jus
938 1077 976 1137 erl
991 1076 1055 1137 sola
1069 1076 1168 1137 media
1181 1076 1314 1137 adhunc

263 1170 339 1233 linem
359 1172 575 1250 assequendum
589 1176 777 1237 necessarie:
802 1177 884 1253 etqui
899 1175 969 1237 linis
981 1175 1146 1253 spiritualis
1167 1192 1228 1235 non
1245 1176 1314 1235 aliis

264 1276 317 1346 rget
329 1272 428 1332 mediis
440 1290 530 1349 quam
549 1290 624 1351 pure
638 1275 862 1353 spiritualibus:
876 1292 947 1352 ergo
966 1274 1095 1336 Ecclesia
1104 1275 1157 1349 jus
1171 1272 1262 1334 hebet
1274 1270 1312 1332 erl

263 1368 314 1427 sola
329 1370 420 1431 media
434 1388 506 1449 pure
520 1372 697 1451 spiritualia,
716 1388 750 1435 ao
764 1373 889 1451 proinde
903 1372 1026 1435 nullum
1042 1373 1096 1448 jnn
1108 1371 1199 1433 habet
1218 1373 1250 1431 iu
1264 1387 1313 1431 res

262 1468 419 1529 materiales.
435 1490 449 1525 r
468 1472 505 1531 nt
522 1472 639 1533 tertiam
653 1473 885 1550 propositionem
897 1474 930 1534 in
943 1473 1001 1533 lroo
1015 1472 1170 1534 ratiocinio
1182 1472 1313 1548 quisque

261 1566 326 1627 ridet
337 1568 437 1632 ltlsam
450 1586 527 1645 esse,
543 1570 596 1633 ubi
617 1569 654 1631 de
666 1572 802 1635 hnmana
816 1574 924 1649 quavis
937 1573 1076 1633 societate
1088 1572 1198 1648 agitur.
1212 1573 1315 1644 Quam

261 1670 423 1744 tumcunque
443 1670 525 1730 enim
545 1669 707 1747 spiritualis
729 1672 887 1733 situatum
909 1672 992 1744 linis
1005 1672 1043 1733 ati
1063 1685 1157 1747 quem
1176 1670 1312 1731 humane

259 1766 385 1843 nuspiam
406 1768 530 1829 societas
553 1769 676 1846 aspiret,
700 1771 866 1832 materialia
887 1788 1005 1850 semper
1028 1770 1127 1831 media
1143 1771 1312 1831 necessaria

258 1870 342 1937 eruut,
356 1872 389 1924 ut
400 1865 462 1929 hec
475 1868 601 1927 societas
611 1867 703 1942 niret,
715 1872 749 1927 ut
760 1869 932 1947 spirituales
945 1870 1015 1947 ipsas
1026 1867 1313 1929 communicationes

259 1960 321 2021 inter
333 1962 525 2029 entiaanimo
545 1970 575 2025 et
588 1982 709 2043 corpore
726 1969 889 2045 composita
901 1973 1116 2042 exerceantur3
1138 1966 1217 2044 quod
1238 1981 1312 2026 saue

258 2061 402 2123 manifestis
415 2062 581 2128 rationibus
595 2082 691 2143 nuper
704 2068 934 2146 comprobatum
950 2074 995 2129 est
1008 2067 1122 2144 (1272).

292 2160 369 2223 llil.
385 2164 451 2227 Por.
468 2164 551 2226 627¹.
567 2164 698 2227 Ecclesia
711 2166 874 2230 christiana
886 2172 933 2227 est
950 2166 1144 2227 essentialiter
1156 2164 1252 2225 unica.

289 2257 373 2321 Pnon.
387 2290 426 2305 -
438 2260 569 2321 Ecclesia
583 2262 747 2325 christiana
767 2269 812 2325 est
824 2263 948 2348 societas
959 2280 1066 2326 eorum
1078 2265 1131 2340 qui
1145 2263 1314 2324 doctrinam

257 2354 350 2417 Christi
362 2374 484 2419 omnem
493 2366 641 2423 sectantur
652 2361 708 2423 suh
721 2378 861 2440 supremo
873 2364 1000 2434 Romani
1010 2362 1161 2424 nestoris
1170 2362 1316 2436 regimine

255 2470 282 2513 ac
294 2458 456 2533 magisterio
473 2458 575 2534 (laco,
596 2460 697 2536 1267).
710 2462 801 2537 lltqui
821 2460 948 2521 unicum
963 2466 1008 2523 est
1021 2462 1149 2523 Romani
1163 2459 1315 2550 ljontiticis

254 2555 369 2629 regimen
382 2572 416 2618 ac
429 2558 654 2635 magisterium,
668 2561 745 2621 sicut
759 2561 822 2639 ipse
833 2562 987 2624 Romanus
995 2558 1129 2621 Portitor
1139 2559 1248 2619 unicus
1258 2562 1314 2618 est.

254 2653 317 2729 crgo
333 2657 419 2717 unica
433 2658 529 2719 etism
540 2662 585 2720 est
597 2658 759 2724 christiane
773 2660 907 2730 societas,
919 2658 1032 2738 quippe
1041 2656 1316 2735 eujuetunoamen

254 2756 305 2813 tum
319 2756 477 2818 essentiale
492 2758 617 2819 unicum
628 2776 693 2819 esse
708 2766 833 2821 constat.

288 2857 368 2916 1275.
383 2858 518 2926 Conone.
534 2889 573 2905 -
587 2861 631 2922 Ex
645 2859 700 2921 hec
713 2859 869 2935 regiminis
882 2864 913 2920 et
930 2860 1095 2935 magisterii
1114 2859 1147 2920 in
1169 2859 1249 2920 Petri
1262 2875 1316 2918 ea-

252 2947 345 3014 thedra
361 2955 591 3018 constitutorum
606 2959 720 3018 unitate
744 2956 878 3018 dimanat
890 2961 967 3032 tota,
980 2963 1092 3033 quante
1108 2962 1165 3029 est,
1179 2943 1317 3018 Ecclesia?

252 3046 403 3114 christiane
415 3053 522 3114 unitas
529 3067 540 3132 3
550 3069 649 3131 neque
662 3071 696 3114 er
711 3053 775 3116 ullo
787 3051 846 3114 alio
860 3054 942 3114 fonte
955 3058 1052 3130 potest
1065 3052 1200 3113 &sisciae
1217 3051 1317 3112 unitas

251 3143 374 3212 denseri.
391 3155 460 3212 Nou
474 3168 509 3214 ex
527 3151 667 3216 doctrinm
690 3153 898 3230 unitateque
912 3144 1091 3212 consistitis
1104 3166 1139 3212 eo
1160 3148 1240 3226 quotl
1256 3163 1318 3208 una

251 3245 401 3326 eademque
412 3250 456 3312 sit
468 3250 606 3317 omnium
618 3251 765 3313 sociorum
781 3247 855 3311 tides
869 3250 902 3310 in
916 3249 1058 3310 omnibus
1076 3263 1176 3326 quaa
1195 3246 1315 3308 Christo

252 3343 366 3408 liomiuo
389 3347 497 3440 trarlite
510 3355 539 3410 et
556 3355 701 3428 precepta
723 3355 821 3412 sunt:
845 3347 904 3409 hoc
923 3348 1004 3413 enim
1025 3346 1223 3425 quaerendum
1248 3350 1317 3406 ante

252 3447 343 3506 omnia
362 3451 440 3516 crit.
458 3465 599 3528 quanam
619 3450 738 3520 tentlcm
762 3449 826 3514 hec
845 3449 907 3510 sint
925 3465 995 3525 quae
1014 3448 1152 3512 Christus
1173 3447 1320 3508 Dominus

250 3539 341 3608 locuit
363 3564 397 3608 ac
424 3549 582 3628 precepit,
607 3549 685 3626 quod
699 3552 765 3628 jem
784 3547 919 3609 vidimus
932 3547 1033 3623 (1267)
1049 3563 1111 3613 non
1132 3563 1217 3625 posse
1240 3549 1320 3606 certa

251 3646 387 3708 metentis
401 3646 523 3706 definiri
543 3647 629 3710 aliter
642 3663 734 3724 quam
757 3663 811 3724 per
823 3663 1003 3726 supremum
1023 3645 1151 3708 Romani
1170 3643 1320 3705 Pontiticis

251 3734 574 3820 magisterium-Nou
585 3763 621 3806 ex
635 3747 749 3810 unitate
761 3747 865 3826 capitis
875 3746 1047 3820 invisibilis,
1059 3745 1170 3806 Christi
1182 3742 1318 3805 nomini:

251 3854 337 3914 quum
351 3845 435 3903 enim
451 3842 528 3903 illud
552 3850 665 3904 certum
690 3845 741 3922 sit,
757 3861 816 3904 non
838 3861 943 3905 ornnes
957 3860 1081 3921 prorsus
1095 3842 1234 3909 homiues
1254 3857 1320 3902 esse

250 3942 377 4026 ntemlpra
390 3945 510 4020 mystici
522 3947 588 4022 ejus
599 3945 742 4023 corporis,
755 3944 844 4020 cuins
858 3949 948 4024 caput
958 3949 1003 4004 est
1014 3941 1151 4002 Christus
1160 3940 1318 4008 Dominus,

252 4043 441 4114 quarendum
457 4044 565 4104 iterum
578 4045 648 4117 erit,
662 4044 786 4120 quinam
803 4045 865 4104 sint
876 4043 930 4122 qui
952 4040 1070 4104 Christo
1082 4038 1210 4100 Domino
1223 4037 1322 4112 reipsa

252 4155 298 4216 per
311 4159 413 4204 reram
428 4142 517 4204 fidem
539 4143 701 4206 adhaerent.
718 4176 758 4187 -
773 4145 839 4205 non
858 4157 896 4206 ex
913 4142 1028 4202 unitate
1041 4129 1160 4201 concilii
1173 4134 1322 4213 generalis

252 4240 453 4320 episcoporum
466 4259 500 4304 ao
514 4242 652 4305 doctrine
671 4243 709 4304 ab
732 4243 785 4303 illo
798 4241 974 4322 propositae:
989 4240 1073 4318 quie,
1088 4253 1186 4317 quum
1205 4236 1244 4296 sit
1256 4234 1321 4294 eri-

252 4338 1243 4422 ‹lcnsnonomuesprorsusepiscopos,quotquotsuntinterrarum
1251 4337 1322 4398 orbe

252 4442 399 4517 universo,
410 4461 495 4532 posse
504 4443 679 4522 hujusmodi
691 4443 819 4506 concilio
828 4443 983 4518 interesse,
996 4447 1026 4504 et
1033 4457 1118 4521 posse
1128 4441 1234 4518 utique
1240 4437 1322 4516 epis

253 4553 337 4617 topos
353 4541 526 4618 ingenerati
538 4541 832 4620 conciliopraeseutcs
849 4541 897 4600 vel
913 4556 1019 4604 omncs
1038 4540 1085 4601 rel
1104 4539 1233 4618 aliquos,
1247 4551 1322 4599 non·

254 4629 332 4701 nilril¹
341 4647 470 4724 statuere
484 4659 518 4707 sc
532 4643 689 4706 decernere
702 4659 762 4702 nce
776 4637 989 4720 conciliariter,
1005 4638 1205 4718 quaerendum
1216 4635 1316 4704 adhuc

256 4739 308 4798 erit
322 4743 355 4798 1ο
370 4739 521 4819 quodnam
537 4741 708 4806 iubendum
723 4742 761 4802 sit
783 4755 836 4821 pro
857 4741 990 4821 generali
1003 4739 1211 4827 episcoporum
1224 4733 1323 4804 conci·
