3559 5675
411 694 449 755 id
756 716 761 723 ·
820 708 898 752 tunts
919 706 1074 752 marculus

411 814 521 890 ammo]
533 814 741 889 imbecilliore,
755 815 835 877 unde
848 832 936 875 secus
956 810 1081 873 imbellia
1099 826 1209 873 nomen
1228 807 1414 886 desumpsit;
1436 802 1491 865 sed

411 914 552 988 praetcrea
574 910 605 970 in
631 911 769 971 societate
794 908 945 985 oquugali
970 907 1138 969 necessario
1156 910 1185 965 et
1208 906 1378 965 constanter
1401 897 1493 959 debet

409 1006 547 1070 florentis
557 1010 652 1069 atatis
661 1025 723 1069 sum
735 1013 849 1088 partem
859 1007 985 1069 alteram
1000 1006 1031 1065 in
1043 1002 1230 1083 graviditatis
1242 998 1489 1071 difficultatibus,

413 1106 537 1168 alteram
550 1108 583 1167 iu
593 1109 679 1188 pueri
691 1108 819 1169 lactandi
832 1104 1034 1168 sollicitudine
1050 1104 1223 1181 transigere.
1232 1103 1321 1178 Ergo,
1337 1103 1491 1177 quatenus

412 1205 467 1268 illa
476 1212 522 1268 est
533 1206 644 1269 mulier
657 1212 687 1267 et
697 1223 787 1283 uxor,
801 1206 979 1267 naturaliter
991 1210 1036 1266 est
1046 1204 1082 1265 ad
1094 1200 1280 1282 operandum
1293 1196 1392 1269 multo
1406 1194 1491 1257 intir-

412 1306 490 1367 mior
504 1312 534 1368 ct
550 1306 719 1387 impeditior
737 1323 831 1385 quam
847 1307 903 1368 vir.
918 1308 996 1382 Ergo
1010 1310 1116 1365 natura
1130 1304 1194 1382 ipsa
1206 1300 1272 1363 vult
1280 1304 1315 1359 ut
1327 1299 1360 1359 in
1371 1296 1491 1375 agendo

411 1422 485 1467 uror
506 1423 524 1466 a
545 1407 608 1468 viro
629 1404 807 1487 dependeat,
832 1406 979 1466 nimirum
998 1408 1033 1464 ut
1052 1402 1098 1465 vir
1119 1402 1152 1461 in
1174 1397 1328 1480 conjugali
1350 1396 1491 1459 societate

415 1506 617 1567 auctoritatem
631 1505 824 1567 domesticam
835 1512 928 1582 gerat.

449 1608 544 1668 Paos
560 1606 593 1667 4·
606 1621 693 1668 rans.
705 1638 747 1651 -
765 1604 989 1666 Matrimonium
1007 1610 1052 1665 est
1064 1619 1100 1663 ex
1118 1599 1248 1662 naturali
1261 1597 1368 1661 ordine
1384 1596 1491 1680 praeci-

408 1723 468 1786 pue
489 1707 614 1768 societas
635 1706 754 1782 generis
777 1705 991 1785 propagatrix3
1011 1703 1061 1765 hic
1083 1700 1164 1764 enim
1184 1707 1230 1762 est
1254 1701 1372 1780 primus
1393 1698 1492 1777 hujus

408 1806 556 1867 societatis
578 1804 648 1869 finis
669 1803 849 1879 essentialis,
874 1804 1008 1865 humana
1028 1802 1200 1884 propagatio
1224 1798 1316 1881 (807).
1342 1798 1436 1876 Atqui
1459 1798 1491 1859 in

410 1906 548 1966 societate
560 1905 726 1985 conjugali,
739 1912 890 1984 quamnus
902 1904 956 1965 illa
968 1908 1013 1965 est
1025 1902 1228 1984 propagatrix,
1241 1898 1405 1962 domestica
1418 1911 1491 1956 auc-

408 2006 510 2067 toritas
524 2005 562 2066 ad
578 2006 680 2065 virum
692 2005 821 2085 pertinet
839 2010 874 2065 ut
899 2004 988 2065 modo
1007 2003 1148 2074 diximus,
1165 2004 1196 2064 3·
1209 2006 1301 2081 parte.
1319 2002 1411 2078 llrgo,
1433 2002 1491 2059 etc.

450 2106 520 2167 829.
543 2106 674 2167 Conocn
686 2136 728 2151 -
745 2106 850 2167 Uxoris
863 2122 881 2166 a
896 2106 1003 2165 marito
1016 2103 1163 2165 naturalis
1178 2098 1380 2181 dependentia
1393 2102 1493 2178 potest

409 2218 481 2265 sane
504 2204 573 2267 aliis
593 2207 692 2268 causis
708 2212 737 2265 et
756 2205 886 2282 mitigari
905 2210 933 2265 et
953 2219 1030 2283 pene
1043 2202 1149 2283 deleri,
1168 2202 1252 2263 utin
1272 2204 1356 2280 parte
1373 2201 1404 2258 1·
1416 2202 1447 2258 et
1460 2200 1492 2256 2·

409 2310 564 2384 postrema
576 2307 731 2385 positionis
742 2305 885 2367 vidimus.
900 2306 1039 2365 Attamen
1053 2302 1105 2365 illa
1116 2300 1314 2381 dependentia
1327 2316 1345 2360 a
1356 2297 1493 2359 naturali

409 2403 514 2467 ordine
533 2404 628 2469 relate
641 2406 679 2467 ad
697 2403 881 2487 precipuum
895 2404 1079 2467 matrimonii
1099 2404 1192 2465 tinem
1205 2401 1374 2463 necessario
1394 2399 1494 2461 exori·

409 2509 477 2563 tur:
494 2520 599 2582 quiere,
611 2506 638 2565 s'i
652 2506 881 2565 matrimonium
893 2504 1017 2582 spectari
1031 2509 1130 2583 posset
1147 2508 1181 2563 ul
1195 2502 1316 2563 societas
1329 2517 1408 2582 pure
1419 2514 1494 2577 pro-

409 2601 551 2681 pagatrix,
567 2604 728 2664 auctoritas
741 2605 774 2664 in
794 2604 857 2665 solo
875 2604 940 2665 vini
962 2608 1020 2664 tota
1038 2620 1155 2683 semper
1175 2602 1328 2665 resideret.
1343 2602 1392 2679 st,
1410 2618 1494 2679 quo·

408 2700 491 2760 niam
506 2699 583 2761 illud
597 2718 615 2762 a
627 2703 798 2764 voluntaria
819 2703 1012 2766 associatione
1029 2705 1188 2777 enascitur,
1209 2706 1239 2765 et
1258 2704 1300 2763 sic
1321 2701 1493 2765 enascendc

408 2799 580 2862 societatem
600 2800 791 2864 domesticam
806 2808 835 2865 et
849 2802 1006 2864 amicalem
1021 2804 1185 2866 necessario
1198 2802 1337 2883 producit
1344 2818 1355 2880 ;
1378 2802 1494 2866 idcirco

408 2900 440 2960 in
454 2901 547 2978 hujus
558 2902 703 2964 societatis
718 2904 834 2981 origine
847 2909 943 2982 potest
954 2904 1121 2981 conjugalis
1137 2907 1296 2965 auctoritas
1309 2905 1403 2966 variis
1416 2919 1495 2966 con-

408 2999 572 3063 ditionibus
587 3003 687 3077 subdi,
704 3004 794 3065 modo
805 3022 843 3065 ne
853 3003 914 3065 illa
927 3006 1075 3082 praecipuo
1089 3004 1220 3082 conjugii
1232 3004 1286 3064 tini
1300 3011 1475 3084 repugnent
1482 3021 1493 3082 ;

407 3107 436 3161 et
456 3101 489 3160 in
512 3104 648 3178 ejusdcm
679 3119 837 3182 progressu
869 3109 965 3182 potest
995 3103 1046 3163 illa
1076 3102 1232 3164 auctoritas
1264 3103 1407 3182 impediri
1431 3103 1496 3166 alia

411 3201 582 3262 auctoritate
595 3202 720 3262 diversa
734 3209 860 3280 naturae,
876 3219 943 3279 quae
953 3203 1013 3264 sive
1024 3203 1055 3264 in
1068 3219 1171 3278 uxore,
1187 3205 1248 3264 sive
1260 3202 1293 3264 in
1303 3201 1374 3265 liliis
1388 3205 1495 3281 vigere

410 3299 542 3376 incipiat.
559 3301 607 3360 Sic
621 3301 759 3379 princeps
776 3299 978 3362 abdicatarum
1000 3321 1146 3382 suprema
1163 3303 1218 3364 filii
1232 3305 1286 3382 qui
1300 3307 1494 3380 successerit,

410 3399 576 3458 summitati
591 3398 736 3460 obnoxius
754 3407 815 3460 est:
832 3407 862 3462 et
875 3401 907 3462 in
920 3403 957 3462 iis
970 3403 1155 3480 regionibus,
1176 3403 1228 3463 ubi
1248 3403 1297 3463 lex
1318 3403 1410 3465 salica
1429 3419 1496 3466 non

409 3494 534 3572 obtinet,
548 3499 652 3573 regina
664 3498 849 3560 hereditaria
863 3502 1008 3562 invirum
1022 3521 1113 3564 suum
1127 3497 1261 3580 legitime
1275 3504 1416 3582 imperat.

451 3597 504 3654 llis
517 3602 617 3656 tamen
631 3597 773 3659 omnibus
788 3601 1056 3680 nonobstantibus,
1072 3603 1229 3680 regiminis
1242 3603 1416 3681 conjugalis
1433 3603 1495 3666 lor·

410 3711 461 3754 ma
474 3697 592 3773 proprie
606 3702 635 3756 et
652 3699 800 3776 precipue
813 3707 858 3760 est
868 3698 1035 3762 uoluntario
1049 3685 1242 3780 mouorcticc,
1257 3720 1326 3780 qum
1339 3704 1440 3777 oritur
1455 3705 1495 3768 ab

412 3791 552 3854 electione
563 3792 755 3874 oltipctoria:
774 3800 847 3876 quia
863 3805 956 3861 status
970 3802 1071 3863 electio
1083 3807 1128 3864 est
1138 3803 1317 3880 voluntaria,
1331 3803 1398 3880 sed,
1410 3803 1497 3868 hunc

414 3899 525 3952 statum
539 3892 686 3973 eligendo,
703 3895 795 3960 simul
808 3901 976 3961 necessario
989 3901 1109 3978 eligitur
1120 3901 1177 3964 viri
1190 3902 1366 3965 dominatio.

453 3992 567 4052 Eadem
579 4012 650 4057 vero
664 3997 786 4059 societas
800 3999 983 4059 considerata
996 4001 1134 4080 intactis,
1151 4019 1217 4079 quae
1231 4001 1374 4064 adfinem
1389 4005 1497 4082 praeci·

413 4108 508 4169 pnum
522 4092 622 4155 minus
644 4098 762 4176 propris
773 4105 915 4177 spectant,
931 4098 982 4160 sad
997 4099 1034 4160 alt
1046 4117 1081 4161 eo
1094 4101 1153 4162 fine
1166 4105 1317 4182 praeclpuo
1338 4103 1497 4164 naturali-

414 4200 459 4250 ter
476 4196 574 4252 tameu
585 4196 774 4270 proveniunt,
789 4203 928 4259 naturam
941 4199 1032 4260 habet
1045 4204 1180 4280 mixtam,
1192 4203 1326 4282 adeoque
1340 4203 1496 4265 informis

416 4289 647 4352 accidentalibus
660 4294 844 4355 variabilem.
1309 4312 1310 4316 ’
