3559 5675
472 736 531 799 508
882 756 962 801 roais
982 754 1140 801 erroneus

472 852 512 916 de
534 861 588 917 tua
605 856 741 919 doctnaa
759 858 969 939 praejudicium
990 856 1118 933 ingeris!
1131 855 1191 931 Qui
1210 856 1291 915 enim
1307 870 1339 915 se
1356 853 1511 915 vehementer

474 963 606 1029 excusat,
626 959 711 1036 gram
731 976 764 1021 se
783 958 966 1021 accusationi
986 957 1150 1020 obnoxium
1174 956 1279 1015 merito
1296 970 1358 1015 esse
1376 954 1511 1015 malem.

476 1058 513 1119 lit
524 1056 578 1134 qui
591 1055 758 1119 doctrinam
771 1058 905 1137 aliquam
920 1064 955 1119 ut
966 1073 1085 1119 mamm
1103 1056 1216 1117 iactum
1233 1072 1266 1116 se
1285 1054 1416 1115 retulisse
1427 1060 1514 1133 protes

477 1160 567 1230 tatur,
582 1174 705 1236 pravam
721 1175 789 1220 mm
808 1158 855 1220 vel
876 1158 984 1219 sallem
1003 1156 1201 1237 periculosam
1221 1154 1362 1233 agnoede
1380 1154 1516 1213 Tuncrero

476 1254 587 1317 iterum
604 1274 640 1318 ex
657 1264 684 1320 te
703 1276 807 1337 quaro
822 1278 831 1317 :
844 1274 938 1337 quam
957 1258 1088 1335 denique
1111 1256 1151 1317 ob
1171 1270 1292 1317 erumna
1310 1254 1454 1333 opiniones
1470 1251 1517 1311 illas

477 1360 560 1417 tanla
577 1357 758 1419 confidentia
774 1359 969 1439 proposuisti,
986 1356 1066 1435 quod
1089 1355 1148 1417 ille
1163 1354 1316 1415 affirmant
1334 1353 1379 1414 sel
1393 1356 1487 1429 negem
1500 1358 1519 1409 et

478 1453 544 1533 ipse
562 1454 716 1519 alllrmens
729 1458 865 1520 absolule
877 1458 927 1519 rel
950 1474 1075 1534 negans,
1100 1455 1240 1533 nihilque
1262 1452 1405 1531 adjiciens
1422 1466 1473 1529 quo
1490 1466 1520 1509 ee·

480 1570 551 1614 mm
568 1554 684 1617 falsitas
696 1558 866 1637 patelierstl
881 1560 956 1620 Nam
970 1564 1127 1637 postremae
1141 1556 1185 1617 illi
1207 1553 1389 1615 adnotationi
1408 1552 1462 1611 vim
1475 1548 1522 1608 nul·

479 1651 543 1713 lam
564 1654 663 1716 inesse
683 1658 749 1733 jam
769 1656 886 1717 ostendi
907 1670 917 1716 ε
939 1660 1029 1733 atque
1051 1654 1105 1715 illa
1128 1651 1266 1733 perlecta,
1281 1653 1360 1712 sicul
1375 1648 1490 1731 prudens
1505 1654 1523 1706 el

480 1752 615 1815 sincerus
626 1757 755 1834 quisque
769 1756 912 1834 inlelligit
930 1772 1062 1833 anguem
1075 1756 1141 1815 siue
1154 1753 1247 1815 dubio
1266 1754 1299 1812 in
1315 1753 1354 1811 iis
1367 1750 1434 1815 locis
1449 1746 1523 1819 latere,

481 1854 713 1917 itaeoontrario
725 1855 1176 1935 improvidusaudaolorumque
1188 1852 1397 1931 opinationum
1408 1848 1526 1911 studiosus

483 1954 609 2014 omnino
621 1956 735 2030 statuit,
752 1956 791 2017 nb
811 1957 942 2018 rationes
955 1972 973 2017 a
988 1970 1037 2015 me
1056 1970 1154 2033 uuper
1173 1951 1345 2031 explicatas.
1367 1956 1526 2009 tuamreran

483 2054 662 2114 mutandam
683 2054 824 2134 plurimis
847 2056 885 2116 iis
908 2062 969 2115 um
992 2054 1101 2135 apertis
1120 2058 1180 2114 tam
1201 2050 1369 2133 perspicuis
1391 2046 1466 2123 locis,
1486 2062 1527 2105 noo

483 2168 555 2213 vero
566 2154 710 2233 ambigua
723 2156 781 2217 bac
797 2154 990 2217 adnotatione
1004 2154 1162 2215 contineri.

524 2252 583 2315 slei
595 2253 665 2317 libri
682 2274 717 2317 ec-
731 2258 791 2317 mei
806 2272 927 2335 quoque
942 2254 1071 2316 sodalitii
1085 2252 1278 2327 utilitatibus,
1295 2252 1415 2329 inquies
1427 2248 1528 2311 lortass.

485 2354 705 2416 consulendum
726 2356 802 2434 loit3
825 2357 938 2433 quibus
957 2356 1087 2435 prolecto
1113 2354 1284 2415 docuissem
1312 2368 1373 2413 non
1399 2348 1498 2421 leviter,
1512 2346 1528 2403 si

483 2454 640 2533 opiniones
662 2472 714 2517 ess
736 2456 927 2533 relulasm,
947 2455 1114 2517 multorum
1137 2454 1255 2515 animos
1273 2454 1311 2513 iis
1334 2452 1430 2513 adhuc
1445 2448 1529 2527 opinio

484 2553 576 2615 nibus
589 2553 775 2617 solemnes
787 2574 806 2616 a
819 2572 869 2618 me
882 2557 1018 2633 meisque
1032 2554 1218 2617 abalienans.
1231 2584 1268 2597 -
1284 2554 1350 2629 Ego
1363 2566 1440 2623 rere,
1453 2548 1473 2608 si
1484 2544 1530 2623 qni·

485 2651 554 2713 dem
565 2652 630 2715 base
641 2660 670 2715 te
681 2672 772 2717 causa
785 2658 923 2733 moverit,
938 2652 1101 2716 dolendum
1116 2654 1145 2715 id
1160 2654 1290 2715 maxime
1306 2652 1443 2725 arbitror,
1455 2648 1485 2711 de
1496 2649 1531 2707 Es·

485 2752 588 2829 sissia,
603 2752 641 2815 de
654 2754 801 2817 catholica
814 2756 935 2817 veritate
955 2770 1009 2815 nos
1028 2760 1089 2815 tam
1108 2770 1216 2833 parum
1230 2769 1298 2814 esse
1315 2752 1461 2827 sollicitos,
1474 2752 1499 2809 ut
1508 2744 1530 2805 al

485 2852 658 2931 aliquorum
672 2855 832 2916 bominum
845 2854 1057 2916 declinandam
1069 2852 1225 2930 insidiam,
1237 2871 1255 2913 a
1267 2869 1370 2933 pugna
1382 2847 1532 2913 nobil'ssina
1576 2845 1577 2878 r

486 2947 1532 3032 meximequeneeessaria,abjectisarmis,absoneemus.sanedhdsus

488 3056 632 3116 wlsinus
652 3055 709 3117 boc
730 3056 839 3137 sapius
856 3055 965 3116 clamat
983 3075 991 3115 ε
1011 3075 1025 3110 s
1040 3053 1071 3114 si
1086 3054 1156 3134 quis
1177 3053 1259 3114 venit
1272 3051 1311 3112 ad
1326 3069 1376 3112 me
1389 3057 1416 3112 el
1429 3065 1481 3109 non
1494 3045 1532 3105 oli

486 3163 602 3236 patrem
616 3174 708 3218 snum
722 3164 752 3219 ct
767 3163 895 3218 matrem
906 3163 936 3218 et
949 3172 1074 3218 uxorem
1088 3160 1117 3215 et
1130 3154 1208 3216 lilios
1222 3160 1252 3216 et
1265 3153 1374 3216 iratres
1394 3159 1422 3214 el
1438 3163 1532 3218 sorors,

488 3256 587 3318 adhuc
597 3263 698 3318 annm
709 3264 739 3318 et
748 3257 883 3318 animem
893 3273 993 3332 suam,
1002 3271 1064 3317 non
1074 3261 1171 3334 polest
1184 3269 1270 3315 maus
1280 3271 1349 3315 esse
1360 3247 1531 3330 discipulae-r

489 3359 526 3418 Et
542 3357 621 3433 equi
640 3362 722 3419 amat
741 3364 855 3437 patrem
875 3363 931 3418 aut
945 3355 1074 3416 matrem
1095 3355 1165 3436 plus
1186 3370 1281 3433 quam
1300 3371 1362 3426 me,
1378 3367 1437 3414 non
1453 3355 1489 3410 est
1503 3359 1533 3404 ne

488 3455 611 3531 dignus.
629 3475 646 3512 e
661 3455 744 3528 Quod
760 3457 787 3516 si
800 3472 861 3517 raon
877 3453 992 3528 solum,
1005 3471 1094 3516 mnes
1109 3455 1201 3528 muli,
1214 3459 1318 3515 conus
1335 3465 1467 3513 erroneas
1484 3445 1533 3505 doc·

489 3555 584 3614 trinas
595 3556 660 3632 jam
675 3555 713 3616 eb
727 3555 860 3616 Ecclesia
876 3554 1033 3616 (lamneus
1054 3571 1106 3634 per
1122 3560 1239 3634 turpem
1264 3552 1416 3630 ignaviam
1435 3547 1533 3609 nolimus

490 3651 649 3726 oblatrare,
663 3653 715 3715 sed
728 3653 830 3734 palam
843 3655 934 3715 etiam
948 3659 1093 3714 testemur
1117 3669 1172 3714 uos
1195 3651 1295 3712 neutri
1315 3651 1415 3712 lavere
1432 3645 1504 3727 perti,
1514 3641 1533 3698 il

490 3757 629 3814 nonnam
641 3758 756 3833 partem
767 3753 922 3831 inclinare,
936 3761 1084 3831 quantum
1096 3751 1228 3814 audacie
1241 3769 1295 3831 per
1308 3751 1388 3811 hanc
1400 3743 1531 3810 socordiam

492 3851 647 3914 mendacio
665 3858 695 3913 et
708 3855 802 3915 errori
821 3853 1062 3934 irrumpentibus
1081 3852 1235 3926 addimus,
1255 3857 1340 3912 tanto
1362 3865 1415 3910 nos
1433 3843 1533 3924 graviore

492 3951 584 4031 culpa
596 3953 825 4031 obstringimus.

530 4051 598 4112 lam
610 4051 773 4113 christiano
785 4058 816 4113 et
826 4051 966 4129 religioso
976 4051 1041 4112 viro
1055 4067 1094 4112 ne
1109 4050 1185 4111 illud
1200 4049 1324 4128 quidem
1340 4049 1408 4109 licet
1419 4047 1531 4122 ignoras.

494 4151 543 4212 sui
557 4151 700 4226 sodalitii,
712 4151 750 4212 ad
768 4151 946 4214 catholicam
958 4151 1113 4212 seritslm
1126 4149 1291 4212 docendam
1308 4141 1533 4230 propugnandam*

493 4265 553 4327 qne
576 4251 741 4326 constituti,
762 4251 922 4312 utilitatem
946 4251 1110 4312 maximam
1131 4249 1163 4310 in
1182 4247 1240 4312 boc
1264 4251 1330 4330 ipso
1350 4237 1534 4310 consisterent

495 4351 708 4428 unusquisque
719 4351 828 4413 sodalis
847 4367 901 4432 pro
921 4350 1082 4423 secabili,
1098 4351 1205 4412 sanctu
1223 4349 1361 4428 ejusdem
1375 4335 1533 4408 wnwrdilr

495 4449 584 4526 gibus
600 4451 779 4529 optimisque
795 4453 945 4529 majorum
962 4467 1087 4512 suorum
1108 4447 1255 4530 exemplis
1275 4448 1480 4525 obtemperans,
1491 4435 1533 4492 ⁸5⁰·

495 4566 594 4612 ceram
613 4549 750 4612 Ecclesia
764 4551 944 4629 doctrinam,
957 4553 1040 4615 omui
1058 4551 1206 4613 mendeno
1220 4557 1303 4612 metu
1321 4549 1430 4620 abacto,
1443 4547 1531 4602 sterne

496 4655 725 4727 constanterque
737 4649 866 4713 tucatur.
880 4656 982 4731 Neque
998 4660 1044 4714 est
1058 4651 1209 4733 putandus
1220 4649 1301 4714 Ordo
1314 4647 1395 4709 ullus
1410 4637 1530 4734 religiosis

496 4746 625 4826 politicis
635 4747 750 4810 artibus
758 4749 966 4830 nenedoeeque
975 4751 1133 4832 prudentia
1148 4767 1235 4831 posse
1245 4747 1338 4812 lovari
1347 4750 1376 4807 et
1386 4738 1528 4805 oonimll·
