3559 5675
598 744 705 797 tund.
729 766 768 781 -
789 750 876 797 Idm
895 746 1043 797 aarum.

673 962 881 1027 sanctatis
900 962 949 1027 Vl.

510 1136 557 1200 De
570 1138 743 1201 recordate
756 1139 787 1201 r'o
802 1144 938 1208 meietcte
950 1138 1113 1221 eonjuqolr'.

308 1330 379 1395 828.
403 1336 476 1397 Pos.
492 1330 618 1395 4oo-
630 1333 798 1398 turmulam
812 1336 846 1398 in
864 1336 1002 1397 societate
1014 1334 1167 1415 conjugali
1184 1340 1229 1399 est
1239 1337 1349 1417 partim

273 1430 481 1505 democratica,
495 1433 528 1494 iu
540 1436 671 1513 utroque
683 1438 813 1515 conjuge
825 1434 979 1513 aqualiter
993 1432 1142 1513 residens;
1154 1436 1265 1517 partim
1278 1437 1351 1527 aris-

273 1532 430 1608 metica,
449 1534 573 1611 conjugi
593 1534 691 1612 quoad
713 1535 808 1596 realia
830 1534 963 1597 subsidia
982 1533 1141 1615 potentiori
1161 1540 1347 1615 competens3

273 1632 386 1716 partim
397 1631 603 1707 monarchiae,
617 1632 654 1694 ad
665 1634 766 1695 virum
776 1632 982 1715 principaliter
994 1634 1166 1715 pertinens:
1180 1640 1211 1695 at
1220 1632 1351 1697 clemen-

272 1738 336 1793 tum
350 1730 584 1795 monarchicum
598 1740 642 1795 est
658 1734 691 1795 in
703 1735 761 1797 hac
773 1737 911 1798 societate
922 1736 1120 1822 praecipuum.

307 1832 407 1893 Pron.
434 1836 467 1892 t·
489 1847 577 1895 rens.
596 1865 639 1880 ·-
660 1833 884 1899 Matrimonium
904 1840 950 1897 est
971 1835 1095 1897 societas
1116 1832 1298 1906 voluntaria,
1322 1836 1351 1897 et

275 1930 475 1993 mentialiter
495 1934 599 1994 statuit
613 1934 689 1995 inter
702 1940 868 2014 utrumque
887 1937 1050 2015 conquem
1063 1932 1222 2015 perfectam
1242 1933 1350 2001 amici·

274 2034 345 2093 tiam
361 2031 456 2113 (stt).
473 2034 551 2110 Ergo
570 2034 673 2099 statuit
689 2031 849 2097 interillos
868 2036 1028 2116 perfectam
1043 2033 1254 2113 equalitatem.
1274 2036 1349 2098 Nam

276 2134 350 2195 inter
370 2134 498 2211 amicos,
512 2136 547 2196 ut
565 2132 648 2212 tales,
669 2133 755 2196 nulla
776 2142 821 2197 est
838 2135 962 2198 alterius
979 2136 1011 2197 in
1025 2134 1154 2197 alterum
1172 2134 1347 2207 dominatio,

276 2230 394 2293 nullum
416 2234 601 2311 imperium:
619 2235 694 2311 quin
717 2235 777 2295 imo
798 2236 875 2297 iuter
897 2236 1008 2297 auricus
1028 2234 1194 2297 essentialis
1209 2234 1350 2301 estabto-

280 2331 338 2391 luta
348 2331 470 2394 devotio
482 2333 633 2412 reciproca
642 2332 737 2413 (792).
749 2337 838 2414 Ergo,
851 2350 1042 2413 quecunque
1057 2335 1096 2394 sit
1108 2334 1146 2395 oh
1160 2330 1235 2395 alios
1248 2332 1350 2395 titulos

285 2430 314 2489 in
330 2434 468 2492 societate
492 2432 644 2511 conjugali
671 2433 756 2495 sedes
778 2440 807 2495 et
829 2439 938 2495 natura
967 2434 1161 2510 auctoritatis,
1176 2448 1294 2512 semper
1316 2433 1349 2495 in

283 2534 405 2611 utroque
420 2532 550 2611 conjuge
564 2532 658 2600 aderit
671 2534 818 2597 naturalis
831 2531 969 2615 quada'm
983 2532 1164 2596 auctoritatis
1182 2529 1350 2611 equalitas,

277 2648 334 2709 qua
349 2634 474 2695 socialis
488 2632 655 2696 obedientia
670 2634 837 2721 plurimum
850 2654 886 2698 ex
897 2632 999 2698 divino
1011 2634 1137 2698 consilio
1147 2630 1299 2709 lenietur.

312 2734 416 2795 Pron.
432 2738 464 2794 2·
478 2750 565 2797 rsus.
576 2768 617 2780 -
632 2733 855 2797 Matrimonium
872 2741 917 2798 est
936 2737 1026 2797 etiarn
1049 2736 1171 2799 amietos
1189 2734 1350 2797 domestica

282 2832 472 2910 quotidianis
486 2834 554 2898 ritae
572 2835 798 2897 necessitatibus
810 2834 1003 2916 prospiciens.
1019 2834 1085 2896 lam
1102 2832 1209 2896 harum
1223 2829 1351 2898 necessi·

277 2937 373 2993 tatum
386 2934 526 2995 omnium
540 2936 759 3012 urgentissima
770 2941 841 2997 sunt
851 2936 960 3010 victus,
973 2935 1097 2995 vestitus
1107 2939 1136 2994 et
1146 2939 1271 3011 tectum3
1283 2948 1352 3012 quta

275 3048 336 3093 non
346 3038 478 3112 possunt
488 3033 574 3095 aliter
583 3036 749 3116 comparari
758 3051 850 3113 quam
860 3050 914 3115 per
923 3032 1017 3093 reales
1028 3040 1080 3092 aut
1088 3031 1257 3112 personales
1267 3049 1350 3110 opos,

279 3149 348 3210 quae
371 3139 445 3194 sunt
463 3132 591 3196 fortuna
614 3139 644 3198 et
661 3135 752 3196 vires.
773 3135 852 3211 Ergo
869 3133 925 3212 qui
944 3132 1054 3210 conjux
1075 3131 1241 3208 majoribus
1261 3129 1353 3211 pollet

278 3228 396 3293 divitiis
408 3237 462 3296 aut
472 3233 600 3310 viribus,
613 3236 759 3313 majorem
770 3233 853 3310 geret
862 3231 1069 3294 auctoritatem
1080 3229 1176 3312 (684).

312 3331 430 3407 Quare,
453 3332 481 3392 si
502 3331 584 3412 apud
603 3349 708 3395 omnes
726 3332 865 3413 populos,
887 3332 965 3393 slout
983 3327 1063 3412 apud
1086 3328 1182 3392 tribus
1201 3329 1352 3393 silvestres

273 3431 436 3492 senadone
448 3432 626 3512 victitantes,
640 3431 749 3495 divitia
762 3449 866 3494 omnes
880 3431 1038 3514 affcorporis
1051 3430 1166 3492 viribus
1175 3430 1349 3510 penderent,

273 3531 436 3594 auctoritas
450 3531 617 3611 conjugalis
628 3533 774 3594 societatis
786 3533 817 3594 in
828 3533 893 3594 viro
903 3549 1021 3615 semper
1031 3537 1092 3594 tota
1103 3529 1254 3594 resideret.

278 3633 316 3694 tt
339 3632 422 3714 apud
449 3633 575 3713 populos
593 3635 736 3710 excultos,
748 3651 878 3714 quorum
900 3636 994 3696 animi
1011 3631 1160 3698 rimorali
1179 3631 1353 3712 flectuntur,

280 3737 313 3794 et
325 3749 463 3812 quorum
484 3751 555 3813 opes
569 3735 661 3796 tutela
676 3733 778 3795 sociali
798 3739 1007 3816 proteguntur,
1020 3736 1066 3796 ris
1086 3731 1249 3796 materialis
1269 3732 1353 3814 parri

281 3835 436 3896 momenti
450 3838 505 3894 est.
520 3836 609 3916 Apud
628 3833 685 3896 hos
704 3834 796 3914 igitur
814 3836 872 3897 viri
891 3833 1084 3915 prevalentia
1097 3851 1174 3913 sape
1190 3833 1352 3916 minuitur,¹

278 3939 370 4014 atque
400 3951 478 3996 uxor
504 3953 540 3998 eo
565 3938 711 4014 majorem
732 3937 860 4013 acquirit
883 3935 1157 4026 independeutiarrr,
1177 3951 1238 4018 quo
1257 3935 1355 4011 major

281 4033 324 4095 ilri
339 4053 463 4098 morum
477 4038 595 4100 cultura
615 4043 668 4098 est.
689 4039 804 4115 ltaque,
818 4037 844 4097 si
862 4035 901 4098 ab
914 4053 1006 4098 uxore
1023 4051 1099 4116 pene
1116 4051 1221 4096 omnes
1232 4033 1353 4096 tamilla

275 4135 405 4198 torturue
425 4137 498 4216 sint,
525 4139 615 4199 totam
636 4154 714 4218 pene
736 4153 839 4216 gerere
859 4135 1050 4198 domesticam
1072 4135 1276 4198 auctoritatem
1298 4133 1352 4195 illa

276 4253 339 4297 una
350 4239 471 4318 poterit.
488 4227 578 4316 Ergo,
593 4243 649 4300 etc.
1053 4257 1057 4266 ’

266 4405 272 4415 ,
316 4337 415 4399 Pron.
432 4336 466 4397 3·
479 4353 567 4399 rans.
577 4370 618 4383 -
632 4337 857 4399 Matrimonium
868 4341 913 4398 est
923 4337 1047 4426 societas
1060 4333 1098 4399 ad
1111 4336 1229 4414 generis
1242 4351 1350 4416 propa-

276 4438 430 4513 gationem
446 4437 625 4498 naturaliter
635 4437 779 4498 ordinata.
795 4437 897 4516 Atqui,
913 4437 1033 4498 omissis
1044 4437 1134 4497 etiam
1150 4452 1218 4514 quae
1230 4433 1351 4516 physio-

278 4536 338 4614 logi
351 4539 435 4600 circa
448 4537 531 4614 leges
544 4537 736 4599 functionum
749 4536 959 4614 organicorum
974 4537 1006 4598 in
1019 4542 1147 4613 utroque
1160 4552 1233 4596 sexu
1246 4535 1351 4598 olrser·

276 4645 359 4714 vant,
383 4653 473 4714 uxor,
491 4653 554 4698 non
574 4638 686 4717 solum,
707 4642 743 4698 nt
760 4637 870 4698 mulier
895 4637 1048 4717 qualibet,
1071 4635 1234 4696 infirmiora
1255 4635 1351 4696 utitur

276 4738 445 4814 intellectu,
459 4737 497 4799 ad
517 4739 650 4800 minutas
663 4753 753 4800 curas
767 4739 879 4818 aptiore
897 4754 988 4817 quam
1002 4735 1040 4800 ad
1054 4736 1161 4798 altiora
1170 4735 1306 4806 comitia,
1320 4739 1350 4796 et
