3559 5675
586 767 693 815 suunt.
717 787 748 798 -
774 766 859 816 arnan
881 764 1013 816 merens.
1269 750 1330 818 cus

287 871 375 948 Quod
396 867 520 951 quidem
540 873 660 952 parendi
685 869 818 934 cilicium
841 881 886 934 est
910 875 1035 935 unicum
1051 872 1167 936 socialis
1190 875 1328 954 unitatis,

252 973 384 1050 adeoque
401 979 430 1032 ct
442 973 588 1032 felicitatis
604 971 742 1050 publicae,
760 974 954 1054 principium.
971 976 1088 1035 Etenim
1103 977 1133 1034 l⁰
1148 966 1329 1052 impossibile

251 1083 290 1132 est
305 1079 341 1132 ut
355 1073 436 1132 circs
453 1072 566 1148 singuli
592 1072 691 1132 statim
706 1081 885 1148 cognoscant
906 1074 1010 1152 quanti
1034 1077 1111 1134 certa
1123 1073 1265 1150 qnaedam·
1283 1091 1329 1135 ac

251 1175 366 1232 tonum
390 1172 466 1231 ratio
494 1171 531 1231 ad
557 1169 711 1249 publicum
731 1171 865 1232 ordinem
888 1173 1005 1232 referat.
1032 1176 1065 1232 2⁰
1092 1172 1214 1232 Etiamsi
1238 1173 1268 1232 id
1292 1173 1329 1234 de

250 1271 359 1332 alienis
383 1271 552 1332 actionibus
585 1287 760 1348 cognoscere
789 1279 920 1350 possent,
954 1271 1110 1348 facillime,
1130 1273 1183 1334 ubi
1204 1275 1241 1334 de
1265 1276 1330 1334 suis

250 1377 402 1447 aptaretur,
419 1373 544 1448 propriae
558 1371 695 1431 utilitatis
710 1371 809 1430 studio
830 1371 956 1449 decepti.
976 1388 992 1430 a
1014 1388 1083 1431 vern
1094 1377 1231 1449 reeteque
1248 1373 1330 1450 judi-

249 1469 343 1530 cando
353 1475 382 1528 et
392 1468 520 1528 volendo
531 1469 727 1530 dedectermt.
738 1469 826 1546 Ergo,
840 1469 957 1546 qrrolns
969 1487 1016 1529 res
1027 1477 1171 1548 praecepta
1182 1467 1259 1530 nihil
1267 1471 1329 1549 juri

250 1569 380 1629 naturali
411 1583 580 1649 repugnans
603 1565 745 1645 eontinet,
761 1583 910 1646 supremae
936 1570 1117 1630 auctoritatis
1128 1574 1213 1648 jussa
1226 1584 1331 1631 omnes

249 1669 386 1728 subditos
398 1667 543 1744 obligant,
559 1670 674 1731 etiamsi
689 1669 785 1730 illaad
800 1670 915 1730 bonum
936 1669 1091 1748 publicum
1101 1667 1178 1728 nihil
1197 1669 1330 1730 conferre

249 1769 420 1829 titleanlttr.

290 1871 383 1928 1002.
398 1869 527 1929 sennar..
543 1899 580 1912 ·-
594 1865 633 1928 De
646 1869 818 1929 anctoritate
830 1883 973 1948 suprema
986 1873 1103 1928 tantum
1118 1868 1149 1927 in
1171 1884 1236 1945 pos.
1253 1875 1331 1946 prae-

248 1967 366 2027 cedenti
382 1967 471 2026 locuti
489 1984 608 2040 sumus,
629 1967 700 2043 qnia
719 1985 755 2026 ex
776 1968 813 2027 iis
836 1983 905 2045 quae
929 1969 959 2027 in
976 1973 1047 2045 jure
1066 1967 1251 2047 hypotaotico
1275 1963 1329 2026 de·

249 2067 488 2125 monstrauimus
507 2065 616 2143 (725),
636 2069 750 2125 constat
772 2067 973 2144 alletoritatem
996 2065 1220 2126 srtbordinalam
1247 2081 1331 2143 posse

249 2163 357 2238 ntique
381 2161 418 2222 ad
440 2164 564 2236 juditia
587 2163 747 2236 tramitem,
769 2161 794 2222 sl
816 2161 942 2235 aberret,
966 2164 1330 2240 asupremaauctcritatc

250 2260 367 2320 retum.
384 2263 483 2334 Quare
498 2261 647 2336 subditus,
662 2261 698 2320 ab
714 2261 852 2321 inferiore
870 2261 1042 2322 anctoritate
1058 2262 1171 2340 injuste
1192 2258 1327 2327 habitus,

250 2359 328 2419 laesae
344 2377 415 2435 erga
430 2377 462 2419 se
472 2359 596 2436 justitie
611 2359 839 2420 satisfactionem
855 2359 893 2418 ab
905 2360 1075 2419 alletoritate
1090 2374 1231 2436 suprema
1245 2375 1331 2436 repe-

251 2458 356 2532 tendo,
369 2467 563 2536 nequaquam
574 2475 605 2518 sc
614 2457 753 2518 subducit
765 2453 865 2517 sociali
877 2458 997 2535 unitati,
1008 2457 1045 2519 ad
1054 2459 1142 2535 cnjus
1154 2471 1331 2537 supremum

249 2556 436 2635 principium
450 2555 593 2632 mntngtt.
967 2566 971 2574 ¹

661 2721 867 2782 dutlcdttls
888 2723 925 2784 ll.

259 2894 299 2953 lle
312 2892 410 2953 cause
423 2890 458 2953 od
471 2910 544 2973 qum
554 2892 693 2975 princeps
705 2892 841 2954 socialem
860 2892 1063 2955 auctoritatem
1076 2889 1212 2951 omittere
1225 2902 1329 2971 potest.

294 3064 386 3127 loca.
400 3068 571 3129 durannum
586 3064 663 3129 l.-
675 3066 805 3140 Orraestio
819 3064 870 3126 illa
884 3082 979 3125 :num
992 3064 1251 3144 princepsinjmtc
1261 3076 1331 3139 prae·

252 3169 367 3246 cipiens
383 3170 585 3229 anctoritatem
601 3184 687 3228 snam
705 3168 831 3244 amittat,
851 3170 880 3227 1⁰
894 3164 1020 3244 intelligi
1039 3170 1133 3245 potest
1151 3162 1199 3223 vel
1220 3160 1256 3222 de
1272 3178 1333 3221 mm

252 3268 356 3345 aliquo
380 3274 433 3327 aut
447 3268 540 3329 altero
556 3274 698 3348 praecepto
713 3270 835 3346 injusto,
858 3268 905 3328 rel
920 3263 956 3327 de
970 3266 1073 3327 habitu
1089 3266 1201 3342 injuste
1222 3257 1331 3339 gnber-

253 3366 359 3427 nandi.
371 3370 409 3428 2·
422 3363 502 3428 Talis
518 3368 663 3445 injustitia
678 3374 770 3446 polest
788 3368 897 3428 directe
910 3368 955 3428 vel
968 3368 1135 3428 societatem
1149 3364 1332 3436 nniversam,

254 3466 299 3527 vel
311 3460 433 3544 aliquod
452 3472 566 3527 untmn
578 3468 644 3543 ejus
658 3466 848 3528 individuum
864 3466 980 3529 laederc.
996 3468 1028 3529 3·
1041 3462 1263 3539 Auctoritas,de
1273 3464 1332 3540 qaia

254 3576 357 3629 utrum
379 3568 581 3629 amittatnrob
599 3570 951 3649 injustnmpraeccptnm,
966 3570 1119 3647 qnaeritur,
1132 3566 1225 3645 potest
1239 3566 1333 3641 signi-

255 3668 344 3731 ficare
359 3665 407 3729 rel
430 3671 484 3745 jus
506 3668 681 3729 obedientie
705 3668 864 3729 asrtbditis
887 3667 1055 3730 obtinendae
1077 3669 1107 3728 in
1128 3666 1181 3727 illo
1195 3670 1337 3745 precepto

255 3770 381 3847 injusto,
397 3766 444 3829 iel
458 3768 597 3829 universe
611 3784 700 3828 omne
711 3768 867 3844 jns'etlam
880 3770 962 3845 juste
976 3761 1177 3852 praecipiendi.
1189 3760 1221 3824 Β·
1236 3765 1334 3825 Amit-

254 3876 316 3930 tere
334 3871 540 3929 auctoritatem
555 3874 649 3947 potest
676 3869 705 3927 in
721 3884 791 3927 casu
812 3876 914 3929 nostro
934 3866 1101 3943 signiticare
1124 3865 1170 3925 vel
1186 3866 1334 3924 internam

255 3968 488 4047 ineptitudinem
504 3967 539 4025 ad
554 3966 785 4045 praecipiendum
800 3966 847 4027 uel
869 3966 1034 4046 prae-ticum
1058 3964 1237 4025 demeritum
1262 3962 1336 4024 obe-

254 4066 425 4128 dientiaeab
436 4064 504 4126 aliis
518 4066 694 4127 obtinendos.
718 4066 785 4125 llaec
804 4066 907 4127 omnia
917 4064 1006 4144 probe
1020 4060 1230 4141 distinguenda
1241 4068 1310 4123 sunt
1327 4081 1334 4119 :

255 4186 309 4248 pro
322 4168 441 4229 divolsa
454 4182 585 4243 namque
599 4182 703 4225 earnm
718 4182 824 4225 vocum
839 4161 1018 4245 acceptione,
1034 4164 1150 4224 (liversa
1163 4178 1283 4240 quoqne
1293 4168 1337 4222 est

255 4268 430 4339 ‹nmsttonts
445 4266 599 4347 propositae
614 4265 732 4326 solutio.

297 4372 469 4431 durannum
485 4368 514 4426 2.
537 4394 570 4411 -
595 4362 641 4427 Ob
654 4382 749 4425 unum
767 4364 812 4426 rel
837 4366 967 4426 alterum
990 4356 1167 4446 pmceptum
1189 4363 1336 4443 injustum

256 4468 352 4529 amitti
367 4486 384 4529 a
401 4466 532 4546 principe
546 4480 718 4543 supremam
732 4454 950 4541 alletoritatem,
963 4470 1053 4527 nemo
1066 4466 1173 4543 estqui
1196 4462 1334 4525 attinuel.

257 4571 350 4629 Tanta
365 4568 513 4629 nimirum
531 4572 576 4625 est
597 4564 771 4643 hujusmodi
793 4566 947 4627 sententie
966 4568 1145 4642 absurdilas,
1163 4570 1198 4627 nl
1216 4563 1335 4625 nullum

256 4687 289 4729 ea
311 4674 475 4750 patronum
500 4666 634 4726 invenire
657 4662 748 4745 posse'
764 4664 909 4727 videatur.
927 4668 1022 4745 igitur
1042 4668 1079 4728 da
1101 4664 1206 4727 habitu
1226 4666 1336 4741 injuste

257 4768 449 4851 praecipiendi
467 4760 618 4849 problaana
631 4758 704 4832 iilud
720 4754 949 4843 intelligendum
960 4769 1013 4829 est.
1029 4766 1166 4827 lamrern
1177 4765 1224 4828 trie
1238 4760 1337 4826 malus
