<?xml version="1.0" encoding="UTF-8"?>
<!DOCTYPE html PUBLIC "-//W3C//DTD XHTML 1.0 Transitional//EN"
    "http://www.w3.org/TR/xhtml1/DTD/xhtml1-transitional.dtd">
<html xmlns="http://www.w3.org/1999/xhtml" xml:lang="en" lang="en">
 <head>
  <title>
</title>
<meta http-equiv="Content-Type" content="text/html;charset=utf-8" />
  <meta name='ocr-system' content='tesseract 3.04.00' />
  <meta name='ocr-capabilities' content='ocr_page ocr_carea ocr_par ocr_line ocrx_word'/>
</head>
<body>
  <div class='ocr_page' id='page_1' title='image "./jurisnaturalisu00bensgoog_0687.png"; bbox 0 0 3559 5675; ppageno 0'>
   <div class='ocr_carea' id='block_1_1' title="bbox 571 742 1336 809">
    <p class='ocr_par' dir='ltr' id='par_1_1' title="bbox 571 742 1336 809">
     <span class='ocr_line' id='line_1_1' title="bbox 571 742 1336 809; baseline -0.003 -2"><span class='ocrx_word' id='word_1_1' title='bbox 571 760 678 809; x_wconf 73' lang='lat' dir='ltr'><strong>suasa.</strong></span> <span class='ocrx_word' id='word_1_2' title='bbox 699 780 739 795; x_wconf 87' lang='lat'><em>-</em></span> <span class='ocrx_word' id='word_1_3' title='bbox 759 763 843 809; x_wconf 80' lang='lat' dir='ltr'><strong>araas</strong></span> <span class='ocrx_word' id='word_1_4' title='bbox 864 761 1052 809; x_wconf 73' lang='lat' dir='ltr'><strong>edomamus.</strong></span> <span class='ocrx_word' id='word_1_5' title='bbox 1282 742 1336 807; x_wconf 83' lang='lat' dir='ltr'><strong>ast</strong></span> 
     </span>
    </p>
   </div>
   <div class='ocr_carea' id='block_1_2' title="bbox 224 864 1392 4559">
    <p class='ocr_par' dir='ltr' id='par_1_2' title="bbox 268 864 1340 1047">
     <span class='ocr_line' id='line_1_2' title="bbox 270 864 1340 951; baseline 0 -22"><span class='ocrx_word' id='word_1_6' title='bbox 270 869 423 946; x_wconf 87' lang='lat' dir='ltr'><strong>impietate</strong></span> <span class='ocrx_word' id='word_1_7' title='bbox 436 884 504 946; x_wconf 82' lang='lat' dir='ltr'><strong>quae</strong></span> <span class='ocrx_word' id='word_1_8' title='bbox 516 866 591 929; x_wconf 86' lang='lat' dir='ltr'><strong>solet</strong></span> <span class='ocrx_word' id='word_1_9' title='bbox 602 885 756 951; x_wconf 86' lang='lat' dir='ltr'><strong>perperam</strong></span> <span class='ocrx_word' id='word_1_10' title='bbox 768 870 868 933; x_wconf 82' lang='lat' dir='ltr'><strong>rooari</strong></span> <span class='ocrx_word' id='word_1_11' title='bbox 881 865 1206 943; x_wconf 65' lang='lat' dir='ltr'><strong>torreo-mmm,</strong></span> <span class='ocrx_word' id='word_1_12' title='bbox 1218 864 1340 929; x_wconf 76' lang='lat' dir='ltr'><strong>euden-</strong></span> 
     </span>
     <span class='ocr_line' id='line_1_3' title="bbox 268 970 531 1047; baseline 0.004 -18"><span class='ocrx_word' id='word_1_13' title='bbox 268 975 316 1029; x_wconf 87' lang='lat' dir='ltr'><strong>ter</strong></span> <span class='ocrx_word' id='word_1_14' title='bbox 327 970 531 1047; x_wconf 80' lang='lat' dir='ltr'><strong>mnsequitur.</strong></span> 
     </span>
    </p>

    <p class='ocr_par' dir='ltr' id='par_1_3' title="bbox 263 1066 1342 1653">
     <span class='ocr_line' id='line_1_4' title="bbox 309 1066 1340 1160; baseline 0 -31"><span class='ocrx_word' id='word_1_15' title='bbox 309 1068 398 1147; x_wconf 73' lang='lat' dir='ltr'><strong>Atqui</strong></span> <span class='ocrx_word' id='word_1_16' title='bbox 411 1068 542 1131; x_wconf 74' lang='lat' dir='ltr'><strong>Ecclesia</strong></span> <span class='ocrx_word' id='word_1_17' title='bbox 558 1069 688 1131; x_wconf 75' lang='lat' dir='ltr'>solemni</span> <span class='ocrx_word' id='word_1_18' title='bbox 706 1088 762 1133; x_wconf 87' lang='lat' dir='ltr'><strong>suo</strong></span> <span class='ocrx_word' id='word_1_19' title='bbox 774 1071 891 1148; x_wconf 88' lang='lat' dir='ltr'><strong>judioio</strong></span> <span class='ocrx_word' id='word_1_20' title='bbox 909 1070 1015 1160; x_wconf 75' lang='lat' dir='ltr'><strong>releeit</strong></span> <span class='ocrx_word' id='word_1_21' title='bbox 1027 1085 1061 1133; x_wconf 85' lang='lat' dir='ltr'><strong>aa</strong></span> <span class='ocrx_word' id='word_1_22' title='bbox 1069 1068 1240 1150; x_wconf 84' lang='lat' dir='ltr'><strong>reprobarit</strong></span> <span class='ocrx_word' id='word_1_23' title='bbox 1253 1066 1340 1130; x_wconf 78' lang='lat' dir='ltr'><strong>liler-</strong></span> 
     </span>
     <span class='ocr_line' id='line_1_5' title="bbox 267 1168 1339 1251; baseline 0.002 -22"><span class='ocrx_word' id='word_1_24' title='bbox 267 1174 357 1230; x_wconf 85' lang='lat' dir='ltr'><strong>tatem</strong></span> <span class='ocrx_word' id='word_1_25' title='bbox 371 1168 615 1251; x_wconf 73' lang='lat' dir='ltr'><strong>typographicam</strong></span> <span class='ocrx_word' id='word_1_26' title='bbox 630 1170 810 1248; x_wconf 86' lang='lat' dir='ltr'><strong>absolutam,</strong></span> <span class='ocrx_word' id='word_1_27' title='bbox 827 1170 988 1233; x_wconf 79' lang='lat' dir='ltr'><strong>libertatem</strong></span> <span class='ocrx_word' id='word_1_28' title='bbox 1002 1168 1188 1232; x_wconf 65' lang='lat' dir='ltr'><strong>maerentia</strong></span> <span class='ocrx_word' id='word_1_29' title='bbox 1201 1168 1245 1231; x_wconf 88' lang='lat' dir='ltr'><strong>aio</strong></span> <span class='ocrx_word' id='word_1_30' title='bbox 1262 1169 1339 1231; x_wconf 85' lang='lat' dir='ltr'><strong>laiso</strong></span> 
     </span>
     <span class='ocr_line' id='line_1_6' title="bbox 266 1266 1338 1351; baseline -0.001 -21"><span class='ocrx_word' id='word_1_31' title='bbox 266 1266 459 1349; x_wconf 81' lang='lat' dir='ltr'><strong>appellatam,</strong></span> <span class='ocrx_word' id='word_1_32' title='bbox 475 1276 506 1333; x_wconf 90' lang='lat' dir='ltr'><strong>et</strong></span> <span class='ocrx_word' id='word_1_33' title='bbox 523 1270 739 1351; x_wconf 77' lang='lat' dir='ltr'><strong>reparationem</strong></span> <span class='ocrx_word' id='word_1_34' title='bbox 756 1268 902 1335; x_wconf 77' lang='lat' dir='ltr'><strong>Ecclesiae</strong></span> <span class='ocrx_word' id='word_1_35' title='bbox 912 1291 933 1333; x_wconf 85' lang='lat' dir='ltr'><strong>a</strong></span> <span class='ocrx_word' id='word_1_36' title='bbox 945 1270 1072 1334; x_wconf 57' lang='lat' dir='ltr'><strong>aarum</strong></span> <span class='ocrx_word' id='word_1_37' title='bbox 1084 1267 1243 1333; x_wconf 69' lang='lat' dir='ltr'><strong>Gaudentio.</strong></span> <span class='ocrx_word' id='word_1_38' title='bbox 1261 1269 1338 1343; x_wconf 81' lang='lat' dir='ltr'><strong>Quis</strong></span> 
     </span>
     <span class='ocr_line' id='line_1_7' title="bbox 265 1370 1342 1452; baseline -0.002 -21"><span class='ocrx_word' id='word_1_39' title='bbox 265 1371 349 1431; x_wconf 91' lang='lat' dir='ltr'><strong>enim</strong></span> <span class='ocrx_word' id='word_1_40' title='bbox 367 1372 484 1449; x_wconf 90' lang='lat' dir='ltr'><strong>ignorat</strong></span> <span class='ocrx_word' id='word_1_41' title='bbox 500 1371 650 1434; x_wconf 77' lang='lat' dir='ltr'><strong>celebrem</strong></span> <span class='ocrx_word' id='word_1_42' title='bbox 663 1372 797 1451; x_wconf 80' lang='lat' dir='ltr'><strong>Gregorii</strong></span> <span class='ocrx_word' id='word_1_43' title='bbox 811 1375 873 1435; x_wconf 84' lang='lat' dir='ltr'><strong>llVl</strong></span> <span class='ocrx_word' id='word_1_44' title='bbox 888 1372 1046 1452; x_wconf 88' lang='lat' dir='ltr'><strong>epistolam</strong></span> <span class='ocrx_word' id='word_1_45' title='bbox 1064 1370 1259 1449; x_wconf 86' lang='lat' dir='ltr'><strong>euoyolioam,</strong></span> <span class='ocrx_word' id='word_1_46' title='bbox 1271 1385 1342 1446; x_wconf 81' lang='lat' dir='ltr'><strong>qun</strong></span> 
     </span>
     <span class='ocr_line' id='line_1_8' title="bbox 265 1467 1337 1551; baseline -0.001 -22"><span class='ocrx_word' id='word_1_47' title='bbox 265 1470 370 1549; x_wconf 76' lang='lat' dir='ltr'><strong>incipit</strong></span> <span class='ocrx_word' id='word_1_48' title='bbox 380 1486 435 1551; x_wconf 93' lang='lat' dir='ltr'><strong>per</strong></span> <span class='ocrx_word' id='word_1_49' title='bbox 444 1472 598 1533; x_wconf 81' lang='lat' dir='ltr'><strong>eaverbar</strong></span> <span class='ocrx_word' id='word_1_50' title='bbox 613 1470 726 1533; x_wconf 80' lang='lat' dir='ltr'><strong>Mirari</strong></span> <span class='ocrx_word' id='word_1_51' title='bbox 734 1491 783 1535; x_wconf 85' lang='lat' dir='ltr'><strong>vos</strong></span> <span class='ocrx_word' id='word_1_52' title='bbox 795 1471 991 1551; x_wconf 83' lang='lat' dir='ltr'><strong>arbitramur,</strong></span> <span class='ocrx_word' id='word_1_53' title='bbox 1004 1474 1056 1534; x_wconf 92' lang='lat' dir='ltr'><strong>ubl</strong></span> <span class='ocrx_word' id='word_1_54' title='bbox 1067 1472 1125 1534; x_wconf 86' lang='lat' dir='ltr'><strong>tria</strong></span> <span class='ocrx_word' id='word_1_55' title='bbox 1134 1467 1337 1533; x_wconf 41' lang='lat' dir='ltr'><strong>illafbodierni</strong></span> 
     </span>
     <span class='ocr_line' id='line_1_9' title="bbox 263 1572 956 1653; baseline 0.003 -20"><span class='ocrx_word' id='word_1_56' title='bbox 263 1572 435 1650; x_wconf 75' lang='lat' dir='ltr'><strong>paganismi</strong></span> <span class='ocrx_word' id='word_1_57' title='bbox 448 1572 587 1635; x_wconf 87' lang='lat' dir='ltr'><strong>instituta</strong></span> <span class='ocrx_word' id='word_1_58' title='bbox 599 1588 737 1653; x_wconf 82' lang='lat' dir='ltr'><strong>expresse</strong></span> <span class='ocrx_word' id='word_1_59' title='bbox 751 1574 956 1640; x_wconf 77' lang='lat' dir='ltr'><strong>damnantur</strong></span> 
     </span>
    </p>

    <p class='ocr_par' dir='ltr' id='par_1_4' title="bbox 261 1670 1392 3953">
     <span class='ocr_line' id='line_1_10' title="bbox 307 1670 1338 1754; baseline -0.004 -23"><span class='ocrx_word' id='word_1_60' title='bbox 307 1675 336 1731; x_wconf 85' lang='lat'><strong>1.</strong></span> <span class='ocrx_word' id='word_1_61' title='bbox 349 1672 461 1733; x_wconf 78' lang='lat' dir='ltr'><strong>Contra</strong></span> <span class='ocrx_word' id='word_1_62' title='bbox 479 1672 556 1732; x_wconf 81' lang='lat' dir='ltr'><strong>artis</strong></span> <span class='ocrx_word' id='word_1_63' title='bbox 574 1670 707 1734; x_wconf 81' lang='lat' dir='ltr'><strong>lr&#39;brurin</strong></span> <span class='ocrx_word' id='word_1_64' title='bbox 719 1671 837 1754; x_wconf 80' lang='lat' dir='ltr'><strong>plenam</strong></span> <span class='ocrx_word' id='word_1_65' title='bbox 855 1671 1039 1735; x_wconf 80' lang='lat' dir='ltr'><strong>libertatem:</strong></span> <span class='ocrx_word' id='word_1_66' title='bbox 1056 1670 1338 1750; x_wconf 58' lang='lat' dir='ltr'><strong>superposuerit</strong></span> 
     </span>
     <span class='ocr_line' id='line_1_11' title="bbox 263 1770 1334 1853; baseline 0 -24"><span class='ocrx_word' id='word_1_67' title='bbox 263 1770 415 1845; x_wconf 75' lang='lat' dir='ltr'><strong>Pontifex,</strong></span> <span class='ocrx_word' id='word_1_68' title='bbox 427 1771 586 1834; x_wconf 84' lang='lat' dir='ltr'><strong>deterrima</strong></span> <span class='ocrx_word' id='word_1_69' title='bbox 599 1773 653 1834; x_wconf 91' lang='lat' dir='ltr'><strong>illa</strong></span> <span class='ocrx_word' id='word_1_70' title='bbox 667 1790 702 1836; x_wconf 88' lang='lat' dir='ltr'><strong>ao</strong></span> <span class='ocrx_word' id='word_1_71' title='bbox 715 1790 872 1853; x_wconf 89' lang='lat' dir='ltr'><strong>nunquam</strong></span> <span class='ocrx_word' id='word_1_72' title='bbox 890 1775 962 1837; x_wconf 71' lang='lat' dir='ltr'><strong>satu</strong></span> <span class='ocrx_word' id='word_1_73' title='bbox 975 1772 1155 1836; x_wconf 70' lang='lat' dir='ltr'><strong>enarranda</strong></span> <span class='ocrx_word' id='word_1_74' title='bbox 1166 1778 1197 1833; x_wconf 91' lang='lat' dir='ltr'><strong>et</strong></span> <span class='ocrx_word' id='word_1_75' title='bbox 1208 1770 1334 1831; x_wconf 78' lang='lat' dir='ltr'><strong>deusa-</strong></span> 
     </span>
     <span class='ocr_line' id='line_1_12' title="bbox 262 1859 1332 1954; baseline 0 -23"><span class='ocrx_word' id='word_1_76' title='bbox 262 1869 337 1931; x_wconf 90' lang='lat' dir='ltr'><strong>bilis</strong></span> <span class='ocrx_word' id='word_1_77' title='bbox 351 1869 470 1933; x_wconf 86' lang='lat' dir='ltr'><strong>libertas</strong></span> <span class='ocrx_word' id='word_1_78' title='bbox 489 1873 561 1935; x_wconf 86' lang='lat' dir='ltr'><strong>artie</strong></span> <span class='ocrx_word' id='word_1_79' title='bbox 580 1859 711 1937; x_wconf 81' lang='lat' dir='ltr'><strong>librariae</strong></span> <span class='ocrx_word' id='word_1_80' title='bbox 723 1874 759 1937; x_wconf 87' lang='lat' dir='ltr'><strong>ad</strong></span> <span class='ocrx_word' id='word_1_81' title='bbox 772 1875 880 1954; x_wconf 87' lang='lat' dir='ltr'><strong>seripta</strong></span> <span class='ocrx_word' id='word_1_82' title='bbox 892 1872 1157 1953; x_wconf 80' lang='lat' dir='ltr'><strong>qualibetedenda</strong></span> <span class='ocrx_word' id='word_1_83' title='bbox 1169 1869 1332 1947; x_wconf 73' lang='lat' dir='ltr'><strong>invulgata,</strong></span> 
     </span>
     <span class='ocr_line' id='line_1_13' title="bbox 262 1973 1392 2052; baseline 0.001 -23"><span class='ocrx_word' id='word_1_84' title='bbox 262 1982 359 2047; x_wconf 85' lang='lat' dir='ltr'><strong>quam</strong></span> <span class='ocrx_word' id='word_1_85' title='bbox 375 1976 457 2032; x_wconf 89' lang='lat' dir='ltr'><strong>tanto</strong></span> <span class='ocrx_word' id='word_1_86' title='bbox 477 1973 611 2035; x_wconf 85' lang='lat' dir='ltr'><strong>aonrieio</strong></span> <span class='ocrx_word' id='word_1_87' title='bbox 630 1973 742 2037; x_wconf 86' lang='lat' dir='ltr'><strong>audent</strong></span> <span class='ocrx_word' id='word_1_88' title='bbox 764 1974 908 2037; x_wconf 88' lang='lat' dir='ltr'><strong>nonnulli</strong></span> <span class='ocrx_word' id='word_1_89' title='bbox 920 1975 1085 2052; x_wconf 72' lang='lat' dir='ltr'><strong>efflagitare</strong></span> <span class='ocrx_word' id='word_1_90' title='bbox 1101 1989 1136 2034; x_wconf 85' lang='lat' dir='ltr'><strong>aa</strong></span> <span class='ocrx_word' id='word_1_91' title='bbox 1147 1986 1332 2051; x_wconf 83' lang='lat' dir='ltr'><strong>promovero.</strong></span> <span class='ocrx_word' id='word_1_92' title='bbox 1390 1993 1392 1996; x_wconf 95' lang='lat'>·</span> 
     </span>
     <span class='ocr_line' id='line_1_14' title="bbox 262 2068 1338 2154; baseline 0 -23"><span class='ocrx_word' id='word_1_93' title='bbox 262 2068 532 2151; x_wconf 71' lang='lat' dir='ltr'><strong>perhorrescimus,</strong></span> <span class='ocrx_word' id='word_1_94' title='bbox 548 2073 739 2137; x_wconf 83' lang='lat' dir='ltr'><strong>venerabiles</strong></span> <span class='ocrx_word' id='word_1_95' title='bbox 753 2076 883 2151; x_wconf 78' lang='lat' dir='ltr'><strong>Fratres,</strong></span> <span class='ocrx_word' id='word_1_96' title='bbox 898 2076 1050 2138; x_wconf 88' lang='lat' dir='ltr'><strong>intuentes</strong></span> <span class='ocrx_word' id='word_1_97' title='bbox 1063 2075 1176 2154; x_wconf 82' lang='lat' dir='ltr'><strong>quibus</strong></span> <span class='ocrx_word' id='word_1_98' title='bbox 1195 2071 1338 2134; x_wconf 73' lang='lat' dir='ltr'><strong>monstris</strong></span> 
     </span>
     <span class='ocr_line' id='line_1_15' title="bbox 262 2168 1333 2253; baseline 0.004 -24"><span class='ocrx_word' id='word_1_99' title='bbox 262 2168 482 2249; x_wconf 78' lang='lat' dir='ltr'><strong>doctrinarum,</strong></span> <span class='ocrx_word' id='word_1_100' title='bbox 503 2188 557 2234; x_wconf 87' lang='lat' dir='ltr'><strong>seu</strong></span> <span class='ocrx_word' id='word_1_101' title='bbox 576 2174 677 2253; x_wconf 91' lang='lat' dir='ltr'><strong>potius</strong></span> <span class='ocrx_word' id='word_1_102' title='bbox 701 2174 813 2252; x_wconf 89' lang='lat' dir='ltr'><strong>quibus</strong></span> <span class='ocrx_word' id='word_1_103' title='bbox 835 2191 972 2237; x_wconf 90' lang='lat' dir='ltr'><strong>errorum</strong></span> <span class='ocrx_word' id='word_1_104' title='bbox 994 2176 1138 2253; x_wconf 88' lang='lat' dir='ltr'><strong>portentis</strong></span> <span class='ocrx_word' id='word_1_105' title='bbox 1157 2174 1333 2245; x_wconf 83' lang='lat' dir='ltr'><strong>obruamur,</strong></span> 
     </span>
     <span class='ocr_line' id='line_1_16' title="bbox 261 2268 1338 2354; baseline 0 -24"><span class='ocrx_word' id='word_1_106' title='bbox 261 2286 332 2346; x_wconf 78' lang='lat' dir='ltr'><strong>quae</strong></span> <span class='ocrx_word' id='word_1_107' title='bbox 352 2268 440 2349; x_wconf 88' lang='lat' dir='ltr'><strong>louge</strong></span> <span class='ocrx_word' id='word_1_108' title='bbox 453 2288 488 2333; x_wconf 84' lang='lat' dir='ltr'><strong>ae</strong></span> <span class='ocrx_word' id='word_1_109' title='bbox 502 2272 559 2336; x_wconf 85' lang='lat' dir='ltr'><strong>late</strong></span> <span class='ocrx_word' id='word_1_110' title='bbox 579 2274 694 2354; x_wconf 88' lang='lat' dir='ltr'><strong>ubique</strong></span> <span class='ocrx_word' id='word_1_111' title='bbox 714 2274 952 2336; x_wconf 72' lang='lat' dir='ltr'><strong>disseminantur</strong></span> <span class='ocrx_word' id='word_1_112' title='bbox 965 2274 1080 2349; x_wconf 86' lang='lat' dir='ltr'><strong>ingenti</strong></span> <span class='ocrx_word' id='word_1_113' title='bbox 1093 2272 1240 2334; x_wconf 91' lang='lat' dir='ltr'><strong>librorum</strong></span> <span class='ocrx_word' id='word_1_114' title='bbox 1258 2270 1338 2332; x_wconf 92' lang='lat' dir='ltr'><strong>mul·</strong></span> 
     </span>
     <span class='ocr_line' id='line_1_17' title="bbox 265 2364 1339 2453; baseline 0.002 -26"><span class='ocrx_word' id='word_1_115' title='bbox 265 2364 413 2447; x_wconf 88' lang='lat' dir='ltr'><strong>titudine,</strong></span> <span class='ocrx_word' id='word_1_116' title='bbox 434 2370 606 2452; x_wconf 86' lang='lat' dir='ltr'><strong>libellisque</strong></span> <span class='ocrx_word' id='word_1_117' title='bbox 627 2378 657 2437; x_wconf 86' lang='lat' dir='ltr'><strong>et</strong></span> <span class='ocrx_word' id='word_1_118' title='bbox 677 2374 794 2453; x_wconf 86' lang='lat' dir='ltr'><strong>seriptis</strong></span> <span class='ocrx_word' id='word_1_119' title='bbox 819 2374 899 2435; x_wconf 84' lang='lat' dir='ltr'><strong>molo</strong></span> <span class='ocrx_word' id='word_1_120' title='bbox 918 2372 1043 2451; x_wconf 88' lang='lat' dir='ltr'><strong>quidem</strong></span> <span class='ocrx_word' id='word_1_121' title='bbox 1065 2374 1207 2450; x_wconf 78' lang='lat' dir='ltr'><strong>exiguis,</strong></span> <span class='ocrx_word' id='word_1_122' title='bbox 1223 2370 1339 2432; x_wconf 85' lang='lat' dir='ltr'><strong>malitia</strong></span> 
     </span>
     <span class='ocr_line' id='line_1_18' title="bbox 266 2467 1339 2553; baseline 0.002 -24"><span class='ocrx_word' id='word_1_123' title='bbox 266 2467 366 2531; x_wconf 86' lang='lat' dir='ltr'><strong>tainen</strong></span> <span class='ocrx_word' id='word_1_124' title='bbox 389 2475 578 2552; x_wconf 74' lang='lat' dir='ltr'><strong>permagnis,</strong></span> <span class='ocrx_word' id='word_1_125' title='bbox 601 2492 617 2535; x_wconf 92' lang='lat' dir='ltr'><strong>e</strong></span> <span class='ocrx_word' id='word_1_126' title='bbox 640 2474 754 2553; x_wconf 91' lang='lat' dir='ltr'><strong>quibus</strong></span> <span class='ocrx_word' id='word_1_127' title='bbox 780 2474 1019 2536; x_wconf 79' lang='lat' dir='ltr'><strong>maledictionem</strong></span> <span class='ocrx_word' id='word_1_128' title='bbox 1043 2488 1194 2549; x_wconf 83' lang='lat' dir='ltr'><strong>egressam</strong></span> <span class='ocrx_word' id='word_1_129' title='bbox 1216 2470 1339 2546; x_wconf 86' lang='lat' dir='ltr'><strong>illaory-</strong></span> 
     </span>
     <span class='ocr_line' id='line_1_19' title="bbox 265 2572 1340 2655; baseline 0.001 -24"><span class='ocrx_word' id='word_1_130' title='bbox 265 2588 386 2633; x_wconf 89' lang='lat' dir='ltr'><strong>mamur</strong></span> <span class='ocrx_word' id='word_1_131' title='bbox 410 2588 501 2653; x_wconf 87' lang='lat' dir='ltr'><strong>super</strong></span> <span class='ocrx_word' id='word_1_132' title='bbox 519 2575 626 2637; x_wconf 82' lang='lat' dir='ltr'><strong>faeiem</strong></span> <span class='ocrx_word' id='word_1_133' title='bbox 646 2581 742 2637; x_wconf 77' lang='lat' dir='ltr'><strong>terra.</strong></span> <span class='ocrx_word' id='word_1_134' title='bbox 767 2577 844 2637; x_wconf 86' lang='lat' dir='ltr'><strong>Sunt</strong></span> <span class='ocrx_word' id='word_1_135' title='bbox 865 2580 978 2651; x_wconf 86' lang='lat' dir='ltr'><strong>tamen,</strong></span> <span class='ocrx_word' id='word_1_136' title='bbox 1002 2574 1079 2655; x_wconf 82' lang='lat' dir='ltr'><strong>proli</strong></span> <span class='ocrx_word' id='word_1_137' title='bbox 1099 2572 1203 2635; x_wconf 91' lang='lat' dir='ltr'><strong>dolorl</strong></span> <span class='ocrx_word' id='word_1_138' title='bbox 1227 2572 1283 2652; x_wconf 93' lang='lat' dir='ltr'><strong>qui</strong></span> <span class='ocrx_word' id='word_1_139' title='bbox 1303 2588 1340 2632; x_wconf 90' lang='lat' dir='ltr'><strong>eo</strong></span> 
     </span>
     <span class='ocr_line' id='line_1_20' title="bbox 268 2670 1339 2757; baseline 0.005 -27"><span class='ocrx_word' id='word_1_140' title='bbox 268 2670 458 2750; x_wconf 77' lang='lat' dir='ltr'><strong>impudentiae</strong></span> <span class='ocrx_word' id='word_1_141' title='bbox 477 2674 675 2753; x_wconf 81' lang='lat' dir='ltr'><strong>abripiuntur,</strong></span> <span class='ocrx_word' id='word_1_142' title='bbox 694 2682 728 2737; x_wconf 91' lang='lat' dir='ltr'><strong>ut</strong></span> <span class='ocrx_word' id='word_1_143' title='bbox 743 2682 879 2739; x_wconf 86' lang='lat' dir='ltr'><strong>asserant</strong></span> <span class='ocrx_word' id='word_1_144' title='bbox 897 2676 1083 2757; x_wconf 81' lang='lat' dir='ltr'><strong>puguaaiter,</strong></span> <span class='ocrx_word' id='word_1_145' title='bbox 1100 2674 1180 2736; x_wconf 88' lang='lat' dir='ltr'><strong>bano</strong></span> <span class='ocrx_word' id='word_1_146' title='bbox 1201 2690 1339 2735; x_wconf 87' lang='lat' dir='ltr'><strong>errorum</strong></span> 
     </span>
     <span class='ocr_line' id='line_1_21' title="bbox 266 2770 1339 2857; baseline 0.001 -24"><span class='ocrx_word' id='word_1_147' title='bbox 266 2770 427 2835; x_wconf 83' lang='lat' dir='ltr'><strong>oolluriem</strong></span> <span class='ocrx_word' id='word_1_148' title='bbox 449 2773 520 2836; x_wconf 92' lang='lat' dir='ltr'><strong>inde</strong></span> <span class='ocrx_word' id='word_1_149' title='bbox 546 2780 792 2857; x_wconf 86' lang='lat' dir='ltr'><strong>prorumpentem</strong></span> <span class='ocrx_word' id='word_1_150' title='bbox 815 2778 888 2839; x_wconf 83' lang='lat' dir='ltr'><strong>satis</strong></span> <span class='ocrx_word' id='word_1_151' title='bbox 913 2774 1071 2839; x_wconf 85' lang='lat' dir='ltr'><strong>oumulate</strong></span> <span class='ocrx_word' id='word_1_152' title='bbox 1090 2775 1276 2856; x_wconf 86' lang='lat' dir='ltr'><strong>oompansari</strong></span> <span class='ocrx_word' id='word_1_153' title='bbox 1302 2790 1339 2835; x_wconf 88' lang='lat' dir='ltr'><strong>ex</strong></span> 
     </span>
     <span class='ocr_line' id='line_1_22' title="bbox 264 2871 1341 2958; baseline 0.005 -26"><span class='ocrx_word' id='word_1_154' title='bbox 264 2871 344 2935; x_wconf 92' lang='lat' dir='ltr'><strong>libro</strong></span> <span class='ocrx_word' id='word_1_155' title='bbox 363 2873 475 2954; x_wconf 86' lang='lat' dir='ltr'><strong>aliquo,</strong></span> <span class='ocrx_word' id='word_1_156' title='bbox 494 2877 548 2954; x_wconf 92' lang='lat' dir='ltr'><strong>qui</strong></span> <span class='ocrx_word' id='word_1_157' title='bbox 562 2878 594 2937; x_wconf 93' lang='lat' dir='ltr'><strong>in</strong></span> <span class='ocrx_word' id='word_1_158' title='bbox 608 2875 663 2938; x_wconf 85' lang='lat' dir='ltr'><strong>luo</strong></span> <span class='ocrx_word' id='word_1_159' title='bbox 679 2883 763 2938; x_wconf 87' lang='lat' dir='ltr'><strong>tanta</strong></span> <span class='ocrx_word' id='word_1_160' title='bbox 776 2879 958 2958; x_wconf 85' lang='lat' dir='ltr'><strong>pravitatum</strong></span> <span class='ocrx_word' id='word_1_161' title='bbox 978 2881 1152 2956; x_wconf 89' lang='lat' dir='ltr'><strong>tempestate</strong></span> <span class='ocrx_word' id='word_1_162' title='bbox 1164 2875 1202 2938; x_wconf 89' lang='lat' dir='ltr'><strong>ad</strong></span> <span class='ocrx_word' id='word_1_163' title='bbox 1214 2875 1341 2953; x_wconf 88' lang='lat' dir='ltr'><strong>religio·</strong></span> 
     </span>
     <span class='ocr_line' id='line_1_23' title="bbox 263 2975 1338 3058; baseline 0.002 -25"><span class='ocrx_word' id='word_1_164' title='bbox 263 2988 336 3036; x_wconf 90' lang='lat' dir='ltr'><strong>nem</strong></span> <span class='ocrx_word' id='word_1_165' title='bbox 359 2990 394 3036; x_wconf 84' lang='lat' dir='ltr'><strong>aa</strong></span> <span class='ocrx_word' id='word_1_166' title='bbox 416 2975 568 3038; x_wconf 83' lang='lat' dir='ltr'><strong>veritatem</strong></span> <span class='ocrx_word' id='word_1_167' title='bbox 593 2977 842 3058; x_wconf 87' lang='lat' dir='ltr'><strong>propugnandam</strong></span> <span class='ocrx_word' id='word_1_168' title='bbox 871 2978 986 3039; x_wconf 87' lang='lat' dir='ltr'><strong>edatur.</strong></span> <span class='ocrx_word' id='word_1_169' title='bbox 1012 2977 1101 3039; x_wconf 83' lang='lat' dir='ltr'><strong>llatae</strong></span> <span class='ocrx_word' id='word_1_170' title='bbox 1123 2976 1254 3056; x_wconf 81' lang='lat' dir='ltr'><strong>protento</strong></span> <span class='ocrx_word' id='word_1_171' title='bbox 1282 2981 1338 3052; x_wconf 89' lang='lat' dir='ltr'><strong>est,</strong></span> 
     </span>
     <span class='ocr_line' id='line_1_24' title="bbox 263 3073 1341 3158; baseline -0.001 -22"><span class='ocrx_word' id='word_1_172' title='bbox 263 3075 410 3152; x_wconf 89' lang='lat' dir='ltr'><strong>omnique</strong></span> <span class='ocrx_word' id='word_1_173' title='bbox 421 3079 492 3153; x_wconf 88' lang='lat' dir='ltr'><strong>jure</strong></span> <span class='ocrx_word' id='word_1_174' title='bbox 510 3078 712 3158; x_wconf 87' lang='lat' dir='ltr'><strong>improbatum</strong></span> <span class='ocrx_word' id='word_1_175' title='bbox 728 3079 839 3158; x_wconf 86' lang='lat' dir='ltr'><strong>patrari</strong></span> <span class='ocrx_word' id='word_1_176' title='bbox 859 3077 929 3139; x_wconf 90' lang='lat' dir='ltr'><strong>data</strong></span> <span class='ocrx_word' id='word_1_177' title='bbox 945 3093 1036 3157; x_wconf 89' lang='lat' dir='ltr'><strong>opere</strong></span> <span class='ocrx_word' id='word_1_178' title='bbox 1048 3073 1165 3137; x_wconf 82' lang='lat' dir='ltr'><strong>malum</strong></span> <span class='ocrx_word' id='word_1_179' title='bbox 1178 3079 1294 3138; x_wconf 88' lang='lat' dir='ltr'><strong>eertum</strong></span> <span class='ocrx_word' id='word_1_180' title='bbox 1307 3090 1341 3135; x_wconf 85' lang='lat' dir='ltr'><strong>aa</strong></span> 
     </span>
     <span class='ocr_line' id='line_1_25' title="bbox 263 3173 1339 3255; baseline -0.002 -19"><span class='ocrx_word' id='word_1_181' title='bbox 263 3175 380 3250; x_wconf 82' lang='lat' dir='ltr'><strong>majus,</strong></span> <span class='ocrx_word' id='word_1_182' title='bbox 395 3175 468 3252; x_wconf 89' lang='lat' dir='ltr'><strong>quia</strong></span> <span class='ocrx_word' id='word_1_183' title='bbox 486 3192 554 3254; x_wconf 86' lang='lat' dir='ltr'><strong>spes</strong></span> <span class='ocrx_word' id='word_1_184' title='bbox 576 3177 627 3251; x_wconf 92' lang='lat' dir='ltr'><strong>sit,</strong></span> <span class='ocrx_word' id='word_1_185' title='bbox 639 3175 710 3237; x_wconf 91' lang='lat' dir='ltr'><strong>iude</strong></span> <span class='ocrx_word' id='word_1_186' title='bbox 725 3177 797 3238; x_wconf 90' lang='lat' dir='ltr'><strong>boni</strong></span> <span class='ocrx_word' id='word_1_187' title='bbox 820 3175 937 3255; x_wconf 88' lang='lat' dir='ltr'><strong>aliquid</strong></span> <span class='ocrx_word' id='word_1_188' title='bbox 959 3175 1097 3237; x_wconf 82' lang='lat' dir='ltr'><strong>habitum</strong></span> <span class='ocrx_word' id='word_1_189' title='bbox 1114 3174 1164 3235; x_wconf 88' lang='lat' dir='ltr'><strong>iri.</strong></span> <span class='ocrx_word' id='word_1_190' title='bbox 1184 3173 1339 3251; x_wconf 84' lang='lat' dir='ltr'><strong>Numquid</strong></span> 
     </span>
     <span class='ocr_line' id='line_1_26' title="bbox 263 3273 1341 3356; baseline -0.003 -20"><span class='ocrx_word' id='word_1_191' title='bbox 263 3289 382 3337; x_wconf 82' lang='lat' dir='ltr'><strong>uenena</strong></span> <span class='ocrx_word' id='word_1_192' title='bbox 400 3275 494 3337; x_wconf 87' lang='lat' dir='ltr'><strong>libere</strong></span> <span class='ocrx_word' id='word_1_193' title='bbox 519 3277 630 3356; x_wconf 86' lang='lat' dir='ltr'><strong>spargi,</strong></span> <span class='ocrx_word' id='word_1_194' title='bbox 644 3291 678 3338; x_wconf 86' lang='lat' dir='ltr'><strong>ae</strong></span> <span class='ocrx_word' id='word_1_195' title='bbox 700 3273 821 3356; x_wconf 92' lang='lat' dir='ltr'><strong>publioe</strong></span> <span class='ocrx_word' id='word_1_196' title='bbox 839 3277 941 3355; x_wconf 77' lang='lat' dir='ltr'><strong>rendi,</strong></span> <span class='ocrx_word' id='word_1_197' title='bbox 960 3275 1210 3356; x_wconf 88' lang='lat' dir='ltr'><strong>oomportarique,</strong></span> <span class='ocrx_word' id='word_1_198' title='bbox 1231 3275 1293 3336; x_wconf 91' lang='lat' dir='ltr'><strong>imo</strong></span> <span class='ocrx_word' id='word_1_199' title='bbox 1311 3279 1341 3335; x_wconf 89' lang='lat' dir='ltr'><strong>et</strong></span> 
     </span>
     <span class='ocr_line' id='line_1_27' title="bbox 262 3374 1343 3457; baseline -0.004 -19"><span class='ocrx_word' id='word_1_200' title='bbox 262 3375 368 3438; x_wconf 91' lang='lat' dir='ltr'><strong>obbibi</strong></span> <span class='ocrx_word' id='word_1_201' title='bbox 380 3375 499 3452; x_wconf 86' lang='lat' dir='ltr'><strong>debere,</strong></span> <span class='ocrx_word' id='word_1_202' title='bbox 514 3393 605 3438; x_wconf 87' lang='lat' dir='ltr'><strong>sanus</strong></span> <span class='ocrx_word' id='word_1_203' title='bbox 618 3379 688 3455; x_wconf 87' lang='lat' dir='ltr'><strong>quia</strong></span> <span class='ocrx_word' id='word_1_204' title='bbox 699 3377 817 3456; x_wconf 82' lang='lat' dir='ltr'><strong>dixerit,</strong></span> <span class='ocrx_word' id='word_1_205' title='bbox 832 3376 916 3457; x_wconf 88' lang='lat' dir='ltr'><strong>quod</strong></span> <span class='ocrx_word' id='word_1_206' title='bbox 929 3375 1055 3438; x_wconf 90' lang='lat' dir='ltr'><strong>remedii</strong></span> <span class='ocrx_word' id='word_1_207' title='bbox 1064 3375 1219 3455; x_wconf 87' lang='lat' dir='ltr'><strong>quidpiam</strong></span> <span class='ocrx_word' id='word_1_208' title='bbox 1230 3374 1343 3435; x_wconf 86' lang='lat' dir='ltr'><strong>babea-</strong></span> 
     </span>
     <span class='ocr_line' id='line_1_28' title="bbox 263 3477 1340 3560; baseline -0.001 -23"><span class='ocrx_word' id='word_1_209' title='bbox 263 3482 328 3552; x_wconf 90' lang='lat' dir='ltr'><strong>tur,</strong></span> <span class='ocrx_word' id='word_1_210' title='bbox 342 3493 404 3554; x_wconf 92' lang='lat' dir='ltr'><strong>quo</strong></span> <span class='ocrx_word' id='word_1_211' title='bbox 417 3477 471 3556; x_wconf 92' lang='lat' dir='ltr'><strong>qui</strong></span> <span class='ocrx_word' id='word_1_212' title='bbox 485 3483 624 3553; x_wconf 90' lang='lat' dir='ltr'><strong>utuntur,</strong></span> <span class='ocrx_word' id='word_1_213' title='bbox 639 3478 713 3560; x_wconf 88' lang='lat' dir='ltr'><strong>eripi</strong></span> <span class='ocrx_word' id='word_1_214' title='bbox 729 3495 779 3540; x_wconf 87' lang='lat' dir='ltr'><strong>eos</strong></span> <span class='ocrx_word' id='word_1_215' title='bbox 792 3495 828 3540; x_wconf 87' lang='lat' dir='ltr'><strong>ex</strong></span> <span class='ocrx_word' id='word_1_216' title='bbox 842 3478 965 3539; x_wconf 84' lang='lat' dir='ltr'><strong>interitu</strong></span> <span class='ocrx_word' id='word_1_217' title='bbox 984 3477 1148 3540; x_wconf 79' lang='lat' dir='ltr'><strong>iduatidem</strong></span> <span class='ocrx_word' id='word_1_218' title='bbox 1166 3477 1340 3555; x_wconf 87' lang='lat' dir='ltr'><strong>eontingatt</strong></span> 
     </span>
     <span class='ocr_line' id='line_1_29' title="bbox 262 3575 1343 3656; baseline 0 -22"><span class='ocrx_word' id='word_1_219' title='bbox 262 3609 304 3622; x_wconf 87' lang='lat'><em>-</em></span> <span class='ocrx_word' id='word_1_220' title='bbox 322 3576 433 3636; x_wconf 84' lang='lat' dir='ltr'><strong>l&#39;orrrm</strong></span> <span class='ocrx_word' id='word_1_221' title='bbox 447 3575 536 3654; x_wconf 86' lang='lat' dir='ltr'><strong>longe</strong></span> <span class='ocrx_word' id='word_1_222' title='bbox 550 3576 610 3638; x_wconf 87' lang='lat' dir='ltr'><strong>alia</strong></span> <span class='ocrx_word' id='word_1_223' title='bbox 622 3575 679 3637; x_wconf 85' lang='lat' dir='ltr'><strong>luit</strong></span> <span class='ocrx_word' id='word_1_224' title='bbox 696 3576 829 3639; x_wconf 78' lang='lat' dir='ltr'><strong>Euolesia</strong></span> <span class='ocrx_word' id='word_1_225' title='bbox 842 3575 1001 3656; x_wconf 88' lang='lat' dir='ltr'><strong>disoiplina</strong></span> <span class='ocrx_word' id='word_1_226' title='bbox 1017 3579 1050 3638; x_wconf 92' lang='lat' dir='ltr'><strong>in</strong></span> <span class='ocrx_word' id='word_1_227' title='bbox 1062 3575 1262 3640; x_wconf 74' lang='lat' dir='ltr'><strong>emoindenda</strong></span> <span class='ocrx_word' id='word_1_228' title='bbox 1274 3592 1343 3636; x_wconf 88' lang='lat' dir='ltr'><strong>ma·</strong></span> 
     </span>
     <span class='ocr_line' id='line_1_30' title="bbox 262 3675 1341 3756; baseline -0.004 -19"><span class='ocrx_word' id='word_1_229' title='bbox 262 3676 368 3738; x_wconf 90' lang='lat' dir='ltr'><strong>lorum</strong></span> <span class='ocrx_word' id='word_1_230' title='bbox 389 3675 536 3738; x_wconf 92' lang='lat' dir='ltr'><strong>librorum</strong></span> <span class='ocrx_word' id='word_1_231' title='bbox 553 3682 635 3756; x_wconf 84' lang='lat' dir='ltr'><strong>peste</strong></span> <span class='ocrx_word' id='word_1_232' title='bbox 649 3675 696 3738; x_wconf 85' lang='lat' dir='ltr'><strong>rel</strong></span> <span class='ocrx_word' id='word_1_233' title='bbox 716 3676 754 3738; x_wconf 89' lang='lat' dir='ltr'><strong>ab</strong></span> <span class='ocrx_word' id='word_1_234' title='bbox 772 3675 985 3755; x_wconf 72' lang='lat' dir='ltr'><strong>Apostolorum</strong></span> <span class='ocrx_word' id='word_1_235' title='bbox 1007 3682 1106 3752; x_wconf 80' lang='lat' dir='ltr'><strong>atate,</strong></span> <span class='ocrx_word' id='word_1_236' title='bbox 1121 3693 1198 3754; x_wconf 91' lang='lat' dir='ltr'><strong>quos</strong></span> <span class='ocrx_word' id='word_1_237' title='bbox 1210 3675 1341 3752; x_wconf 89' lang='lat' dir='ltr'><strong>legimus</strong></span> 
     </span>
     <span class='ocr_line' id='line_1_31' title="bbox 263 3773 1342 3855; baseline -0.003 -18"><span class='ocrx_word' id='word_1_238' title='bbox 263 3775 411 3854; x_wconf 83' lang='lat' dir='ltr'><strong>grandem</strong></span> <span class='ocrx_word' id='word_1_239' title='bbox 434 3775 580 3838; x_wconf 90' lang='lat' dir='ltr'><strong>librorum</strong></span> <span class='ocrx_word' id='word_1_240' title='bbox 597 3777 660 3838; x_wconf 84' lang='lat' dir='ltr'><strong>vim</strong></span> <span class='ocrx_word' id='word_1_241' title='bbox 676 3775 796 3855; x_wconf 87' lang='lat' dir='ltr'><strong>publloe</strong></span> <span class='ocrx_word' id='word_1_242' title='bbox 819 3775 1020 3837; x_wconf 88' lang='lat' dir='ltr'><strong>oombussiese</strong></span> <span class='ocrx_word' id='word_1_243' title='bbox 1032 3776 1086 3854; x_wconf 82' lang='lat' dir='ltr'><strong>(a).</strong></span> <span class='ocrx_word' id='word_1_244' title='bbox 1104 3777 1183 3836; x_wconf 85' lang='lat' dir='ltr'><strong>Satis</strong></span> <span class='ocrx_word' id='word_1_245' title='bbox 1200 3775 1240 3836; x_wconf 86' lang='lat' dir='ltr'><strong>eit</strong></span> <span class='ocrx_word' id='word_1_246' title='bbox 1260 3773 1342 3850; x_wconf 86' lang='lat' dir='ltr'><strong>leges</strong></span> 
     </span>
     <span class='ocr_line' id='line_1_32' title="bbox 264 3868 1341 3953; baseline -0.005 -16"><span class='ocrx_word' id='word_1_247' title='bbox 264 3877 297 3937; x_wconf 93' lang='lat' dir='ltr'><strong>in</strong></span> <span class='ocrx_word' id='word_1_248' title='bbox 314 3874 440 3937; x_wconf 86' lang='lat' dir='ltr'><strong>oonoilio</strong></span> <span class='ocrx_word' id='word_1_249' title='bbox 453 3875 643 3937; x_wconf 83' lang='lat' dir='ltr'><strong>Latemnensi</strong></span> <span class='ocrx_word' id='word_1_250' title='bbox 658 3875 682 3932; x_wconf 87' lang='lat' dir='ltr'>v</span> <span class='ocrx_word' id='word_1_251' title='bbox 697 3875 729 3935; x_wconf 92' lang='lat' dir='ltr'><strong>iu</strong></span> <span class='ocrx_word' id='word_1_252' title='bbox 743 3889 810 3936; x_wconf 91' lang='lat' dir='ltr'><strong>eam</strong></span> <span class='ocrx_word' id='word_1_253' title='bbox 824 3889 888 3935; x_wconf 89' lang='lat' dir='ltr'><strong>rem</strong></span> <span class='ocrx_word' id='word_1_254' title='bbox 903 3874 988 3939; x_wconf 87' lang='lat' dir='ltr'><strong>datas</strong></span> <span class='ocrx_word' id='word_1_255' title='bbox 1000 3872 1153 3953; x_wconf 84' lang='lat' dir='ltr'><strong>perlegere</strong></span> <span class='ocrx_word' id='word_1_256' title='bbox 1167 3893 1200 3948; x_wconf 74' lang='lat' dir='ltr'><strong>r,</strong></span> <span class='ocrx_word' id='word_1_257' title='bbox 1214 3877 1270 3932; x_wconf 85' lang='lat' dir='ltr'><strong>eto.</strong></span> <span class='ocrx_word' id='word_1_258' title='bbox 1288 3868 1341 3949; x_wconf 81' lang='lat' dir='ltr'><strong>(d).</strong></span> 
     </span>
    </p>

    <p class='ocr_par' dir='ltr' id='par_1_5' title="bbox 224 3969 1344 4559">
     <span class='ocr_line' id='line_1_33' title="bbox 308 3969 1343 4054; baseline -0.006 -18"><span class='ocrx_word' id='word_1_259' title='bbox 308 3979 340 4040; x_wconf 74' lang='lat'><strong>2.</strong></span> <span class='ocrx_word' id='word_1_260' title='bbox 356 3975 463 4037; x_wconf 86' lang='lat' dir='ltr'><strong>Contra</strong></span> <span class='ocrx_word' id='word_1_261' title='bbox 481 3975 644 4039; x_wconf 81' lang='lat' dir='ltr'><strong>libertatem</strong></span> <span class='ocrx_word' id='word_1_262' title='bbox 663 3975 845 4037; x_wconf 82' lang='lat' dir='ltr'><strong>maeoteata&#39;oe</strong></span> <span class='ocrx_word' id='word_1_263' title='bbox 856 3992 868 4035; x_wconf 92' lang='lat'><strong>.·</strong></span> <span class='ocrx_word' id='word_1_264' title='bbox 890 3976 963 4036; x_wconf 81' lang='lat' dir='ltr'><strong>ellr</strong></span> <span class='ocrx_word' id='word_1_265' title='bbox 975 3975 1032 4035; x_wconf 87' lang='lat' dir='ltr'><strong>boo</strong></span> <span class='ocrx_word' id='word_1_266' title='bbox 1044 3972 1231 4054; x_wconf 91' lang='lat' dir='ltr'><strong>putidissimo</strong></span> <span class='ocrx_word' id='word_1_267' title='bbox 1242 3969 1343 4048; x_wconf 75' lang='lat' dir='ltr'><strong>iadis-</strong></span> 
     </span>
     <span class='ocr_line' id='line_1_34' title="bbox 263 4075 1343 4158; baseline -0.004 -20"><span class='ocrx_word' id='word_1_268' title='bbox 263 4075 435 4158; x_wconf 80' lang='lat' dir='ltr'><strong>sereatr&#39;emi</strong></span> <span class='ocrx_word' id='word_1_269' title='bbox 445 4077 525 4138; x_wconf 86' lang='lat' dir='ltr'><strong>laute</strong></span> <span class='ocrx_word' id='word_1_270' title='bbox 545 4075 676 4139; x_wconf 88' lang='lat' dir='ltr'><strong>absurda</strong></span> <span class='ocrx_word' id='word_1_271' title='bbox 696 4076 751 4138; x_wconf 92' lang='lat' dir='ltr'><strong>illa</strong></span> <span class='ocrx_word' id='word_1_272' title='bbox 767 4075 836 4138; x_wconf 88' lang='lat' dir='ltr'><strong>tluit</strong></span> <span class='ocrx_word' id='word_1_273' title='bbox 850 4091 885 4137; x_wconf 89' lang='lat' dir='ltr'><strong>ao</strong></span> <span class='ocrx_word' id='word_1_274' title='bbox 898 4090 1024 4136; x_wconf 84' lang='lat' dir='ltr'><strong>erronee</strong></span> <span class='ocrx_word' id='word_1_275' title='bbox 1042 4075 1198 4148; x_wconf 76' lang='lat' dir='ltr'><strong>mutantia,</strong></span> <span class='ocrx_word' id='word_1_276' title='bbox 1211 4091 1267 4136; x_wconf 91' lang='lat' dir='ltr'><strong>seu</strong></span> <span class='ocrx_word' id='word_1_277' title='bbox 1286 4091 1343 4153; x_wconf 90' lang='lat' dir='ltr'><strong>po·</strong></span> 
     </span>
     <span class='ocr_line' id='line_1_35' title="bbox 265 4173 1344 4254; baseline -0.002 -18"><span class='ocrx_word' id='word_1_278' title='bbox 265 4178 329 4237; x_wconf 90' lang='lat' dir='ltr'><strong>tius</strong></span> <span class='ocrx_word' id='word_1_279' title='bbox 352 4174 600 4254; x_wconf 86' lang='lat' dir='ltr'><strong>deliramentum,</strong></span> <span class='ocrx_word' id='word_1_280' title='bbox 621 4177 812 4238; x_wconf 85' lang='lat' dir='ltr'><strong>asserendam</strong></span> <span class='ocrx_word' id='word_1_281' title='bbox 840 4191 904 4237; x_wconf 89' lang='lat' dir='ltr'><strong>asse</strong></span> <span class='ocrx_word' id='word_1_282' title='bbox 923 4173 1191 4236; x_wconf 79' lang='lat' dir='ltr'><strong>revindicandum</strong></span> <span class='ocrx_word' id='word_1_283' title='bbox 1219 4173 1344 4236; x_wconf 80' lang='lat' dir='ltr'><strong>oradibet</strong></span> 
     </span>
     <span class='ocr_line' id='line_1_36' title="bbox 266 4274 1343 4356; baseline 0 -21"><span class='ocrx_word' id='word_1_284' title='bbox 266 4275 433 4337; x_wconf 80' lang='lat' dir='ltr'><strong>libertatem</strong></span> <span class='ocrx_word' id='word_1_285' title='bbox 452 4275 646 4342; x_wconf 64' lang='lat' dir='ltr'><strong>eminentiae.</strong></span> <span class='ocrx_word' id='word_1_286' title='bbox 666 4278 721 4340; x_wconf 84' lang='lat' dir='ltr'><strong>Cui</strong></span> <span class='ocrx_word' id='word_1_287' title='bbox 740 4275 865 4354; x_wconf 88' lang='lat' dir='ltr'><strong>quidem</strong></span> <span class='ocrx_word' id='word_1_288' title='bbox 885 4275 1130 4356; x_wconf 87' lang='lat' dir='ltr'><strong>pestilentissimo</strong></span> <span class='ocrx_word' id='word_1_289' title='bbox 1151 4275 1244 4338; x_wconf 89' lang='lat' dir='ltr'><strong>errori</strong></span> <span class='ocrx_word' id='word_1_290' title='bbox 1263 4274 1343 4336; x_wconf 85' lang='lat' dir='ltr'><strong>viam</strong></span> 
     </span>
     <span class='ocr_line' id='line_1_37' title="bbox 266 4375 1340 4456; baseline -0.001 -20"><span class='ocrx_word' id='word_1_291' title='bbox 266 4375 374 4436; x_wconf 84' lang='lat' dir='ltr'><strong>sternit</strong></span> <span class='ocrx_word' id='word_1_292' title='bbox 392 4376 481 4456; x_wconf 86' lang='lat' dir='ltr'><strong>plena</strong></span> <span class='ocrx_word' id='word_1_293' title='bbox 493 4375 550 4437; x_wconf 90' lang='lat' dir='ltr'><strong>ille</strong></span> <span class='ocrx_word' id='word_1_294' title='bbox 569 4382 659 4454; x_wconf 89' lang='lat' dir='ltr'><strong>atque</strong></span> <span class='ocrx_word' id='word_1_295' title='bbox 673 4376 868 4437; x_wconf 86' lang='lat' dir='ltr'><strong>immoderata</strong></span> <span class='ocrx_word' id='word_1_296' title='bbox 890 4375 1011 4437; x_wconf 88' lang='lat' dir='ltr'><strong>libertas</strong></span> <span class='ocrx_word' id='word_1_297' title='bbox 1025 4376 1213 4455; x_wconf 88' lang='lat' dir='ltr'><strong>opinionum,</strong></span> <span class='ocrx_word' id='word_1_298' title='bbox 1227 4391 1294 4455; x_wconf 82' lang='lat' dir='ltr'><strong>quae</strong></span> <span class='ocrx_word' id='word_1_299' title='bbox 1308 4375 1340 4436; x_wconf 94' lang='lat' dir='ltr'><strong>in</strong></span> 
     </span>
     <span class='ocr_line' id='line_1_38' title="bbox 224 4475 1341 4559; baseline 0.002 -23"><span class='ocrx_word' id='word_1_300' title='bbox 224 4539 227 4545; x_wconf 71' lang='grc'><strong>,</strong></span> <span class='ocrx_word' id='word_1_301' title='bbox 265 4476 658 4538; x_wconf 84' lang='lat' dir='ltr'><strong>saoraetoivilisreilabern</strong></span> <span class='ocrx_word' id='word_1_302' title='bbox 671 4475 1341 4559; x_wconf 83' lang='lat' dir='ltr'><strong>lategraseatur,diotitantibuspersummam</strong></span> 
     </span>
    </p>
   </div>
   <div class='ocr_carea' id='block_1_3' title="bbox 269 4702 1345 4868">
    <p class='ocr_par' dir='ltr' id='par_1_6' title="bbox 269 4702 1345 4868">
     <span class='ocr_line' id='line_1_39' title="bbox 302 4702 1345 4772; baseline 0.007 -20"><span class='ocrx_word' id='word_1_303' title='bbox 302 4702 337 4766; x_wconf 82' lang='lat' dir='ltr'><strong>(a)</strong></span> <span class='ocrx_word' id='word_1_304' title='bbox 348 4703 402 4760; x_wconf 78' lang='lat' dir='ltr'><strong>let.</strong></span> <span class='ocrx_word' id='word_1_305' title='bbox 417 4706 500 4770; x_wconf 71' lang='lat' dir='ltr'><strong>apost.</strong></span> <span class='ocrx_word' id='word_1_306' title='bbox 512 4719 563 4769; x_wconf 87' lang='lat' dir='ltr'><strong>xrx,</strong></span> <span class='ocrx_word' id='word_1_307' title='bbox 576 4709 613 4760; x_wconf 86' lang='lat' dir='ltr'><strong>la.</strong></span> <span class='ocrx_word' id='word_1_308' title='bbox 626 4733 653 4745; x_wconf 96' lang='lat'><em>-</em></span> <span class='ocrx_word' id='word_1_309' title='bbox 665 4705 700 4770; x_wconf 86' lang='lat' dir='ltr'><strong>(b)</strong></span> <span class='ocrx_word' id='word_1_310' title='bbox 712 4705 795 4772; x_wconf 77' lang='lat' dir='ltr'><strong>Epist.</strong></span> <span class='ocrx_word' id='word_1_311' title='bbox 806 4707 897 4772; x_wconf 77' lang='lat' dir='ltr'><strong>surget.</strong></span> <span class='ocrx_word' id='word_1_312' title='bbox 911 4709 1020 4770; x_wconf 83' lang='lat' dir='ltr'><strong>Gregorii</strong></span> <span class='ocrx_word' id='word_1_313' title='bbox 1031 4707 1082 4759; x_wconf 82' lang='lat' dir='ltr'><strong>xvt</strong></span> <span class='ocrx_word' id='word_1_314' title='bbox 1092 4709 1124 4760; x_wconf 83' lang='lat' dir='ltr'><strong>ad</strong></span> <span class='ocrx_word' id='word_1_315' title='bbox 1136 4720 1225 4761; x_wconf 85' lang='lat' dir='ltr'><strong>omues</strong></span> <span class='ocrx_word' id='word_1_316' title='bbox 1236 4709 1345 4760; x_wconf 80' lang='lat' dir='ltr'><strong>latrlar·</strong></span> 
     </span>
     <span class='ocr_line' id='line_1_40' title="bbox 269 4774 1149 4868; baseline 0.009 -44"><span class='ocrx_word' id='word_1_317' title='bbox 269 4774 339 4837; x_wconf 76' lang='lat' dir='ltr'><strong>char,</strong></span> <span class='ocrx_word' id='word_1_318' title='bbox 351 4777 481 4840; x_wconf 71' lang='lat' dir='ltr'><strong>primates,</strong></span> <span class='ocrx_word' id='word_1_319' title='bbox 493 4779 696 4868; x_wconf 73' lang='lat' dir='ltr'><strong>arenlepueapu</strong></span> <span class='ocrx_word' id='word_1_320' title='bbox 709 4783 735 4832; x_wconf 90' lang='lat' dir='ltr'><strong>et</strong></span> <span class='ocrx_word' id='word_1_321' title='bbox 746 4777 886 4844; x_wconf 82' lang='lat' dir='ltr'><strong>llptraopoa,</strong></span> <span class='ocrx_word' id='word_1_322' title='bbox 899 4779 957 4831; x_wconf 84' lang='lat' dir='ltr'><strong>datr</strong></span> <span class='ocrx_word' id='word_1_323' title='bbox 970 4782 999 4832; x_wconf 77' lang='lat' dir='ltr'><strong>rt</strong></span> <span class='ocrx_word' id='word_1_324' title='bbox 1009 4793 1067 4845; x_wconf 84' lang='lat' dir='ltr'><strong>aug.</strong></span> <span class='ocrx_word' id='word_1_325' title='bbox 1080 4783 1149 4834; x_wconf 74' lang='lat' dir='ltr'><strong>lm.</strong></span> 
     </span>
    </p>
   </div>
   <div class='ocr_carea' id='block_1_4' title="bbox 0 0 1786 5675">
    <p class='ocr_par' dir='ltr' id='par_1_7' title="bbox 0 0 1786 5675">
     <span class='ocr_line' id='line_1_41' title="bbox 0 0 1786 5675; baseline 0 0"><span class='ocrx_word' id='word_1_326' title='bbox 0 0 1786 5675; x_wconf 95' lang='lat' dir='ltr'><strong> </strong></span> 
     </span>
    </p>
   </div>
  </div>
 </body>
</html>
