3559 5675
419 770 461 835 td
828 791 917 841 mere,
930 788 1090 835 retusius
1140 807 1144 815 «

423 905 518 966 sistus
542 898 625 958 enim
646 898 782 977 perpetui
804 896 874 958 belli
890 898 1029 958 omniurn
1050 898 1080 957 in
1094 909 1200 956 munos
1216 894 1504 973 societatemipsanr

424 989 556 1085 perimit.
572 1000 663 1075 Ergo,
677 1003 733 1057 etr.
1341 1052 1348 1061 ,
1488 1038 1491 1045 .

462 1098 534 1158 759.
558 1098 689 1159 Corone.
703 1125 745 1143 -
760 1098 802 1157 Ex
815 1110 851 1157 eo
864 1096 946 1174 meod
959 1098 1076 1175 private
1092 1094 1220 1157 vindicta
1233 1094 1265 1155 in
1278 1096 1416 1156 eoenlsle
1427 1110 1505 1173 qus·

424 1212 547 1275 cunque
569 1197 610 1257 sit
627 1196 1042 1273 tiliein‚1ninimeseqnitur
1062 1195 1171 1274 probos
1183 1211 1217 1259 eo
1227 1192 1506 1271 tresqutlloeeises

424 1300 549 1376 impune
566 1312 654 1375 posse
671 1296 710 1356 als
729 1295 875 1375 improbis
900 1296 979 1357 ledi.
1003 1298 1055 1357 Est
1071 1297 1151 1357 enim
1170 1296 1202 1355 in
1215 1292 1350 1371 quelibet
1360 1294 1506 1357 societate
1625 1324 1626 1387 3

426 1396 588 1457 auctoritas
600 1411 620 1456 s
632 1411 693 1472 qus
709 1396 835 1455 societas
853 1394 995 1455 universe
1018 1396 1145 1472 ejusque
1156 1392 1280 1469 singule
1298 1391 1439 1455 membra
1452 1392 1503 1455 di-

424 1496 587 1556 rectionem
605 1510 640 1554 ac
654 1492 778 1575 tutelam
790 1493 923 1572 ecctpsre
936 1492 1056 1573 debent.
1071 1490 1116 1553 Ad
1137 1492 1217 1555 hene
1235 1506 1326 1569 porro
1342 1491 1506 1555 auctorite·

426 1603 488 1655 tsm
506 1595 635 1673 pertinet
654 1594 773 1655 leonum
787 1594 995 1671 improborum
1007 1592 1140 1659 audacie
1155 1593 1289 1671 inlicere,
1304 1593 1433 1655 erimina
1446 1610 1508 1671 pu·

332 1695 343 1713 ’
427 1696 506 1769 nire,
536 1695 724 1772 privatorum
746 1693 884 1768 laesiones
909 1692 1013 1755 ulcisci
1038 1712 1046 1753 ι
1074 1708 1136 1771 qua
1158 1693 1195 1755 de
1217 1708 1248 1753 re
1269 1692 1358 1771 plura
1378 1692 1508 1754 lnlsrlus

427 1794 620 1856 disseremus
666 1811 670 1822 ·

829 2012 1035 2082 dsrtctlnds
1056 2014 1103 2074 Vl.

431 2218 473 2281 lle
487 2215 608 2301 juribus
627 2224 655 2281 el
674 2217 781 2300 officiis
804 2216 928 2280 lerninis
943 2212 1099 2283 'indlsn'dul
1121 2220 1150 2279 ie
1173 2234 1343 2300 omoeoque
1362 2220 1509 2292 societate,

609 2316 707 2399 quaid
723 2318 877 2399 propriam
896 2326 925 2380 et
941 2316 1069 2378 alienam
1093 2318 1182 2379 silom
1197 2316 1344 2379 mendam.

471 2566 544 2625 760.
566 2566 736 2627 llorsnnuu
760 2568 788 2625 l.
812 2564 1010 2631 -Tertium
1031 2570 1121 2645 eaput
1140 2564 1259 2641 jurium
1286 2570 1316 2631 et
1342 2564 1513 2633 officiorum

431 2682 501 2743 quse
512 2665 637 2732 inomni
649 2665 788 2726 societate
801 2663 919 2725 homini
933 2664 1045 2741 cuique
1058 2670 1141 2739 sunt,
1153 2662 1364 2745 explicandum
1375 2650 1444 2747 jam
1455 2672 1514 2743 est,

433 2763 472 2823 ad
487 2762 616 2823 hnmani
630 2762 799 2842 compositi,
816 2763 961 2823 nimirum
977 2762 1014 2823 ed
1030 2746 1095 2823 vilse
1115 2764 1372 2831 correervalionem
1389 2766 1427 2830 ao
1444 2784 1513 2848 per·

431 2865 605 2941 teotonem,
626 2863 769 2926 attinens.

473 2965 611 3036 lamsero
632 2963 767 3025 humane
792 2963 852 3025 sita
873 2963 993 3026 duabus
1017 2964 1205 3044 potissimum
1229 2967 1327 3028 causis
1343 2967 1517 3035 labefactari

422 3071 542 3145 potest,
553 3064 737 3146 eggremoris
755 3063 901 3129 violentia
921 3071 951 3126 et
965 3064 1095 3126 naturali
1109 3063 1219 3126 virium
1233 3069 1345 3130 attritu.
1372 3070 1453 3148 llrgo
1463 3074 1518 3152 jus

434 3167 464 3226 et
477 3163 609 3226 cilicium
623 3165 691 3224 vitre
703 3163 916 3226 conservanda
928 3163 989 3226 duo
1003 3167 1230 3246 precipusjme
1241 3168 1386 3244 continet,
1401 3170 1519 3236 scilieet

426 3266 481 3338 jss
493 3253 672 3341 defensione
689 3269 718 3322 et
729 3264 783 3339 jus
796 3262 877 3322 bons
889 3263 1017 3324 lomunae
1038 3263 1221 3344 possidendi,
1242 3283 1296 3330 seu
1307 3264 1363 3346 jus
1374 3255 1515 3336 dommo.

436 3366 479 3423 De
500 3363 599 3440 priore
619 3365 690 3439 jure
706 3359 763 3421 hoo
787 3361 923 3437 arficulo,
940 3361 977 3421 de
994 3364 1154 3441 posteriore
1174 3364 1293 3430 duobus
1314 3349 1516 3446 sequentibus

434 3459 667 3538 disputabimus.
1388 3509 1390 3525 .

477 3563 647 3624 Norsnnuu
668 3563 699 3622 2.
713 3560 882 3638 -Cuique
902 3559 1019 3633 homini
1040 3571 1206 3644 competere
1224 3571 1276 3656 jus
1296 3570 1426 3652 proprie
1447 3575 1518 3638 rita
1625 3581 1626 3634 i

436 3659 666 3735 conservande,
687 3659 822 3736 adeoque
840 3660 925 3722 illius
947 3665 1134 3742 protegendae
1156 3667 1195 3728 eb
1216 3671 1256 3730 iis'
1275 3671 1420 3738 omnibus
1444 3693 1518 3756 quse

437 3761 523 3825 illem
534 3762 568 3820 in
581 3759 744 3822 discrimen
755 3758 948 3842 miscerent,
962 3761 1033 3822 eatis
1044 3772 1160 3828 consul
1174 3783 1209 3828 ex
1223 3767 1320 3832 officio
1333 3771 1520 3838 individuali

436 3859 519 3938 quod
537 3859 591 3920 lib.
613 3861 647 3919 5·
662 3859 859 3937 asseruimus,
867 3875 938 3940 cap.
962 3861 992 3922 5.
1008 3859 1047 3924 At
1065 3863 1125 3944 hon
1137 3869 1190 3943 jus
1202 3865 1234 3926 in
1246 3867 1385 3932 societate
1405 3872 1521 3938 alienis

437 3961 601 4037 indutus
615 3976 651 4023 sc
668 3957 819 4022 violentiis
833 3962 1001 4042 expositum
1019 3970 1076 4033 est,
1089 3981 1157 4042 qne
1170 3967 1317 4030 violentie
1331 3973 1521 4054 quandoque

436 4065 503 4124 sine
527 4060 712 4138 aggressuris
731 4058 841 4121 damno
860 4060 968 4140 repelli
983 4071 1147 4140 nepueunt.
1168 4067 1201 4130 lu
1218 4067 1267 4128 his
1279 4070 1521 4138 circumstantiis

434 4179 505 4240 quas
519 4164 592 4240 jnrs
604 4161 667 4222 sint
679 4158 764 4246 illius
783 4175 874 4240 quem
889 4155 1041 4238 aggressio
1060 4164 1186 4244 impetit,
1202 4165 1366 4230 videndum
1382 4179 1439 4234 est.
1464 4179 1520 4237 Ρο-

436 4268 492 4324 test
504 4268 606 4322 sulem
625 4260 679 4337 qui
701 4258 825 4320 ellenns
840 4261 907 4321 vitm
928 4249 989 4320 vim
1007 4261 1117 4324 inlerrs
1138 4265 1321 4341 aggreditur,
1338 4269 1393 4346 lus
1406 4277 1437 4334 et
1451 4277 1521 4338 olli-

435 4363 517 4424 einm
536 4361 581 4422 sic
600 4357 842 4436 egendihebets,
854 4357 1026 4438 cujusmodi
1043 4367 1116 4424 sunt
1131 4363 1258 4442 puotieoe
1269 4367 1394 4446 jtutiliae
1404 4372 1519 4436 minis-

435 4464 484 4524 tri.
498 4465 541 4526 lle
550 4463 634 4540 J'usto
647 4462 740 4538 igitur
751 4467 780 4524 et
793 4459 831 4520 de
843 4460 959 4539 injusto
972 4461 1039 4522 vito
1057 4462 1161 4526 eliense
1183 4481 1356 4542 eggressum
1375 4470 1519 4538 distincte

436 4565 623 4644 loquendum
633 4569 689 4624 est.
1286 4625 1290 4628 .

446 4706 450 4710 Α
476 4665 547 4728 761.
570 4665 637 4726 Pos.
657 4661 1087 4740 -3611.-lustiaggressoris
1106 4670 1136 4724 et
1153 4667 1258 4728 occisio
1272 4675 1301 4730 st
1316 4673 1418 4746 gravis
1431 4675 1520 4739 lsesio

439 4763 476 4826 sd
498 4765 648 4842 propriam
667 4763 759 4822 vium
780 4759 924 4822 tuendam
938 4760 1050 4822 illicite
1067 4771 1149 4823 sunl.
