3559 5675
596 733 707 782 suun.
729 749 770 766 -
791 733 874 780 enee
894 731 1000 802 mnus.
1271 719 1333 789 iii

255 847 283 904 et
303 841 428 903 societas
452 837 624 900 adrentum
647 837 738 898 tinem
763 855 816 916 per
839 835 940 898 medie
969 834 1150 912 tammo,
1170 838 1246 902 idest
1263 847 1332 922 epte

254 939 434 1013 coordinata
448 937 545 998 tendit
553 953 564 1012 ;
578 945 607 998 et
620 937 767 1014 quonium
779 937 841 998 hren
854 938 1022 997 mdiorum
1033 937 1191 1000 harmonio
1204 947 1233 1000 et
1246 957 1334 1004 oone·

254 1041 356 1120 piratio
379 1039 548 1100 inentibus
564 1038 677 1108 tiberis,
698 1039 837 1114 quemvis
857 1053 917 1098 nnn
936 1037 1092 1116 improbis,
1108 1039 1211 1101 heberi
1227 1045 1332 1121 nequit

253 1141 311 1200 eine
325 1139 421 1200 unice
437 1139 626 1209 eueuriute,
639 1153 700 1214 que
714 1153 819 1199 omnes
833 1137 904 1198 eonii
916 1136 953 1195 ed
962 1151 1154 1199 communem
1167 1141 1260 1202 fluent
1280 1145 1332 1204 di·

252 1241 398 1314 rigentur,
422 1237 532 1298 ideirco
545 1237 689 1296 eutoriteo
703 1235 804 1313 alique
818 1251 960 1314 supreme
973 1234 1060 1296 debet
1077 1237 1208 1300 societati
1223 1258 1331 1320 praeeo·-

251 1355 288 1400 se.
303 1341 386 1417 Ergo
406 1353 469 1398 non
491 1336 652 1396 hominum
674 1335 850 1414 improbitas
872 1342 902 1394 et
915 1332 1083 1411 judiciarie
1104 1341 1256 1415 poteetetie
1276 1357 1331 1404 nee

250 1441 382 1512 cerritus,
396 1437 448 1498 eod
464 1435 578 1498 miore
591 1435 730 1497 humente
751 1434 899 1496 soeietites
919 1440 950 1494 et
962 1421 1082 1494 tiberine
1093 1443 1165 1496 eunt
1180 1441 1331 1517 primitive

249 1555 428 1614 musaque
450 1551 625 1615 supremam
651 1535 854 1596 auotoriteteur
882 1534 1081 1594 neeessariam
1106 1535 1206 1597 etdeit

284 1643 317 1699 2·
331 1639 369 1699 ln
385 1651 568 1715 quincunque
582 1633 704 1714 publiea
723 1635 864 1696 eooietete
878 1633 958 1694 binee
981 1631 1083 1709 legum
1099 1637 1212 1712 speeies
1228 1643 1258 1698 et
1271 1655 1330 1702 ne·

249 1741 381 1802 oeseerier
402 1745 474 1800 eunt
501 1745 529 1797 et
551 1753 668 1816 semper
690 1735 800 1796 etisunt
822 1755 829 1795 :
852 1733 919 1795 elie
936 1750 1005 1811 quo
1026 1735 1120 1796 oooioo
1142 1737 1276 1814 dirigunt
1298 1742 1331 1802 in

249 1839 421 1902 mediorum
436 1836 592 1898 eoeielium
614 1853 686 1910 nou,
702 1834 826 1896 honeste
839 1832 1097 1910 quoedenmedie
1118 1837 1328 1918 precipiendo,

250 1939 332 2002 noxie
342 1937 449 2000 omnin
459 1934 605 2011 retend03
621 1933 761 2012 alteque
772 1949 929 2012 poeuerum
938 1932 1330 2015 oomninetioneimproboi

249 2039 393 2100 edelintis
402 2037 597 2098 absterreant
612 2035 642 2094 Si
654 2033 791 2094 hornineo
805 2049 907 2093 amore
918 2032 1080 2094 honestetis
1093 2051 1213 2113 semper
1222 2037 1252 2097 in
1264 2041 1329 2100 euin

251 2137 417 2200 actionibus
432 2135 625 2209 ducerentur,
641 2133 729 2193 nuile
750 2133 855 2210 utique
869 2147 1030 2210 poenarum
1049 2133 1206 2196 intentatio
1224 2153 1330 2200 neree*

254 2239 325 2298 urie
336 2244 429 2300 esset.
449 2238 589 2296 Attamen
603 2233 701 2294 adhue
712 2231 834 2294 detieret
846 2232 1006 2292 auetoritoo
1021 2233 1139 2292 enodem
1153 2233 1283 2311 dirigere
1296 2239 1330 2299 in

257 2338 291 2397 i'u
303 2339 444 2400 omnibus
468 2351 537 2412 que
557 2333 595 2396 ed
616 2333 729 2400 bonum
746 2347 908 2394 commuue
920 2332 1080 2409 pertinent
1097 2334 1128 2392 st
1140 2335 1222 2394 eninr
1244 2351 1331 2399 ieeur

258 2437 345 2514 fieret,
360 2436 451 2498 nulio
470 2437 547 2495 inter
562 2434 630 2494 iitoe
644 2434 769 2494 eooietee
783 2437 953 2510 oupereeoet
964 2431 1065 2510 (450).
1086 2433 1198 2494 Eorum
1219 2436 1331 2516 quippe

254 2539 383 2598 omnium
398 2535 533 2616 probiter
547 2532 673 2594 efficeret
692 2531 815 2609 quidem
840 2536 875 2590 ut
888 2547 995 2592 omnen
1005 2530 1042 2592 ad
1062 2532 1156 2594 tinem
1168 2532 1328 2596 honestum

251 2653 298 2714 per
311 2635 415 2696 medie
430 2633 555 2694 honeste
570 2631 737 2703 tenderent,
751 2637 780 2690 et
795 2630 920 2689 minimo
933 2629 1052 2699 feceret.
1070 2638 1105 2691 ut
1117 2647 1223 2693 omnen
1236 2634 1328 2696 finem

248 2751 442 2798 communem
456 2731 620 2812 permedia
632 2730 805 2792 eommunia
821 2737 1084 2808 persequerentur.

284 2837 357 2899 930.
375 2837 446 2897 Poe.
463 2829 545 2893 465³.
561 2862 602 2877 -
614 2832 761 2909 supreme
775 2828 894 2891 societis
908 2830 1067 2890 auetoritet
1076 2833 1142 2908 juo,
1165 2832 1193 2892 ei
1207 2833 1260 2910 qui
1273 2834 1329 2896 de·
1436 2914 1440 2923 Ι

247 2936 383 3015 liquerit.
400 2930 564 3009 atiquendo
587 2928 736 3009 pertendi,
757 2928 840 2991 eeivo
856 2928 978 3009 pobiieo
994 2929 1086 3003 bono,
1109 2946 1213 2991 exone
1233 2933 1329 3011 ipeiuo

246 3044 358 3098 natura
372 3031 515 3113 possidet.

287 3134 494 3199 Peon-1⁰
514 3132 596 3191 tiene
619 3146 686 3207 queo
705 3128 785 3207 leges
807 3130 912 3191 oiviiee
934 3127 1078 3201 eondidit‚
1105 3134 1168 3189 eret
1191 3128 1327 3193 iimitute.

246 3241 328 3313 Ergo
352 3248 418 3293 non
440 3231 537 3310 potuit
559 3230 590 3289 in
614 3230 678 3307 ipse
699 3229 764 3305 lege
780 3229 942 3316 previdere
960 3244 995 3290 ee
1013 3226 1209 3289 determinare
1223 3246 1329 3293 omnen
1457 3302 1465 3316 p

247 3350 339 3397 cneus
352 3326 567 3403 individualee,
583 3328 614 3387 in
626 3327 737 3405 quibui
747 3327 776 3387 ei
784 3327 838 3405 qui
852 3326 1025 3404 deliquerit,
1040 3327 1128 3387 venie
1141 3326 1206 3399 deri
1220 3335 1329 3409 potori,

248 3432 411 3497 autetiam
423 3428 520 3489 debet.
1297 3486 1301 3493 ,

291 3536 325 3595 2·
348 3532 429 3593 Tum
456 3544 515 3602 ree,
537 3533 601 3587 tum
628 3540 762 3605 pereouae
791 3522 828 3585 de
862 3524 976 3603 quihus
1009 3524 1091 3603 leger
1121 3526 1330 3597 univemiiter

248 3634 402 3703 statuunt,
412 3633 484 3689 runt
495 3643 547 3706 per
556 3624 674 3703 seipse
685 3618 855 3687 mutubiieo.
871 3626 949 3703 Ergo
960 3640 1021 3691 nou
1033 3630 1129 3704 potest
1141 3623 1203 3685 illie
1211 3642 1330 3705 semper

249 3728 359 3795 eodem
373 3726 464 3789 modo
478 3723 620 3805 upplieeri
641 3720 747 3801 legalis
761 3722 878 3801 punitio
894 3737 904 3781 ε
921 3722 1010 3783 debet
1022 3722 1104 3783 enim
1117 3722 1235 3801 punitio
1254 3738 1328 3790 oon·

249 3834 396 3911 pruenter
412 3826 442 3887 in
458 3824 585 3903 singuiis
598 3822 717 3885 eusitius
728 3822 870 3902 epptieuri
883 3838 936 3903 pro
949 3838 1051 3883 rerum
1064 3828 1185 3897 notura,
1197 3840 1250 3903 pro
1261 3840 1328 3905 per.

253 3944 401 3995 sonarum
414 3924 568 3991 demerito.
883 3982 887 3989 ,

292 4032 326 4093 3ο
343 4028 428 4091 Fiuie
444 4024 583 4105 proprius
600 4022 679 4101 jurii
692 4020 819 4101 poeneiie
833 4025 928 4099 potest
948 4018 1111 4099 eliquendo
1124 4020 1246 4099 ‚integre
1262 4024 1329 4101 jem

251 4138 343 4211 etqrm
355 4126 508 4190 evidenter
521 4140 585 4185 ereo
598 4122 748 4197 obtentur,
763 4127 924 4199 eutequem
936 4120 983 4182 rel
998 4120 1061 4181 uite
1079 4135 1149 4199 pero
1164 4134 1269 4199 poenae,
1281 4122 1328 4185 rel

253 4237 310 4292 tote
324 4242 417 4308 pennu
432 4222 524 4285 fuerit
538 4217 663 4282 indicte.
679 4221 756 4297 Ergo
771 4219 981 4295 tunejustitie,
994 4217 1020 4293 ei
1034 4226 1112 4279 esset
1123 4219 1328 4301 inexorabilis,

253 4330 337 4393 tieret
349 4326 466 4405 inique,
479 4337 600 4405 pirenem
612 4334 734 4403 prorsus
746 4317 883 4381 inutilem
898 4317 1075 4396 indigendo.

289 4434 324 4489 t·
338 4426 399 4501 Qui
422 4418 571 4501 hebetius
594 4416 750 4499 puniendi,
772 4414 859 4479 debet
871 4419 961 4477 etiem
980 4414 1089 4478 hebere
1108 4420 1162 4494 juo
1187 4418 1330 4484 determi-

252 4523 345 4589 nendi
369 4527 472 4583 utrum
495 4534 581 4599 poeue
596 4514 700 4595 legetis
727 4512 904 4595 eppiirende
925 4514 964 4575 eit
981 4530 1086 4577 neone.
1113 4518 1190 4595 Ergo
1211 4518 1330 4583 eoointio

253 4624 426 4699 incurius,
442 4618 521 4683 siout
540 4632 627 4679 erue
648 4614 744 4695 ipsine
763 4618 872 4675 rietur-e
895 4611 986 4675 hebet
1010 4615 1060 4694 jue
1081 4615 1193 4695 pubtiei
1216 4619 1330 4681 ordiuir

252 4725 371 4801 tuendi,
399 4716 598 4785 individuetin
613 4716 686 4793 iura
705 4710 888 4795 proterendi,
911 4710 1019 4777 detioto
1031 4729 1159 4795 quoipue
1171 4715 1330 4798 puniendi,
