3559 5675
602 772 709 820 seur.
735 790 772 807 -
793 774 878 821 cisen
897 774 1046 823 srruuus.
1321 761 1360 825 td

268 876 433 957 proprium
449 880 507 953 jus
522 877 733 941 obtinendum.
754 884 829 942 Nam
853 881 950 959 primo
971 880 1096 959 quidem
1117 881 1248 943 vindicta
1269 884 1361 945 infert

266 976 399 1054 quidem
410 975 559 1040 offensori
575 979 704 1056 malum,
718 965 768 1042 sed
788 980 935 1042 damnum
950 981 987 1041 ab
1003 980 1116 1043 offense
1127 986 1191 1061 jam
1206 989 1359 1063 acceptum

266 1077 400 1139 minimo
420 1079 562 1139 resarcit.
587 1079 698 1141 Deinde
716 1081 846 1143 vindicta
859 1083 985 1161 privetu,
1008 1082 1127 1143 etiamsi
1144 1082 1256 1143 damno
1276 1082 1358 1144 illato

266 1177 307 1238 sit
327 1180 582 1258 proportionata,
602 1178 759 1243 offensoris
776 1187 878 1245 tamm
899 1182 1037 1243 animum
1055 1182 1169 1257 irritat,
1191 1198 1360 1261 eumquee

265 1278 440 1340 socialibus
459 1281 527 1339 suis
546 1278 652 1341 officiis
668 1279 783 1343 offenso
802 1282 835 1343 in
858 1288 1014 1363 postsmm
1036 1282 1196 1343 reddendis
1214 1282 1310 1359 magis
1325 1300 1359 1343 es

266 1380 367 1456 magis
380 1378 550 1455 absuahit,
566 1386 631 1441 tum
645 1382 719 1459 quia
734 1382 914 1456 naturaliter
926 1380 1071 1444 damnum
1092 1380 1214 1443 illatum
1227 1382 1360 1443 inimici·

267 1479 340 1540 tiam
359 1484 460 1556 auget
472 1485 503 1540 et
522 1480 697 1558 confirmat,
713 1488 780 1543 tum
797 1482 870 1559 quia
888 1478 1020 1541 offensor
1032 1496 1151 1559 semper
1170 1480 1314 1557 judicabit
1329 1488 1359 1541 et

267 1578 389 1639 malurn
408 1578 472 1639 sibi
485 1580 525 1640 ab
537 1578 651 1641 oilsnso
670 1580 821 1642 redditum
833 1580 947 1643 damno
956 1584 1017 1641 a'se
1029 1578 1111 1640 illato
1125 1584 1226 1659 majus
1240 1596 1317 1655 esse,
1329 1588 1358 1641 et

269 1678 390 1739 malum
405 1678 489 1739 illud
507 1679 565 1741 sibi
586 1679 624 1741 ab
644 1677 758 1741 menso
772 1677 865 1758 indigi
886 1696 948 1741 non
966 1679 1093 1757 justitia
1107 1696 1218 1757 amors,
1241 1680 1290 1740 sed
1306 1680 1358 1741 irs

269 1784 359 1855 atque
373 1779 443 1840 odii
456 1781 608 1858 passione.
623 1783 702 1859 Ergo
713 1783 829 1861 privata
839 1780 973 1842 vindicta
990 1786 1069 1841 esset
1086 1780 1221 1841 medium
1235 1782 1358 1842 omnino

272 1878 413 1940 inefficax
431 1880 577 1942 adfinem
593 1881 682 1943 illum
701 1881 910 1957 obtinendum,
927 1882 1066 1959 quinimo
1080 1880 1127 1942 illi
1145 1898 1223 1960 saepe
1238 1887 1355 1942 coutra-

272 1978 362 2041 rinm.
376 1983 462 2058 Ergo
478 1980 562 2042 nulla
576 1982 692 2044 collisio
702 1988 747 2043 est
759 1982 916 2060 interium
931 1981 1035 2043 eliensi
1051 1988 1080 2043 et
1094 1980 1250 2043 offensoris
1262 1982 1354 2061 (7573.

275 2080 370 2153 Quare
384 2096 446 2159 ego
466 2078 602 2143 offensus
615 2082 716 2144 adhuc
728 2081 869 2143 offensori
888 2080 983 2143 debeo
1006 2081 1088 2159 quod
1102 2080 1149 2142 illi
1163 2088 1248 2143 antea
1262 2081 1356 2143 dehe-

276 2177 352 2240 lrm.
367 2182 452 2259 lirgo
464 2181 545 2241 sicut
561 2186 644 2257 ante,
659 2168 703 2243 ita
715 2182 806 2244 etiam
824 2186 892 2261 post
904 2178 1099 2241 offensionem
1114 2180 1229 2244 mulum
1245 2180 1290 2241 illi
1304 2181 1355 2243 in·

279 2276 353 2340 terre
362 2280 448 2343 licite
462 2297 673 2361 nonpossum.

323 2380 353 2437 l·
368 2381 508 2443 Vindicta
520 2383 633 2462 priuata
644 2389 691 2443 est
703 2381 839 2443 medium
856 2383 992 2464 ineptum
1006 2382 1042 2444 ad
1053 2380 1190 2443 ordinem
1201 2380 1356 2440 turbatum

283 2481 496 2543 restituendum
504 2496 515 2559 ;
531 2482 603 2561 quia
620 2481 754 2545 offensus
767 2484 812 2544 ira
829 2490 998 2545 commotus
1020 2481 1165 2560 injuriam
1180 2478 1355 2540 naturaliter

276 2579 385 2657 judicat
398 2583 570 2660 graviorem
587 2602 678 2663 quam
690 2601 792 2646 resera
807 2591 861 2662 est,
877 2590 907 2646 st
919 2585 1087 2662 graviorem
1099 2579 1247 2643 ultionem
1260 2596 1354 2657 quem

276 2680 343 2743 ordo
359 2684 508 2763 postulet,
528 2684 710 2765 pierumque
731 2684 841 2746 iaceret
857 2705 864 2744 :
881 2686 960 2763 qnod
986 2686 1086 2745 statim
1109 2686 1141 2743 2⁰
1166 2694 1233 2758 srg⁰
1255 2681 1354 2741 fusius

273 2780 447 2864 explicetur.
924 2786 933 2801 ¹

308 2885 346 2947 11.
362 2887 486 2950 Privata
498 2889 629 2951 vindicta
651 2889 709 2970 ipsi
727 2889 874 2951 societatis
885 2887 1049 2949 existentiae
1063 2883 1152 2966 plane
1165 2885 1347 2946 adversatur.

269 2988 343 3048 Nam
367 2985 402 3045 1⁹
430 2989 556 3050 societas
583 2973 669 3050 nulla
690 2985 854 3054 subsistere
879 2992 974 3066 potest
996 2987 1060 3047 sine
1081 2985 1202 3067 duobus
1222 2983 1350 3072 surculis

268 3088 448 3164 socialibus,
474 3106 541 3167 quae
565 3095 639 3150 sunt
659 3095 776 3148 eretum
802 3097 888 3145 amor
915 3090 944 3144 ct
968 3090 1070 3143 mutua
1098 3079 1228 3159 justitio.
1259 3079 1350 3156 Atqui

266 3187 384 3264 privata
403 3187 553 3261 vindicta,
578 3202 675 3267 quum
691 3205 726 3250 aa
745 3202 806 3247 non
827 3185 864 3246 ad
882 3189 1002 3262 accepta
1025 3182 1136 3243 demna
1150 3177 1350 3251 resarcienda,

266 3285 317 3347 sed
337 3286 379 3348 ad
398 3285 579 3348 oiisnsorem
602 3285 773 3349 laedendum
794 3289 916 3366 spectet,
941 3281 1103 3342 discordias
1118 3283 1147 3337 et
1167 3275 1277 3338 damus
1294 3291 1350 3336 nc-

266 3388 399 3448 oessario
413 3393 506 3465 auget
521 3395 550 3449 et
565 3373 758 3467 multiplicat.
1056 3373 1058 3380 ’
1195 3371 1197 3379 ”

306 3488 341 3547 2·
363 3487 553 3564 Experientia
573 3486 706 3566 idipsum
725 3485 854 3548 maxime
873 3483 1039 3545 confirmat.
1056 3479 1179 3555 Quoties
1191 3479 1273 3540 enim
1287 3479 1351 3556 pri-

266 3589 334 3647 rats
343 3585 488 3665 vindicta,
503 3587 585 3649 civili
594 3588 768 3648 auctoritate
780 3585 957 3663 languente,
967 3583 1081 3662 passim
1091 3585 1256 3653 exercetur,
1269 3579 1350 3656 quis-

265 3684 339 3764 quis
358 3683 494 3746 offensus
515 3691 571 3762 est,
587 3701 671 3746 arma
689 3689 792 3748 contra
811 3682 990 3745 ostensorem
1014 3680 1094 3758 capit
1116 3677 1205 3756 eique
1231 3677 1347 3736 malum

266 3800 361 3862 quam
375 3785 543 3845 maximum
556 3790 662 3865 potest,
679 3783 799 3861 infligit.
815 3784 893 3842 llrm
903 3797 973 3841 vero
987 3779 1040 3856 qui
1051 3777 1136 3855 prius
1147 3773 1349 3836 iucrstoii‘en-

266 3899 329 3965 sor,
349 3884 449 3947 evadit
468 3884 610 3959 offensus,
637 3892 727 3964 atque
750 3883 788 3944 ad
809 3899 864 3943 sus
884 3881 997 3942 damna
1018 3875 1201 3938 vindicanda·
1215 3875 1347 3936 vicissim

267 3971 421 4062 insurgit3
434 3985 520 4046 etsie
536 3985 676 4064 deinceps
687 3984 842 4046 alternans
856 3981 928 4041 hinc
941 3977 1012 4038 inde
1022 3975 1159 4038 vindicte
1173 3974 1269 4036 rabies
1282 3991 1348 4054 per-

268 4089 376 4163 petuos
389 4083 541 4144 tumultus
550 4099 584 4144 ac
596 4083 691 4145 cades
703 4081 801 4143 elficit.
912 4137 914 4140 .

309 4187 468 4260 Prolem,
487 4201 584 4263 quum
605 4184 686 4244 laesio
710 4183 803 4242 unius
823 4179 952 4241 membri
966 4179 1004 4239 sd
1020 4177 1203 4240 consortium
1226 4175 1344 4251 aliquod

269 4286 446 4364 pertinentis
460 4277 501 4345 sit
517 4284 658 4346 consortii
678 4282 876 4357 oriesiesis,
890 4281 916 4343 ei
930 4278 999 4339 talis
1013 4277 1142 4338 vindicta
1155 4275 1242 4336 ierint
1255 4274 1347 4334 iami-

269 4383 317 4444 liae
331 4385 463 4461 alicujus
477 4390 531 4445 aut
544 4383 664 4460 collegii
678 4387 731 4442 aut
746 4379 911 4462 cujuslibet
925 4378 1005 4439 alius
1016 4373 1238 4438 communitatis
1252 4389 1347 4432 mem-

268 4483 372 4561 brum,
387 4478 638 4546 omnia'membr'a
652 4483 689 4543 ad
712 4481 791 4543 iilud
815 4495 913 4542 unum
936 4477 1082 4539 tuendum
1096 4481 1184 4552 aque
1196 4472 1347 4534 uleiscen-

270 4585 343 4646 dum
352 4590 551 4660 concurrunt,
563 4589 595 4645 et
604 4584 646 4645 sic
654 4584 747 4643 unius
757 4580 890 4642 hominis
902 4577 1026 4640 offensio
1034 4572 1346 4651 centumquandnque

269 4683 383 4760 gladios
402 4685 439 4746 ad
461 4669 633 4745 feriendum
653 4682 768 4744 excitat.
784 4681 933 4757 lamvero,
954 4693 1052 4757 quum
1072 4674 1145 4736 illuc
1159 4675 1192 4733 in
1210 4673 1347 4736 societate

272 4785 408 4859 qualibet
417 4788 596 4869 perventum
605 4777 662 4857 est',
673 4781 787 4843 destnri
801 4779 849 4845 vei
861 4777 983 4840 dissolvi
997 4774 1163 4836 necessario
1180 4771 1230 4833 ills
1241 4769 1346 4844 debete
