3559 5675
468 696 528 762 att
876 708 956 755 tuan
977 708 1137 757 1111111111

468 820 580 898 optima
599 816 701 878 canus
720 814 762 894 (a)
772 858 783 891 ,
803 812 906 875 divina
929 816 1095 895 procuratio
1118 816 1149 876 in
1169 812 1514 893 Ecclesiamselundit,ut

469 904 606 981 mambra
619 917 781 997 precipua,
802 914 950 977 mmctsie
968 915 1063 997 capito
1083 915 1147 995 ipsa
1166 913 1326 996 pendeant,
1338 920 1419 993 caput
1436 921 1515 975 tamer

469 1019 806 1095 cummutationem.»
1584 1028 1585 1033 ¹

509 1123 568 1181 2¹¹·
580 1117 663 1180 Fidei
677 1116 881 1179 definitionem
905 1116 1031 1189 iaciunt,
1053 1132 1116 1179 non
1140 1116 1302 1179 intrinsece
1319 1116 1518 1193 1111111111-
1585 1103 1586 1179 l

469 1220 649 1297 ticramque,
668 1218 722 1281 sed
736 1215 932 1279 efficaciorem
958 1219 1124 1279 extrinsece
1147 1234 1181 1279 ac
1200 1215 1321 1297 populis
1342 1217 1516 1295 acceptiorem.

471 1322 635 1399 ltanempe
660 1318 800 1380 homines
822 1324 895 1379 sunt
918 1324 1028 1379 natura
1042 1318 1214 1399 comparati,
1234 1322 1280 1391 ut,
1291 1316 1370 1394 quod
1384 1318 1519 1378 1111111111
1585 1392 1586 1399 ¹

471 1422 565 1483 unius
579 1420 731 1483 actoritate
752 1426 798 1481 est
811 1418 983 1495 delinitum,
1003 1418 1100 1481 multo
1126 1418 1245 1479 facilius
1258 1420 1447 1495 securiusque
1464 1419 1520 1477 arci·

472 1522 569 1603 piant,
578 1521 703 1598 quando
718 1519 764 1579 illi
776 1534 919 1596 magnam
932 1518 1104 1599 principum
1114 1519 1247 1580 virorum
1263 1524 1293 1580 et
1306 1519 1520 1596 gravissimcmn

472 1622 634 1684 hominum
658 1620 889 1682 multitudinem
911 1619 1015 1682 vident
1042 1619 1182 1681 concordi
1208 1620 1359 1681 mutantia
1382 1618 1521 1695 snilragari.

478 1725 580 1785 «Nam
594 1721 723 1799 alleges,
733 1728 769 1782 ut
778 1722 878 1783 Canus
889 1720 1000 1781 iterum
1011 1719 1232 1795 animadvertit,
1246 1736 1316 1797 quae
1327 1720 1470 1781 communi
1481 1736 1523 1797 ep

473 1825 614 1885 limatum
625 1837 773 1883 consensu
788 1826 818 1882 et
833 1826 977 1899 rogantur
995 1820 1186 1901 atteruntur,
1203 1819 1350 1884 libentius
1362 1821 1479 1903 populus
1488 1836 1523 1879 ac

474 1923 557 2004 cipit,
571 1936 664 1999 quam
678 1921 737 1981 sia
753 1936 822 1999 rege
836 1918 1149 1981 commodaremus.»

515 2022 535 2083 3
586 2021 744 2101 Episcopos
758 2022 791 2081 in
809 2020 880 2081 fidei
903 2022 1102 2081 controversia
1113 2020 1291 2083 dissidentes
1317 2022 1355 2083 ad
1368 2035 1526 2083 communem

476 2120 613 2183 Ecclesiae
633 2120 799 2181 doctrinam
814 2119 931 2181 facilius
946 2124 1085 2183 revocem
1094 2135 1104 2197 ;
1127 2120 1269 2181 omnibus
1290 2136 1363 2183 vero
1376 2122 1475 2202 pariter
1485 2120 1527 2180 cla·

476 2220 585 2283 ticcam
603 2220 842 2299 amplioremque
871 2220 1042 2281 christiana
1063 2220 1206 2283 doctrinm
1220 2222 1360 2283 notitiam
1375 2226 1404 2282 el
1422 2234 1527 2282 amcnn
1587 2284 1588 2293 χ

474 2320 619 2401 prebent.
633 2320 666 2381 ln
678 2318 728 2381 his
741 2319 824 2381 enim
835 2319 973 2381 conciliis
987 2319 1195 2383 adectissimis
1215 2321 1391 2399 quibusque
1408 2318 1528 2395 theologia
1587 2312 1588 2315 ’

475 2420 513 2481 ad
524 2420 579 2481 illa
588 2416 808 2482 confluentibus
822 2418 1016 2481 dissidiorum
1026 2435 1124 2483 causae
1133 2436 1232 2482 coram
1248 2402 1395 2483 omnibus
1407 2420 1528 2501 explican-

478 2531 540 2601 tur,
553 2528 731 2601 argumcnta
745 2523 778 2583 in
801 2529 961 2599 utramque
980 2527 1095 2601 partem
1123 2521 1217 2584 libera
1237 2530 1455 2603 proponuntur,
1468 2520 1531 2581 died-

478 2622 584 2684 dentes
597 2622 656 2701 ipsi
669 2621 849 2699 audiuntur,
869 2621 1013 2682 catholica
1032 2621 1158 2683 demum
1172 2622 1308 2683 doctrina
1333 2625 1412 2699 tuse,
1430 2619 1531 2689 erudite.

478 2718 634 2799 diligenter
650 2722 840 2799 disquiritur,
852 2721 1013 2799 evolvitur,
1027 2721 1249 2801 comprobatur.
1265 2724 1374 2801 ltaque
1397 2724 1531 2784 landone·
1588 2766 1589 2811 ,

481 2820 565 2884 lestis
588 2817 725 2884 doctrinar
740 2819 951 2902 splendoribus
972 2819 1115 2902 perculsi,
1130 2820 1216 2900 quia
1241 2823 1401 2885 communi
1415 2820 1532 2884 mutanda
1588 2812 1589 2827 ¹

479 2929 672 2998 recesserant,
686 2923 746 2984 nisi
766 2921 897 3003 pessima
919 2922 1028 2982 mentis
1052 2921 1207 3000 animique
1219 2921 1423 2986 obstinatione
1434 2921 1531 2984 omnino

479 3024 605 3102 rigeant,
617 3041 636 3084 a
647 3023 712 3084 suis
721 3021 874 3083 erroribus
893 3021 980 3083 lacile
991 3021 1236 3084 dimovebantur.
1253 3025 1531 3104 Cateriautempra

481 3125 563 3186 sulca
576 3141 610 3187 ac
624 3124 759 3186 doctores
774 3122 919 3204 ampliore
939 3122 991 3186 illa
1013 3121 1147 3186 doctrina
1158 3123 1313 3197 illustrati,
1329 3133 1360 3187 et
1374 3124 1531 3188 scariotae

477 3223 648 3286 christianae
669 3223 823 3286 charitatis
834 3222 948 3284 solatiis
967 3224 1000 3284 in
1015 3223 1202 3285 mncdssimo
1216 3223 1271 3285 illo
1286 3230 1329 3287 tot
1343 3227 1532 3306 Episcoporun

477 3328 632 3384 coaventu
646 3323 758 3402 reiecti,
779 3339 894 3384 norum
908 3321 1070 3401 quemdam
1090 3322 1159 3384 fidel
1173 3326 1412 3404 constantiaque
1426 3327 1532 3402 rigorem

478 3430 508 3482 at
519 3422 610 3482 robur
625 3423 658 3482 in
671 3438 742 3482 snas
755 3421 899 3484 diceceses
910 3427 1060 3502 reportare
1074 3420 1181 3492 solent,
1198 3439 1259 3501 quo
1272 3423 1407 3487 Ecclesia
1420 3425 1534 3485 universa
1589 3445 1590 3448 ¹

479 3521 511 3580 in
525 3519 688 3597 pristinum
697 3520 836 3598 nitorem,
851 3519 992 3582 1111111111
1002 3519 1141 3599 maculis,
1155 3521 1334 3584 restituitur.

519 3619 625 3696 igitur,
637 3626 671 3679 ut
679 3619 781 3680 omnia
792 3620 950 3682 unoverbo
963 3619 1267 3700 comprehendamus,
1274 3621 1397 3682 concilii
1411 3617 1534 3701 generalis

477 3719 533 3782 rite
546 3718 698 3800 approbati
707 3720 824 3782 decreta
831 3718 928 3802 quoad
931 3719 986 3802 jur
995 3720 1120 3799 quidem
1134 3721 1231 3784 nihilo
1245 3722 1316 3802 plus
1326 3721 1470 3785 relentad
1483 3717 1533 3780 idei

478 3820 693 3883 conuenersias
710 3819 868 3892 finiendas,
880 3837 975 3900 quam
985 3820 1103 3883 decreta
1119 3821 1247 3882 Romani
1272 3822 1425 3885 Pontificio
1440 3822 1531 3892 unius,

478 3917 614 4001 atquocd
626 3918 741 4002 suctum
752 3921 850 3984 multo
859 3920 928 4004 plus
940 3920 1056 3984 roboris
1067 3926 1097 3982 el
1108 3919 1246 3984 efficacias
1263 3921 1295 3983 in
1307 3921 1450 3984 eumdem
1463 3921 1532 3982 linem

478 4019 602 4082 habent.

520 4126 652 4187 cotom.
667 4125 696 4185 1.
709 4157 746 4171 -
758 4125 800 4186 Ea
815 4123 946 4206 probatis
958 4121 1023 4188 hac
1032 4123 1089 4186 tria
1100 4140 1222 4204 quoque
1235 4125 1395 4188 mandaria
1413 4122 1534 4199 colligar

480 4232 552 4286 turc

522 4329 579 4386 111ιι
603 4324 755 4400 Quoniam
776 4325 991 4406 Episcoporum
1020 4325 1174 4388 renuntia
1195 4341 1230 4388 ac
1254 4326 1373 4390 decreta
1400 4334 1532 4402 nunquan

481 4430 553 4486 aunt
563 4441 615 4504 per
630 4441 663 4488 sc
674 4424 793 4502 ultima,
808 4423 862 4486 sed
880 4423 1078 4488 essentialiter
1097 4431 1222 4506 possum
1242 4443 1360 4508 semper
1373 4444 1390 4488 a
1403 4417 1533 4504 superiore

511 4635 548 4699 (a)
559 4636 594 4687 De
606 4633 654 4690 tac.
665 4635 744 4688 tirel.
755 4636 799 4691 lib.
814 4643 839 4702 t.
848 4653 905 4706 can.
916 4645 992 4706 nostr.
