3559 5675
532 688 640 735 sanun.
665 705 702 717 -
725 686 811 735 uinea
830 686 1004 741 monentes.
1250 674 1308 741 att

263 794 382 856 tuendam
397 796 579 866 securitatem
597 797 635 855 sit
649 797 860 855 necessarium.
877 800 967 877 eitum
986 796 1171 869 haecomnia,
1188 814 1255 877 qua
1274 801 1310 879 de

262 896 366 975 juribus
375 896 466 957 civilis
480 895 662 957 auctoritatis
672 895 702 954 in
717 912 787 955 suos
797 894 932 956 subditos
942 912 1013 957 vera
1027 901 1097 957 strui
1110 902 1138 957 et
1148 896 1310 975 explorata,

261 994 340 1055 multo
352 995 442 1072 magis
453 981 522 1055 veru
537 1001 566 1055 et
579 1000 658 1055 certa
673 1010 737 1053 csse
752 993 861 1054 debent
878 992 915 1053 de
926 995 1050 1073 juribus
1070 996 1198 1081 nationis¹
1211 980 1312 1077 ctrina·

259 1113 306 1173 qne
320 1094 349 1154 iu
360 1096 506 1154 nationem
519 1093 608 1157 aliam
624 1092 680 1153 sibi
695 1101 853 1171 aequatam.
872 1095 960 1171 Ergo,
972 1100 1025 1157 ete.
1155 1156 1158 1163 ,

292 1176 369 1254 nir.
389 1196 518 1279 Conona.
545 1196 573 1254 l.
594 1193 806 1265 -Quoniam
827 1194 951 1256 moralis
974 1195 1049 1266 actio
1072 1196 1163 1265 unius
1186 1197 1314 1272 patioris

259 1294 376 1353 inaliam
390 1300 449 1354 tota
463 1299 616 1381 exercetur
635 1311 653 1355 a
674 1293 811 1373 principe
834 1292 916 1353 illius
940 1293 1155 1375 inprincipeun
1178 1294 1313 1383 alterius,

258 1411 286 1452 er
300 1393 397 1453 ultima
408 1394 464 1455 bac
478 1393 630 1480 positione
643 1392 699 1452 hoc
710 1390 808 1452 solum
825 1399 940 1455 constat
953 1440 961 1470 ,
985 1393 1064 1455 nulli
1079 1392 1204 1477 principi
1226 1396 1315 1461 licere

257 1494 364 1555 alterum
388 1494 569 1575 principem,
592 1510 645 1555 seu
667 1492 820 1565 moraliter
842 1510 896 1564 seu
921 1494 1124 1573 materialiter,
1145 1512 1261 1574 eogere,
1284 1505 1317 1559 ut

258 1610 308 1655 sua
327 1593 434 1655 nationi
451 1601 564 1669 certam
587 1590 722 1670 aliquam
741 1592 918 1667 religionem
943 1594 1089 1683 imponat,
1109 1595 1181 1667 Qum
1195 1572 1317 1679 quidem

257 1696 388 1766 conclusio
410 1712 605 1775 nequaqnam
624 1696 758 1755 continet
777 1694 959 1761 solutionem
976 1694 1168 1783 problematis
1187 1696 1319 1767 iuterna-

257 1796 371 1887 ionalis,
391 1796 473 1877 qrrod
489 1814 506 1857 a
521 1794 709 1888 problemate
721 1794 840 1875 politico
863 1796 1003 1875 eiusdem
1021 1796 1140 1873 generis
1152 1795 1319 1877 plurimum

256 1895 348 1959 differt.
359 1898 478 1961 Etenim
491 1898 522 1957 in
535 1895 718 1976 problemate
733 1894 855 1977 politico
871 1896 925 1959 hoo
937 1884 1199 1981 unumquaritur,
1216 1905 1317 1977 utrum

253 1997 354 2074 publica
379 1997 545 2059 auctoritas
564 1997 657 2075 possit
678 1995 793 2059 civibus
816 1996 1041 2068 individualiter
1059 1998 1187 2076 sumptis
1208 2004 1318 2063 certam

252 2098 394 2175 quamdam
408 2096 592 2182 religionem
603 2096 767 2176 imponere,
781 2096 862 2184 qnod
877 2104 906 2158 et
919 2097 1071 2167 moraliter
1084 2102 1113 2157 et
1123 2097 1242 2177 physice
1253 2113 1321 2160 esee

251 2196 418 2277 impossibile
433 2200 500 2278 jam
524 2195 667 2262 vidimus.
683 2196 766 2258 letio
782 2211 913 2273 namque
928 2193 1122 2265 individualis
1134 2200 1179 2258 est
1193 2196 1323 2264 maxime

252 2282 444 2379 involuntarie,
458 2311 644 2375 quae,quum
660 2309 783 2371 prorsus
802 2293 920 2363 interna
934 2293 987 2371 sit,
1003 2289 1083 2353 nulli
1096 2291 1239 2355 humanae
1250 2310 1321 2356 aun-

253 2398 345 2457 toritati
367 2396 484 2460 subest.

284 2498 317 2556 lt
329 2496 448 2557 socialis
461 2511 514 2553 seu
529 2492 690 2554 nationalis
701 2492 788 2567 actio,
802 2508 835 2553 ea
852 2491 1020 2558 multorum
1034 2490 1256 2563 individuorum
1268 2508 1321 2560 ao-

252 2598 317 2659 tione
329 2598 491 2673 resultans,
503 2593 921 2671 estnecessariocxterna3his
932 2599 1033 2655 autem
1041 2592 1321 2671 multisindividnia

251 2699 400 2758 mosereari
414 2699 534 2778 oportet
547 2691 668 2780 socialia
680 2694 750 2769 jura
764 2708 825 2753 nou
838 2692 924 2767 elisa,
937 2708 1005 2771 qum
1021 2699 1093 2771 sunt
1104 2700 1133 2754 et
1146 2694 1211 2773 ipsa
1222 2690 1320 2771 quoad

252 2816 330 2859 auum
343 2780 498 2880 objectum
512 2799 648 2868 externa,
663 2792 798 2870 adeoque
822 2790 879 2854 snb
901 2790 1042 2864 humanm
1062 2792 1243 2864 auctoritatis
1258 2794 1318 2864 viru

252 2897 342 2959 callere
363 2899 505 2979 possunt.
527 2891 558 2952 st
580 2893 672 2969 igitur
684 2891 774 2952 laetio
794 2891 932 2968 qumtlam
955 2891 987 2950 in
1008 2891 1111 2968 aliqua
1124 2893 1257 2966 natione,
1272 2891 1317 2968 vel

251 3001 329 3059 etiam
342 3001 486 3079 princepe
505 2995 567 3074 ipse
588 2992 719 3052 nationis
733 2991 869 3070 ejusdem
882 2989 943 3068 lilla
960 2992 1031 3072 jura
1044 2990 1145 3068 violet,
1158 2992 1190 3050 in
1207 2991 1323 3070 proble-

252 3107 320 3158 mate
332 3080 558 3160 internatiouali
577 3093 634 3154 hou
647 3089 729 3152 aliud
751 3090 899 3169 quaritur
915 3104 923 3149 :
941 3107 979 3152 au
996 3090 1129 3178 cuipiam
1149 3089 1263 3155 nationi
1286 3089 1321 3149 li-

249 3201 336 3259 ceatvi
346 3197 480 3260 etarmis
489 3192 666 3275 intervenire
676 3189 755 3269 apud
767 3188 910 3264 illam,ad
923 3188 1131 3257 sustinendam
1142 3189 1322 3266 religionem

250 3315 329 3376 quarn
345 3316 379 3359 ea
396 3298 493 3356 libere
507 3291 565 3356 sibi
580 3293 751 3352 sectandam
766 3295 939 3367 susceperit.
960 3289 1045 3362 Quod
1062 3290 1214 3375 problema
1228 3291 1323 3355 inter-

250 3399 400 3470 nationale,
415 3395 559 3476 quamvis
571 3390 608 3454 ad
621 3393 772 3470 ob,ectnm
786 3390 879 3466 idem,
891 3391 1006 3458 scilicet
1023 3391 1177 3468 religionis
1192 3392 1322 3468 cultum,

249 3501 398 3577 pertineat,
415 3499 456 3558 ob
477 3496 681 3556 diversitatem
704 3491 832 3570 subjecti
852 3491 889 3551 de
903 3509 964 3568 qno
984 3492 1094 3579 agitur,
1118 3499 1180 3557 tarn
1197 3492 1286 3572 louge
1306 3510 1325 3554 a

251 3601 427 3676 problemate
451 3596 532 3657 civili
554 3593 663 3682 diflert,
691 3599 725 3652 ut
750 3593 904 3676 responsio
927 3590 1097 3669 affirmans,
1122 3609 1190 3670 qua
1212 3594 1324 3661 cisium

248 3695 367 3760 libertati
390 3701 424 3758 iu
445 3697 541 3775 priore
555 3683 738 3773 problemate
752 3691 1010 3773 planerepnguat,
1028 3692 1059 3749 in
1073 3677 1256 3769 problemate
1275 3692 1324 3755 in-

249 3798 432 3859 ternetionali
451 3793 626 3868 eorumdem
640 3792 752 3852 civium
767 3791 895 3855 libertati
908 3793 1014 3871 prater
1029 3789 1151 3851 ruoilum
1164 3791 1270 3852 lavaat.

283 3893 414 3959 Conona.
440 3901 469 3956 a.
484 3893 576 3954 -nd
595 3892 652 3952 lroc
669 3889 825 3970 problema
850 3886 1077 3950 internetionale
1100 3887 1279 3953 solvendum
1295 3889 1327 3948 in

251 3999 424 4058 memoriam
439 3997 489 4055 liic
506 3993 673 4055 revocanda
686 3998 839 4072 suntque
857 3995 923 4049 tum
938 3987 974 4048 de
992 3987 1116 4070 iuribus
1130 3987 1328 4066 uniuscuius-

251 4113 305 4174 que
318 4098 456 4160 hominis
472 4099 503 4155 in
517 4096 553 4155 iis
565 4111 633 4173 qua
648 4095 684 4154 ad
701 4092 876 4168 religiosum
889 4089 1005 4152 cultum
1028 4091 1188 4170 pertinent,
1210 4095 1275 4174 tum
1290 4087 1327 4147 de

250 4199 367 4276 juribus
397 4196 589 4275 singularum
623 4195 781 4254 nationum
814 4191 913 4272 quoad
950 4196 1101 4256 armatum
1127 4190 1328 4274 interventum

251 4300 323 4378 apud
340 4301 435 4360 aliam
451 4299 602 4358 nationem
623 4295 762 4374 superius
779 4282 882 4354 tradita
897 4287 979 4354 sunt.
995 4290 1131 4378 Scilicet,
1145 4287 1244 4374 quoad
1257 4292 1329 4370 jura

251 4401 491 4483 uniuscnjusque
512 4396 674 4474 individui,
699 4399 729 4454 1⁰
749 4393 890 4473 quisquis
913 4407 1073 4468 nunquam
1097 4389 1244 4459 socialiter
1264 4405 1330 4451 sesa

249 4501 385 4580 religioni
403 4497 538 4561 revelatae
560 4496 706 4575 subdidit,
729 4494 869 4573 quamvis
890 4491 953 4564 hac
975 4489 1223 4576 revelatiopossit
1241 4489 1332 4557 illurn

250 4604 366 4664 interne
381 4599 527 4689 obligare,
549 4599 575 4662 si
592 4602 659 4680 jam
675 4595 829 4665 evidenter
842 4598 910 4686 ejus
925 4595 1035 4661 veritas
1050 4592 1102 4686 illi
1112 4592 1204 4656 luerit
1221 4608 1331 4676 propo·

252 4711 317 4786 sita,
343 4707 433 4776 trulla
458 4713 559 4771 tamen
583 4707 743 4767 auctoritas
766 4719 842 4782 pure
864 4699 1001 4774 bumana
1025 4702 1080 4778 eat,
1103 4713 1170 4776 qrvae
1196 4694 1330 4771 subditos
