3559 5675
465 729 526 794 bit)
749 749 760 776 ι
873 741 954 790 rosta
975 743 1140 792 ntrunttta

505 855 642 928 Sestum,
654 851 835 932 imponendo
846 855 978 914 suaviter
990 853 1176 915 secularibus
1188 850 1375 914 societatibus
1387 851 1507 930 talejnrie

464 958 604 1031 systema,
619 954 660 1016 ita
678 970 748 1014 curn
762 951 827 1029 lege
842 952 992 1032 spirituali
1007 969 1188 1030 congruens,
1203 961 1238 1014 ut
1257 970 1317 1015 non
1330 953 1420 1015 solum
1439 955 1508 1032 possit

463 1053 594 1115 Emissis
611 1052 704 1114 libere
719 1052 797 1132 apud
818 1051 885 1113 illas
906 1069 993 1114 suam
1013 1050 1110 1130 legem
1129 1053 1281 1132 propriam
1301 1051 1509 1126 obsenarr,sed

463 1154 617 1215 reclames
631 1153 703 1234 ipen
719 1153 899 1233 temporales
913 1153 944 1213 in
959 1151 1078 1230 legibus
1087 1153 1152 1214 suis
1166 1151 1329 1215 condendis
1339 1158 1368 1214 et
1376 1167 1513 1229 exsequen-

463 1253 511 1315 dis
523 1254 646 1316 unicam
660 1253 717 1314 sibi
731 1269 868 1315 normam
882 1253 983 1315 omnis
993 1253 1069 1329 iusti
1080 1259 1110 1315 et
1123 1250 1243 1314 honesti
1255 1257 1417 1332 proponant
1427 1251 1512 1312 doctri·

463 1370 576 1416 namac
586 1353 683 1434 legem
693 1352 881 1415 cmudanae.
890 1355 952 1414 llac
960 1353 1075 1414 ratione
1084 1351 1513 1432 Ecclesiapaganasctbarbans

462 1454 600 1516 omnium
619 1453 801 1532 populorum
821 1451 903 1530 leges
916 1451 1063 1532 paulatim
1081 1453 1265 1530 immutarit,
1278 1451 1435 1512 christiam
1446 1449 1514 1511 inla·

462 1553 618 1630 gislstorea
631 1554 734 1614 animo
755 1553 869 1615 sensim
884 1551 996 1613 inluso.

501 1653 678 1734 Septimum,
692 1651 853 1729 obligando
873 1651 1043 1714 secularem
1057 1651 1265 1714 anctoritatem
1279 1657 1315 1713 ιιι
1328 1651 1406 1714 civili
1420 1667 1468 1712 sna
1478 1667 1515 1728 po

464 1753 554 1814 tentia
571 1753 609 1814 ad
628 1751 785 1814 violatores
807 1751 883 1830 legis
905 1750 1071 1830 spititualis
1088 1750 1259 1831 puniendos
1283 1757 1425 1829 uteretur,
1443 1753 1476 1810 ite
1491 1757 1516 1808 nt

462 1851 634 1916 nonsolnm
646 1852 830 1929 totnmlurie
837 1850 936 1914 civilis
947 1857 1078 1928 systema
1087 1867 1157 1913 cnm
1165 1853 1235 1930 jure
1246 1851 1442 1914 molesiastico
1449 1849 1516 1929 plane

462 1952 638 2026 consentiat,
660 1949 713 2012 aed
735 1949 783 2010 lex
806 1952 872 2032 ipsa
895 1949 1093 2012 ecclesiastica
1112 1951 1151 2010 sit
1172 1951 1263 2012 etiam
1283 1951 1319 2013 in
1339 1951 1417 2013 civili
1436 1949 1517 2011 ordine

464 2049 619 2128 'temporali
637 2047 826 2127 obligatoria.
842 2051 968 2112 Perfecit
978 2049 1008 2112 id
1023 2050 1153 2112 Ecclesia
1164 2053 1265 2113 entim
1277 2067 1314 2114 ac
1329 2051 1435 2130 potuit,
1446 2049 1517 2111 ebrie

464 2149 545 2211 tiana
557 2149 616 2211 llde
628 2148 707 2228 apud
721 2155 824 2226 gentes
837 2152 911 2212 satis
922 2149 1107 2211 confirmata
1121 2151 1165 2211 lta
1178 2150 1288 2214 tecum
1305 2157 1362 2227 est,
1376 2162 1407 2212 ut
1421 2147 1517 2210 idololr·

461 2249 530 2322 tria,
547 2249 682 2322 heresis,
697 2250 847 2329 apostasia
860 2255 890 2310 et
905 2250 966 2311 alia
979 2249 1108 2312 crimina
1123 2255 1225 2311 contra
1243 2251 1431 2330 spiritualem
1444 2250 1517 2310 socic-

462 2354 554 2410 tatem
563 2351 723 2411 commissa
732 2366 787 2429 pro
796 2349 977 2412 criminibus
986 2349 1024 2411 ad
1035 2349 1229 2430 temporalem
1237 2366 1365 2429 quoqne
1374 2351 1515 2412 societatem

462 2449 681 2528 pertinentibus
695 2449 776 2528 apud
790 2450 918 2531 populos
931 2448 1110 2511 christianos
1122 2449 1320 2515 haberentur.

504 2545 655 2628 Oetaeum,
670 2549 829 2612 stamendo
842 2557 876 2611 ut
889 2551 937 2612 lex
951 2550 1078 2630 poenalis
1095 2550 1292 2612 ecclesiastica
1312 2551 1433 2614 allectus
1449 2551 1517 2610 elien

460 2651 641 2729 temporales
653 2650 771 2728 aliquos
788 2650 926 2728 gigneret
939 2651 980 2711 ita
995 2657 1029 2711 nt
1042 2649 1106 2711 sola
1119 2650 1196 2728 legis
1206 2651 1377 2732 spiritualis
1391 2649 1519 2732 applicatio

462 2766 515 2830 per
523 2749 657 2828 jndicem
677 2750 866 2830 spiritualem
886 2750 976 2823 lacta,
990 2751 1055 2812 sinc
1068 2751 1132 2812 ullo
1144 2751 1257 2830 judicis
1278 2753 1424 2815 secularis
1444 2753 1519 2810 inter·

463 2858 567 2927 ventu,
578 2849 702 2913 eliectns
713 2850 859 2929 quosdam
873 2852 905 2911 in
921 2850 1025 2914 ordine
1039 2853 1197 2931 temporali
1212 2854 1358 2931 obtineat,
1375 2870 1455 2914 reum
1467 2866 1518 2911 con·

463 2951 640 3013 demnatum
653 2952 810 3014 efficiendo
819 2952 981 3031 indignum
992 2950 1172 3029 hononbne,
1183 2954 1311 3029 muniis,
1323 2954 1431 3029 titulis,
1439 2952 1518 3029 digni·

464 3049 586 3127 tatibus,
594 3050 632 3112 ab
642 3051 739 3129 iisqne
748 3049 1025 3113 omnibnsbacuna
1033 3066 1122 3113 cansa
1132 3052 1337 3130 prohibeatur.
1349 3055 1416 3115 llaec
1424 3052 1518 3133 proprie

464 3150 510 3212 ris
528 3149 586 3210 luit
605 3150 785 3230 paenitentiae
808 3148 938 3229 publicae
960 3150 1137 3211 in'Ecolesie
1159 3166 1255 3229 usqne
1276 3150 1313 3211 ad
1338 3152 1468 3214 seculum
1483 3148 1517 3209 tt.

463 3248 598 3329 idipsum
620 3249 752 3311 Ecclesia
772 3250 882 3311 emotis
903 3250 1132 3327 insequentibus
1152 3250 1294 3311 lectitarit
1314 3268 1369 3331 par
1383 3250 1519 3313 sententies

463 3349 574 3411 directe
586 3348 661 3411 latas
680 3350 712 3409 in
731 3364 782 3411 eos
799 3351 866 3426 qni,
880 3350 1189 3411 excommunicatione
1204 3350 1348 3431 perculsi,
1365 3348 1520 3413 ooeluiuti·

464 3466 531 3509 cnm
542 3454 720 3527 potestatem
732 3456 968 3511 contemnerent.

505 3544 623 3609 Nonum
643 3548 773 3627 denique
790 3566 825 3611 ac
841 3566 997 3611 summum
1014 3550 1141 3628 gradum
1163 3552 1246 3615 illius
1268 3554 1422 3631 potestatis
1440 3548 1521 3614 Eccle-

465 3648 510 3711 sia
532 3647 675 3723 exercuit,
700 3665 785 3727 reges
803 3650 882 3727 ipsos
906 3667 939 3711 ac
963 3651 1113 3729 principes
1133 3652 1283 3715 seculares
1302 3652 1480 3732 subjiciendo
1499 3648 1519 3705 in

466 3746 539 3827 ipsis
559 3746 776 3827 temporalibus
799 3750 965 3811 auctoritati
988 3768 1050 3811 sue
1074 3752 1236 3831 spirituali,
1249 3756 1321 3832 jura
1337 3760 1366 3815 et
1389 3748 1519 3833 privilegia

464 3845 604 3923 quedam
617 3846 655 3905 iis
668 3845 859 3920 conferendo,
874 3864 942 3926 que
954 3848 1075 3910 aliunde
1088 3852 1250 3929 nequirent
1259 3854 1392 3933 accipere
1403 3844 1517 3929 φιιιιιιιι

465 3943 615 4015 Βαιιωίιι
635 3944 821 4007 conditiones
842 3948 881 4008 iis
902 3948 1094 4028 imponendo,
1107 3966 1183 4029 quas
1203 3952 1268 4013 eine
1287 3954 1413 4013 crimine
1430 3949 1517 4012 violare

464 4059 528 4105 non
537 4050 675 4123 possent;
686 4044 818 4119 eoadem,
830 4047 884 4107 ubi
899 4046 1106 4128 deliquissent,
1120 4050 1252 4127 cogendo
1262 4052 1365 4113 subire
1378 4044 1517 4131 spiritualis

367 4215 370 4219 Α
464 4145 616 4227 &beistis
630 4142 794 4223 judicium,
812 4162 978 4225 perumque
999 4147 1037 4209 ab
1057 4148 1162 4211 eadem
1182 4149 1334 4229 decretas;
1356 4156 1515 4232 postrenum

466 4258 550 4319 ¹03oe
569 4260 623 4321 1³0¹
643 4244 885 4307 Meliorem
908 4250 1026 4327 proprie
1050 4266 1105 4311 sua
1127 4252 1301 4314 suobrilate
1321 4250 1462 4323 creando,
1481 4242 1515 4303 rel

467 4339 637 4416 deliciando
649 4361 703 4423 per
712 4342 930 4425 depositiones.
945 4348 1018 4421 Qua
1030 4350 1132 4411 omnia
1146 4350 1214 4413 lecit
1224 4351 1365 4429 Emlesn,
1377 4346 1515 4412 latentibus

465 4438 572 4517 ntique
593 4440 675 4503 illins
697 4442 835 4507 hostibus
857 4462 892 4508 ac
912 4446 1103 4511 vehementer
1124 4450 1379 4525 succensentibus,
1395 4466 1413 4511 a
1429 4450 1514 4526 quarto

465 4537 567 4601 seculo
581 4556 633 4619 per
642 4548 738 4603 ιοιιιιιι
752 4542 888 4605 metliurn
901 4562 1012 4623 arum,
1025 4548 1119 4610 donec
1131 4566 1247 4630 pagana
1260 4549 1410 4612 barbaries
1422 4550 1510 4607 tumn

463 4636 564 4699 civilia
577 4646 608 4700 et
620 4640 738 4719 politica
752 4644 899 4720 gnbernia
915 4648 1007 4710 simul
1019 4653 1048 4710 et
1062 4648 1230 4712 litterarum
1244 4657 1332 4731 atque
1345 4649 1449 4712 artium
1459 4652 1510 4704 stu·

464 4734 514 4799 dia
527 4738 647 4801 incasit.
663 4740 811 4805 liutenns
825 4763 860 4807 cr
875 4746 997 4826 bolano,
1011 4748 1074 4811 viro
1087 4748 1264 4813 clarissimo.
