3559 5675
440 720 480 781 36
846 732 928 779 rnnrs
947 732 1110 781 sarmento

441 859 514 903 esse
527 846 641 906 statum
669 839 803 900 humano
830 839 933 916 generi
962 840 1150 913 naturalem
1176 858 1268 919 mam
1294 844 1524 906 oonoiusionem

441 958 543 1003 revera
557 938 723 1001 Hohhesius
742 936 811 999 inde
825 936 958 1005 deduxit.

479 1044 582 1119 inqua
599 1040 632 1101 in
651 1038 778 1119 positiva
796 1039 947 1107 honorum
967 1039 1182 1125 communione
1195 1046 1273 1105 reete
1290 1043 1415 1123 quidem
1429 1046 1524 1109 mul.

429 1142 561 1220 'ligimus
572 1139 716 1202 omnihus
729 1137 880 1201 essooiatis
893 1140 1069 1204 communia
1077 1156 1148 1201 asse
1161 1141 1251 1220 boot,
1263 1145 1335 1221 quia
1348 1160 1456 1207 omues
1468 1146 1523 1209 ilii

437 1234 603 1303 excludunt
624 1254 730 1299 omnes
744 1253 806 1299 uon
829 1238 998 1301 umatus.
1014 1241 1052 1301 ht
1071 1240 1105 1313 ip
1122 1241 1274 1321 primitiva
1294 1242 1456 1305 homiuum
1470 1262 1525 1307 so-

437 1340 550 1411 cietate,
572 1335 652 1415 quod
674 1337 812 1398 omnium
841 1336 961 1412 fuisset,
985 1355 1090 1418 reapse
1112 1340 1221 1402 fuisset
1248 1342 1401 1409 neminis.¹
1415 1344 1523 1417 Quare

439 1439 555 1504 fallitur
575 1438 792 1516 Montesquius‚
808 1437 861 1499 uhi
875 1436 1007 1500 affirmat
1023 1439 1137 1518 primos
1157 1439 1297 1505 hominos
1319 1442 1457 1505 onerati
1466 1443 1523 1507 bo·

443 1559 548 1603 norum
559 1537 756 1601 conmuniooi
766 1542 958 1617 renuntiasse,
973 1547 1009 1599 ot
1021 1536 1073 1600 sut
1089 1538 1225 1601 ciuilibus
1246 1540 1359 1623 troitus
1373 1543 1522 1605 oimt.

440 1642 530 1705 Nulla
547 1640 630 1703 enim
649 1638 797 1717 ejusmodi
820 1654 957 1716 unquam
969 1639 1028 1701 init
1044 1638 1194 1701 honorum
1214 1640 1304 1706 realis
1323 1644 1523 1709 eommunio:

440 1746 567 1825 ejumue
588 1741 667 1803 tiotio
681 1739 813 1809 exoritur
826 1739 864 1800 ab
884 1740 1063 1817 imaginaria
1085 1742 1235 1803 creatione
1249 1748 1344 1806 status
1359 1746 1524 1823 eujusdam

440 1843 538 1907 oivilis
547 1841 664 1917 factitii,
675 1844 778 1903 eontra
790 1856 883 1918 quem
897 1840 1043 1917 satisjam
1051 1839 1273 1920 disputavimus
1287 1843 1340 1908 lih.
1351 1843 1396 1919 4⁰,
1407 1861 1475 1925 esp.
1487 1848 1523 1921 t,

441 1950 497 2007 art.
514 1941 544 2004 3.

482 2042 568 2119 Quod
589 2042 614 2104 si
628 2041 780 2121 primitiva
799 2040 950 2103 honorum
972 2042 1147 2105 communio
1166 2044 1331 2106 ooostitisse
1349 2044 1467 2109 ditatur
1485 2049 1523 2109 in

441 2148 499 2209 hoo
520 2144 631 2221 solum,
643 2141 726 2221 quod
746 2158 852 2205 omnes
869 2148 900 2203 et
911 2142 1027 2220 singuli
1045 2142 1186 2213 homiues
1199 2145 1272 2223 jure
1291 2152 1415 2226 possent
1432 2152 1526 2212 um

441 2246 587 2309 trueuhus
605 2243 642 2305 ad
659 2259 746 2303 suam
758 2242 856 2304 uitam
878 2244 1113 2308 oonserrandam
1134 2245 1191 2317 uti,
1204 2246 1277 2309 huie
1293 2249 1359 2324 J'uri
1378 2248 1525 2314 homines

439 2347 571 2429 proiecto
584 2362 641 2409 nee
655 2360 792 2423 nunquam
803 2344 1028 2422 renuntiarunt,
1040 2360 1095 2406 neo
1106 2346 1280 2409 moustiers
1290 2355 1436 2427 poteraut.

479 2447 550 2511 780.
568 2448 637 2509 Pos.
656 2446 740 2507 372¹.
751 2478 790 2489 —
805 2446 848 2505 Er
859 2444 929 2520 jure
939 2442 1088 2505 naturalis
1098 2444 1337 2525 independenter
1350 2455 1425 2511 otor
1438 2450 1523 2515 teoto
1620 2497 1621 2526 2

440 2544 759 2611 neeessariaoultura
779 2543 945 2620 acquiritur
962 2543 1081 2605 homini
1101 2545 1238 2608 naturale
1259 2547 1442 2630 dominium,
1462 2568 1522 2615 ssu

436 2646 617 2729 proprietas,
631 2642 718 2707 tundi
729 2642 855 2705 stabilis.
1387 2654 1393 2667 ·

482 2750 576 2809 pnon.
588 2777 626 2792 -
637 2746 771 2825 spectata
781 2741 845 2805 sola
856 2743 1011 2805 communi
1025 2750 1135 2807 natura
1144 2746 1294 2825 humana,
1306 2749 1413 2821 nullus
1424 2751 1521 2817 homo

442 2849 569 2927 obligari
592 2853 698 2928 potest,
721 2851 754 2908 ut
775 2844 861 2908 alteri
882 2845 991 2907 seruiat
1017 2845 1114 2928 (447).
1143 2851 1245 2924 Quum
1272 2851 1355 2914 euim
1383 2861 1519 2934 respectu

442 2955 555 3016 natura
569 2965 675 3014 omues
695 2947 834 3010 homines
846 2947 909 3008 siut
920 2947 1063 3026 aequales,
1081 2949 1168 3013 nulia
1179 2953 1255 3015 ratio
1268 2954 1397 3016 inueniri
1410 2959 1519 3034 potest,

441 3067 495 3114 our
509 3049 558 3112 hio
579 3050 699 3124 serviat,
716 3049 763 3110 illi
783 3064 851 3110 vero
868 3048 1029 3110 serviatur.
1052 3051 1131 3125 urso
1152 3052 1301 3131 quitquid
1323 3071 1392 3116 meo
1416 3055 1520 3118 labore

443 3151 549 3228 efficio,
566 3155 611 3211 est
625 3149 684 3210 mei
700 3149 780 3229 juris
797 3148 872 3210 etad
888 3166 939 3210 me
957 3165 1053 3212 unum
1066 3151 1212 3228 pertiuet3
1225 3153 1299 3230 quia
1317 3163 1362 3216 est
1379 3155 1519 3232 numm

445 3249 506 3310 mei
517 3247 615 3327 ipsius
629 3265 708 3328 pars.
722 3248 840 3310 Etenim
858 3246 1006 3325 quidquid
1027 3264 1096 3310 moo
1107 3248 1209 3314 labore
1229 3253 1360 3331 produoo
1372 3261 1418 3316 est
1430 3270 1520 3317 meus

444 3347 586 3412 effeetus:
610 3345 732 3410 effeetus
750 3355 853 3410 autem
866 3353 911 3408 est
927 3365 998 3428 pars
1011 3365 1075 3412 snas
1093 3366 1203 3432 oense,
1219 3354 1291 3431 qrria
1307 3355 1407 3416 inilia
1425 3357 1521 3418 oouti-

444 3455 534 3512 netur
544 3448 582 3510 ah
596 3455 692 3530 esque
709 3449 854 3511 dimanat.
867 3450 946 3525 Ergo
962 3448 1102 3527 quisquis
1112 3452 1172 3512 mei
1185 3452 1296 3516 laboris
1313 3455 1444 3518 iruohrm
1456 3456 1519 3518 ali·

442 3569 535 3634 quem
550 3553 722 3630 usurparet,
736 3553 853 3630 raperet
864 3547 945 3626 quod
957 3565 1053 3610 meum
1065 3555 1123 3628 est,
1139 3551 1361 3638 idque-raperet
1371 3555 1438 3616 une
1452 3555 1520 3619 ullo

437 3655 509 3732 jure
535 3665 716 3730 quoeunque
742 3667 749 3708 ι
777 3649 809 3710 in
834 3646 994 3726 hypothesi
1020 3666 1154 3729 namquo
1182 3653 1328 3716 uatumlh
1355 3653 1519 3718 hominnm

443 3751 621 3832 equalitatis
633 3755 662 3811 et
673 3748 912 3828 independentite
929 3766 1097 3814 versamur.

475 3853 574 3932 utqui
591 3847 622 3914 1⁰
635 3850 723 3912 tundi
746 3849 866 3912 stahiies
884 3850 957 3913 su'ut
970 3854 1098 3915 omniuo
1114 3854 1152 3915 ad
1171 3854 1264 3916 uitam
1283 3857 1519 3921 eonservandam

444 3953 621 4030 neeessarii;
635 3969 671 4014 ex
686 3951 724 4012 iis
743 3965 874 4029 namquo
894 3951 1065 4015 educuntur
1084 3953 1229 4015 alimenta
1245 3956 1358 4034 quihus
1373 3959 1435 4019 vita
1453 3975 1522 4020 sus·

441 4060 574 4133 tsntatur
595 4067 629 4114 ao
640 4050 776 4127 tonatur,
797 4057 827 4112 et
845 4053 985 4114 materies
1007 4052 1090 4114 unde
1108 4059 1206 4116 vestes
1223 4071 1258 4116 ao
1271 4057 1354 4118 varia
1375 4055 1520 4120 utensiiia

441 4154 652 4220 ooniieiuntur.

486 4259 519 4316 2⁰
533 4252 630 4316 Fundi
645 4251 778 4332 stabiles,
793 4259 826 4315 ut
843 4269 894 4316 eos
912 4253 1027 4316 fruetus
1045 4271 1155 4333 easque
1167 4271 1240 4336 opes
1253 4255 1369 4318 homiui
1381 4258 1522 4340 suppetit·

443 4361 518 4430 tent,
534 4353 622 4429 longa
642 4360 671 4416 et
685 4353 834 4416 laboriosa
856 4359 885 4414 et
902 4356 1050 4417 oonstanti
1066 4355 1203 4433 indigent
1215 4357 1333 4419 entitura
1347 4375 1356 4419 τ
1371 4374 1440 4436 quan
1452 4360 1521 4422 oui·

442 4461 511 4516 tura
525 4452 725 4516 identiiioatur
739 4469 809 4516 oum
824 4453 918 4515 tundo
932 4455 997 4532 ipso
1010 4454 1111 4518 stabili
1123 4473 1177 4535 per
1189 4457 1323 4520 hominis
1336 4457 1520 4522 industrium

442 4561 472 4617 et
494 4555 628 4618 lahorem
650 4553 778 4617 exculto.
803 4556 880 4631 Ergo
900 4570 997 4631 quum
1018 4554 1148 4616 tondum
1167 4557 1284 4637 primus
1302 4559 1372 4634 quis
1391 4537 1519 4634 excolit,

439 4657 555 4720 fundus
579 4659 644 4736 ipsa
670 4657 713 4718 sio
734 4656 870 4718 oxouitus
894 4661 940 4717 est
961 4659 1028 4734 ejus
1051 4653 1190 4735 effeetus,
1206 4658 1345 4738 adeoquo
1368 4659 1405 4724 ad
1430 4660 1521 4724 illum

441 4775 553 4835 unum,
572 4764 607 4822 ut
625 4757 665 4820 ad
681 4773 768 4818 suam
788 4773 922 4834 seusun,
942 4759 1081 4836 pertinet.
1103 4761 1193 4838 Ergo,
1209 4765 1266 4822 eto.
1328 4806 1335 4814 .
