3559 5675
573 785 682 834 stura.
722 805 743 818 -
766 757 853 834 erasa
871 787 971 836 mnus.
1257 769 1318 843 Ἀθ

269 893 293 948 et
309 887 409 954 meum
425 892 504 970 quod
523 909 559 956 ex
577 893 630 956 iila
644 897 789 972 speratur.
806 909 866 958 non
880 899 927 958 eu
946 893 1072 966 bonum,
1090 895 1149 960 nisi
1162 896 1317 975 supposito

268 987 357 1048 delicto
370 993 431 1066 jam
450 996 620 1056 summisso.
643 995 718 1070 Ergo
737 993 855 1056 socialis
872 995 1031 1058 auctoritas
1051 994 1152 1068 debet,
1171 997 1316 1072 quonum

268 1091 512 1164 pastinaticum
531 1095 601 1172 ejtu
621 1093 695 1154 mali
714 1094 918 1156 nenessitatem
936 1096 1114 1175 opportunis
1125 1095 1317 1164 cautionibus

266 1188 380 1248 minuere
394 1211 401 1249 ι
413 1199 503 1269 atque
525 1193 566 1262 ita
584 1193 694 1273 duplex
714 1193 829 1269 malum
851 1192 1005 1272 impediet,
1027 1194 1145 1259 matum
1165 1194 1266 1260 delicti
1277 1200 1316 1266 ‚ct

266 1287 546 1368 nuuupuuntenir,
574 1335 576 1340 -

294 1388 353 1452 980.
368 1390 496 1457 Cornu.
508 1424 551 1448 ·-.
561 1394 683 1458 societte
695 1395 771 1458 actio
782 1393 891 1458 delicta
902 1392 1085 1472 preveniens
1095 1391 1204 1471 petitu
1217 1406 1315 1470 greco

264 1487 363 1551 nmen
378 1492 521 1572 appellari
541 1495 626 1557 snlet.
641 1496 707 1556 tarn
727 1493 837 1574 politiae
852 1499 965 1572 quauta
977 1492 1018 1558 sit
1030 1494 1061 1552 in
1075 1493 1158 1554 cirili
1178 1493 1315 1556 societate

262 1586 365 1664 utilius,
374 1597 492 1667 quantae
502 1593 677 1658 bominibus
686 1595 821 1673 politiam
835 1594 1009 1679 gerentibus
1022 1592 1124 1670 gratiae
1135 1591 1313 1664 debeantur,

260 1701 286 1746 u
303 1688 364 1762 ejrrs
382 1697 489 1752 nature
512 1693 704 1754 menifestum
728 1699 782 1754 est.
811 1693 923 1756 Politian
943 1707 1078 1769 namque
1096 1689 1314 1752 administratio

258 1781 388 1862 ingentem
402 1805 567 1854 numerum
581 1791 787 1856 hominemex
799 1792 884 1855 omni
894 1798 972 1863 stetu
990 1791 1167 1854 selectorum
1181 1787 1314 1863 adhibet,

258 1888 284 1939 nt
294 1883 311 1944 ii
321 1884 370 1949 diu
385 1895 540 1966 nostrique
557 1889 636 1960 vita,
651 1890 769 1964 honori,
784 1889 926 1968 torturis,
944 1890 1096 1952 securitati
1115 1888 1254 1955 omnium
1267 1887 1314 1951 iu-

257 1977 463 2054 diseriminatim
477 1989 591 2053 eivitnu
606 1989 726 2052 mendis
738 1990 904 2066 inv-igilent.
917 1993 1055 2055 tuamen
1063 1989 1144 2075 apud
1153 1989 1313 2068 plerosque

255 2078 318 2138 eires
336 2081 447 2146 invitia
468 2093 562 2163 atque
580 2087 649 2148 odiu
670 2088 840 2160 institutum
853 2089 911 2150 buc
928 2088 1162 2151 saluberrimum
1183 2085 1308 2147 laborat.

254 2172 330 2253 cnjus
342 2182 383 2244 rei
396 2183 560 2262 multiplex
580 2203 667 2254 cause
687 2192 743 2250 cst.
763 2190 836 2250 llam
855 2191 885 2248 l⁰
899 2188 993 2251 multa
1010 2189 1124 2264 passim
1138 2189 1311 2263 multarunt,

254 2293 307 2354 qua
323 2281 352 2342 in
371 2284 490 2362 politis¹
506 2288 651 2348 ministris
671 2289 775 2350 edium
798 2292 942 2369 pariunt:
964 2288 1123 2354 calumniae
1143 2293 1174 2352 et
1191 2285 1312 2346 dnnria

253 2375 455 2458 imeneorum,
472 2387 528 2463 (lui
546 2387 655 2464 petitia
670 2389 856 2464 vigilantiam
871 2393 1011 2451 metuunt
1019 2409 1030 2463 3
1045 2386 1165 2463 ignaris
1183 2383 1311 2446 stolido·

253 2493 319 2552 run,
339 2483 390 2558 qui
410 2485 584 2548 caltimnias
602 2487 640 2550 ab
656 2489 802 2566 improbis
822 2489 853 2550 in
873 2487 985 2564 vulgus
1006 2491 1180 2566 propagatas
1201 2489 1312 2557 umere

252 2577 375 2658 uadunt3
395 2583 601 2662 imprudentia
614 2587 661 2648 rel
680 2588 827 2666 injustitia
845 2588 1016 2666 aliquorum
1029 2585 1140 2665 politiae
1156 2582 1312 2653 ministros

251 2691 317 2752 rum,
328 2681 378 2756 qui
390 2683 497 2762 populi
513 2687 709 2762 querimoniis
722 2689 907 2749 occasionem
925 2687 1077 2766 pracbent;
1092 2684 1174 2744 talen
1190 2681 1311 2750 thuorin

251 2777 356 2841 naides
368 2799 436 2860 quaa
449 2786 659 2851 auctoritatem
669 2803 791 2854 omuern
804 2787 939 2851 micum
950 2787 1062 2867 populo
1075 2783 1219 2847 elidunt.

282 2881 310 2936 i·
320 2880 421 2949 Politia
431 2888 494 2948 tota
503 2890 549 2947 est
560 2886 591 2949 in
601 2888 745 2951 maleticis
755 2888 944 2967 passionibus
955 2883 1142 2958 cohibendis,
1149 2890 1309 2960 uuteqrrarn

251 2978 428 3045 eadelictum
437 2987 626 3051 committant
633 3002 644 3065 3
659 2998 748 3065 atque
757 2988 797 3049 ita
804 2988 884 3065 J'uris
896 2986 1023 3067 poenalis
1034 2983 1178 3045 iuvidiam
1188 2998 1309 3043 canneru

249 3075 367 3157 incurrit,
388 3084 467 3161 qirin
491 3088 596 3163 possit,
611 3086 647 3152 att
667 3087 746 3159 banc
765 3085 936 3150 leniendam
953 3082 1111 3157 insidiam,
1127 3078 1309 3142 humandum

249 3189 397 3245 monstrare
419 3193 574 3263 aspectum
595 3186 706 3261 delicti,
721 3186 801 3266 quod
821 3188 858 3247 ab
887 3186 940 3247 illa
960 3189 1198 3265 praeoccupatum
1220 3188 1310 3257 atque

249 3276 422 3357 mpeditum.
452 3301 517 3347 sose
538 3286 664 3373 prodere
681 3290 797 3367 nequit
819 3290 899 3367 lingo
922 3285 1077 3355 beneficia,
1102 3298 1170 3361 qum
1191 3300 1209 3341 a
1231 3286 1310 3340 rectu

248 3378 343 3455 politia
356 3384 616 3447 administratione
632 3388 754 3449 societas
774 3388 890 3467 accipit,
905 3391 977 3447 sunt
997 3384 1193 3446 essentialiter
1212 3378 1310 3442 abrlita

249 3482 271 3535 tt
286 3496 302 3539 a
317 3484 420 3563 pepuli
444 3490 603 3563 conspectu
616 3493 746 3559 ‚remota
769 3488 868 3561 Quare
890 3486 1001 3562 vulgus
1020 3484 1160 3560 ignarum
1179 3479 1310 3552 rirrcula,

248 3578 345 3653 quibus
357 3598 375 3642 a
385 3583 490 3661 politia
498 3566 707 3663 obstringitur,
720 3588 871 3666 persentit,
882 3590 957 3663 quin
966 3585 1074 3661 cogitet
1086 3583 1216 3643 infinitas
1229 3581 1309 3641 esla-

247 3678 363 3759 tuitatea,
377 3700 394 3743 a
406 3682 520 3760 quibus
533 3683 609 3747 illud
619 3703 653 3746 ea
663 3684 782 3748 vincula
794 3686 968 3747 detendunt.
980 3683 1103 3761 Quodsi
1114 3683 1309 3761 quandoque,

248 3776 338 3853 politia
351 3780 541 3859 dormitante,
559 3784 664 3847 deiru
679 3802 731 3863 per
745 3794 876 3865 apertam
892 3784 1049 3847 audaciam
1061 3782 1151 3847 urbes
1163 3796 1312 3857 manuue

247 3888 447 3957 mrtagentur,
460 3888 524 3945 tum
534 3901 603 3947 rere
613 3884 779 3950 salutarem
789 3884 900 3966 politia
912 3884 1038 3947 tutelam
1051 3888 1192 3973 umnaaet
1201 3882 1311 3944 sendra

246 3982 271 4040 ct
286 3979 419 4045 invocare
435 3984 594 4064 incipiunt.
1221 4007 1224 4016 ·

280 4078 312 4143 3⁰
325 4084 389 4145 Nun
404 4082 635 4149 solumeffectns
647 4087 704 4166 ipsi
715 4085 852 4161 benefici,
866 4102 944 4164 quoa
958 4086 1061 4166 politia
1074 4082 1206 4146 societati
1220 4083 1308 4160 parit,

246 4188 308 4241 sunt
320 4183 519 4247 mmntialiter
531 4186 660 4258 nbsmrri,
676 4186 827 4249 sedetiam
839 4187 938 4249 media
947 4185 1060 4263 quibus
1071 4182 1108 4245 ed
1122 4200 1173 4245 eos
1185 4183 1311 4259 gignen-

246 4274 508 4361 innotuerunt
529 4288 725 4354 euentialner
745 4294 867 4349 merem.
888 4286 1008 4347 Debent·
1022 4285 1104 4345 euim
1127 4282 1191 4345 bac
1213 4280 1312 4345 media

247 4380 345 4459 uppem
356 4384 564 4447 secretissimis
571 4384 712 4449 bumana
724 4384 922 4467 improbitatis
931 4384 1064 4447 consilii
1071 4390 1101 4444 et
1108 4381 1313 4451 muniminis

248 4472 402 4549 intensae
414 4482 586 4561 iraudibus,
606 4502 683 4562 uuas
700 4486 815 4551 ueluti
830 4484 985 4559 homines,
1000 4484 1131 4546 naturali
1150 4484 1310 4559 instinctu,

247 4577 361 4653 nuce.
384 4584 724 4665 securitate-perducti,
745 4584 934 4649 denuuinls
951 4591 1100 4649 contectas
1121 4584 1254 4646 nnebris
1272 4580 1309 4643 au

248 4678 346 4753 trabea
373 4682 605 4763 innocentesque
623 4687 761 4749 beminen
782 4686 947 4766 undantius
972 4692 1130 4765 totumque
1149 4681 1312 4761 aliquando

249 4778 378 4845 molem
396 4784 528 4849 eminent
548 4786 785 4851 lambentium
801 4794 917 4868 parant.
935 4788 1073 4849 tamnaco
1090 4790 1235 4847 seemtum
1249 4798 1312 4861 uuo
