3559 5675
529 727 636 777 ιιιιιιιι,
660 742 701 757 -
724 723 808 770 maen
829 720 998 771 annnorum.
1247 704 1307 768 365

268 840 359 920 quavis
377 837 431 899 alia
451 836 530 896 natio
542 833 630 894 debet
650 832 678 891 ei
705 830 856 903 similiter,
869 833 1016 905 qnantum
1031 830 1137 904 potest,
1151 826 1303 906 opitulari,

265 936 468 1002 etiamsianulla
482 934 628 997 societatis
642 930 837 1011 periclitantis
849 934 931 1006 parte
945 925 1113 987 advocetur.
1129 926 1208 986 Talis
1222 927 1305 987 enim

265 1040 374 1101 nationis
386 1037 481 1098 amicae
502 1034 701 1108 interuentus,
720 1031 774 1106 qui
788 1028 954 1103 legitimam
966 1025 1171 1086 auctoritatem
1192 1026 1239 1086 ab·
1251 1027 1307 1087 im-

264 1142 399 1221 probomm
419 1131 608 1215 oppressione
635 1131 790 1193 liberatam
805 1129 839 1187 in
852 1127 990 1187 societate
1014 1124 1069 1185 illa
1082 1126 1253 1203 perturbata
1266 1127 1309 1187 sio

263 1241 378 1315 restituit,
399 1246 486 1298 ntea
520 1234 620 1295 denuo
641 1231 734 1312 possit
762 1228 856 1289 libere
885 1242 956 1287 suos
987 1240 1092 1286 omnes
1112 1226 1246 1287 subditos
1271 1226 1309 1286 ad

263 1356 399 1403 commune
411 1339 524 1399 bonnm
546 1334 704 1395 efficaciter
720 1329 871 1402 ordinare,
891 1326 977 1387 nullo
993 1339 1076 1404 paeto
1099 1328 1309 1405 estnsnrpatiu

260 1442 323 1520 juris
331 1440 428 1500 alienae
439 1436 588 1497 societatis
600 1430 785 1505 ordinandae,
800 1427 852 1489 sed
864 1427 965 1487 solum
983 1431 1028 1485 est
1043 1423 1213 1501 legitimum
1231 1424 1311 1485 ordi·

261 1548 373 1599 notorem
387 1539 419 1597 in
439 1552 494 1596 sua
506 1537 598 1611 jura,
623 1530 729 1607 utique
740 1528 890 1587 volentem
901 1524 1093 1599 ,restituere
1104 1522 1221 1583 Etenim
1233 1522 1310 1599 legi-

262 1640 336 1697 timus
356 1636 514 1710 ordinator,
529 1632 722 1695 suetostornm
746 1627 777 1686 ri
791 1639 962 1704 oppressus,
978 1622 1114 1699 quamvis
1124 1622 1309 1683 voluntatem

260 1756 330 1798 ιιιιιι
340 1734 604 1812 liberesignitioare
615 1734 755 1806 nequeat,
767 1723 1047 1788 certissimeitamen
1058 1722 1310 1807 censendussem-

260 1842 348 1915 perest
357 1836 487 1897 alienam
501 1848 588 1911 opem
600 1830 633 1889 in
644 1835 773 1905 utroque
793 1824 846 1885 illo
857 1840 929 1885 casu
944 1828 973 1882 et
986 1818 1060 1881 velie
1075 1827 1104 1881 et
1120 1821 1206 1894 tacite
1223 1822 1309 1882 invo-

259 1954 311 1998 care
324 1936 410 2014 :qnia
424 1930 626 1996 essentialiter
638 1926 798 1988 auctoritas
818 1922 884 1985 rnlt
897 1922 1076 1999 gubernare,
1091 1920 1169 1980 sicut
1187 1919 1312 1982 facultas

258 2039 339 2097 omnis
349 2032 546 2097 essentialiter
558 2027 623 2088 vult
645 2042 700 2105 pro
720 2042 776 2085 sna
792 2027 901 2083 natura
915 2020 1043 2101 operari.
1062 2019 1148 2096 Ergo,
1163 2022 1219 2079 eto.

289 2135 365 2197 illo.
381 2139 447 2197 Pus.
463 2131 546 2194 567⁸.
563 2128 729 2204 —Siqnis,
748 2123 883 2201 legitimo
904 2122 1037 2200 principe
1057 2120 1182 2195 dejecto,
1203 2120 1312 2197 princi-

257 2244 340 2317 patum
367 2236 480 2314 iniusto
502 2230 581 2311 apud
607 2228 760 2290 nationem
783 2222 955 2301 quamlibet
976 2220 1175 2298 usurpaverit,
1207 2236 1313 2281 omnes

256 2338 372 2397 ustiones
392 2336 473 2408 aliae,
495 2330 554 2393 nisi
579 2330 674 2392 obstet
694 2323 876 2405 prescriptio
887 2367 898 2398 ,
924 2325 1050 2400 possunt
1078 2334 1112 2381 ac
1130 2318 1239 2383 debent
1259 2333 1313 2397 pro

255 2434 350 2497 viribus
362 2436 500 2513 legitimo
522 2429 649 2510 principi
663 2423 806 2505 opitulari
823 2421 861 2481 ad
881 2420 971 2480 illum
991 2420 1024 2479 in
1046 2420 1119 2496 jura
1143 2432 1197 2478 sua
1221 2418 1314 2479 resti-

256 2535 390 2597 tuendum.
484 2544 487 2549 ·
1159 2542 1176 2567 -’

286 2640 369 2697 Pron.
380 2668 420 2679 -
430 2632 605 2695 Relationes
618 2642 724 2688 omnes
737 2618 984 2685 internetionales
994 2617 1031 2679 ad
1044 2616 1199 2696 politicum
1213 2620 1314 2694 onius-

255 2754 301 2814 qne
312 2720 435 2798 naboris
451 2732 591 2794 ordinem
613 2724 768 2787 immediat
790 2726 953 2801 spectante,
970 2724 1005 2777 nt
1021 2718 1161 2797 superins
1178 2719 1312 2779 ostendi-

255 2853 302 2897 nus
313 2855 342 2898 ιι.
358 2837 445 2899 1137.
458 2832 551 2911 Atqui
562 2828 741 2904 omniajnra
754 2822 869 2886 ordinis
883 2818 993 2900 politici
1008 2832 1070 2878 non
1083 2816 1115 2878 in
1127 2824 1313 2898 usurpatore,

255 2939 296 2998 sed
308 2939 402 3000 solnm
425 2939 460 2996 in
476 2933 611 3010 legitimo
634 2927 769 3008 principe
789 2922 932 2999 resident,
958 2917 1110 2996 quamdin
1124 2919 1174 2979 bic
1193 2919 1315 2996 politice

253 3041 459 3120 prascriptione
474 3041 526 3096 aut
537 3033 620 3109 justa
630 3028 687 3088 alia
697 3041 787 3087 cansa
799 3026 918 3112 nonest
931 3017 1122 3095 illisJ'uribus
1135 3017 1312 3096 destitulns3

254 3142 321 3218 quod
344 3157 415 3202 sane
434 3141 504 3217 jam
529 3129 722 3212 probavimus
747 3141 778 3184 u.
796 3121 878 3182 695.
901 3121 979 3195 Ergo
998 3118 1112 3196 qnaeris
1129 3116 1189 3176 elia
1216 3119 1314 3192 natio,

254 3241 384 3318 quamdin
399 3243 477 3320 jnra
498 3233 615 3315 politica
638 3227 774 3304 legitimo
797 3213 1041 3301 prinoipi'stane
1065 3224 1183 3278 tenetur
1205 3219 1316 3280 amoris

254 3339 482 3403 intemalionalis
498 3333 597 3396 ollioio
611 3330 648 3390 ad
667 3328 712 3388 tili
727 3340 815 3403 opem
824 3320 992 3393 ferendam,
1004 3325 1040 3378 ut
1050 3335 1175 3378 snorum
1185 3318 1316 3396 jurium,

254 3451 417 3524 usurpatore
440 3437 568 3518 expulso
592 3450 626 3493 ao
639 3430 730 3506 digne
744 3426 899 3500 castigato,
913 3421 1132 3500 possessionem
1152 3426 1317 3498 recuperet,

254 3544 303 3602 nisi
316 3559 404 3620 grave
422 3541 573 3601 damnum
595 3527 702 3592 exinde
718 3525 775 3587 sibi
800 3523 868 3602 ipsi,
895 3528 947 3581 aut
961 3524 1092 3598 majores
1111 3519 1225 3580 nationi
1247 3535 1316 3598 per·

255 3644 365 3704 urbere
378 3637 565 3703 calamitates
579 3631 685 3691 merito
695 3627 809 3685 timeat.
827 3645 829 3648 ’
939 3657 944 3664 -

288 3745 371 3805 1150,
385 3745 459 3804 pos.
476 3738 600 3798 bolie-
607 3729 853 3804 Quotiescunque
861 3740 897 3783 er
909 3721 1035 3782 internis
1048 3720 1181 3780 motibus
1194 3722 1247 3797 qui
1264 3737 1319 3782 na·

255 3845 356 3904 tionem
370 3844 509 3919 aliquam
524 3831 708 3916 perturbant,
725 3841 854 3906 presens
887 3821 1056 3901 periculum
1083 3821 1179 3880 ricino
1211 3822 1320 3898 populo
1340 3851 1343 3858 ·

254 3946 390 4019 gignitur,
408 3945 508 4021 potest
521 3935 571 3995 hic
592 3933 622 3991 vi
644 3935 673 3990 et
687 3928 782 3987 armis
802 3922 882 4002 apud
900 3922 990 3980 illam.
1003 3917 1039 3979 ad
1069 3917 1168 3978 turbas
1189 3935 1321 3998 compes

254 4045 353 4104 rendae
367 4037 562 4105 intervenire.

290 4149 381 4206 Pron.
399 4175 433 4186 -
448 4141 501 4200 Est
512 4137 576 4196 sino
588 4131 688 4192 dubio
699 4128 809 4203 cuique
818 4122 963 4198 societati,
974 4133 1036 4180 non
1046 4123 1132 4179 secus
1145 4135 1179 4180 ao
1193 4119 1323 4195 singulis

257 4245 413 4306 individuis
430 4240 465 4319 (l.
475 4253 528 4314 vu,
537 4253 563 4296 e.
574 4232 604 4304 l,
616 4248 643 4292 a.
656 4230 701 4307 6),
710 4226 820 4305 jussui
832 4225 926 4302 ipsius
939 4206 1141 4282 defendendae.
1153 4221 1242 4296 Atqui
1254 4235 1323 4280 mo-

256 4353 298 4404 tus
307 4344 448 4405 aeturbae
462 4354 529 4416 qrtae
536 4335 689 4396 nationem
700 4327 833 4402 aliquam
842 4325 968 4382 interius
978 4323 1103 4397 egiloni,
1114 4321 1222 4382 vicinis
1231 4337 1324 4400 popu-

256 4444 290 4504 lis
299 4445 452 4504 interdurn
461 4437 562 4514 gravia
572 4430 827 4510 periurlaoreant,
837 4430 901 4480 tnrn
914 4420 1130 4500 prariexempli
1140 4421 1324 4502 contagione,

256 4553 315 4604 tum
327 4541 478 4604 seditiosis
491 4531 704 4605 exoimmentis,
723 4526 836 4603 quibus
855 4523 983 4580 nationis
1002 4517 1085 4582 illius
1107 4521 1325 4598 perturbatores

257 4645 365 4706 risuros
377 4643 471 4702 eiiam
492 4633 621 4716 populos
633 4641 820 4691 commovere
841 4627 997 4681 conantur.
1014 4621 1109 4695 dapne
1124 4618 1172 4680 bis
1186 4619 1327 4699 periculis

257 4740 466 4823 propulsandis
477 4735 564 4797 nulla
577 4746 655 4812 sape
675 4728 779 4789 efficax
790 4720 1025 4800 ratiosnppetit,
1049 4719 1108 4780 nisi
1126 4720 1283 4781 turbarum
1295 4732 1330 4780 au
