3559 5675
572 713 678 758 susas.
702 731 741 746 -
762 716 848 762 crass
870 717 1002 764 trs-:tuus
1269 703 1330 769 293

252 840 324 910 sint,
338 851 448 899 sensus
465 834 658 913 dominetur,
673 837 793 917 politica
813 838 882 900 telis
903 837 1006 920 populi
1019 841 1189 904 constitutio
1203 843 1331 905 utilitate

251 937 417 1018 praesertim
428 935 580 1017 personali
599 951 662 1015 qua
675 937 805 999 maxime
821 953 928 1000 sensus
942 945 1097 1018 movetur,
1120 941 1210 1004 inniti
1230 941 1328 1004 debet.
1459 1015 1463 1026 ⁵

288 1037 465 1100 Notandum
478 1041 580 1098 umen
598 1041 655 1114 eet,
671 1035 728 1100 hoe
744 1037 872 1100 alterum
885 1039 1004 1101 socialis
1018 1045 1117 1102 motus
1129 1043 1332 1123 principium,

251 1139 289 1200 alr
297 1137 433 1201 utilitate
444 1141 475 1197 et
484 1151 577 1198 sensu
590 1138 781 1217 proveniens,
792 1145 942 1217 quatenus
950 1139 1097 1220 principio
1108 1141 1248 1203 rationali
1262 1157 1334 1222 prn-

249 1236 359 1313 mleat‚
371 1241 498 1299 alenus
517 1235 616 1298 ordini
629 1235 772 1301 humanae
786 1245 903 1302 naturae
916 1239 1037 1322 proprio
1056 1255 1234 1320 repugnare.
1254 1243 1333 1320 Ergo

249 1337 386 1400 emunda
398 1337 455 1398 hac
465 1335 648 1417 impulsione
661 1338 705 1399 ita
712 1339 869 1420 politicum
882 1339 1084 1405 ordinatorem
1104 1339 1146 1401 uti
1159 1346 1284 1424 oportet,
1298 1345 1333 1402 ut

249 1439 424 1500 societatem
439 1436 477 1498 sd
488 1437 713 1516 eosprobitetis
724 1455 845 1515 sensus,
856 1454 925 1518 qua
939 1445 1039 1520 uptam
1053 1439 1191 1504 eamdem
1207 1439 1244 1504 ad
1265 1457 1333 1502 mo·

250 1537 332 1600 mles
345 1535 546 1617 impulsiones
558 1535 698 1614 efficiant,
710 1537 854 1620 paulatim
866 1537 999 1602 reducat.

291 1638 386 1700 tono.
404 1639 474 1700 Poe.
489 1637 573 1699 ⁵27¹.
583 1669 619 1682 -
631 1637 685 1699 liei
699 1636 827 1717 publicae
840 1637 1026 1701 administris
1045 1655 1178 1720 congrua
1189 1635 1337 1722 stipendia

249 1738 422 1800 asocietate
432 1738 539 1815 utique
548 1735 743 1799 retribuenda
756 1743 839 1800 sunt.

295 1840 423 1900 linaro
435 1867 475 1880 -—
484 1837 722 1915 Quantaounque
733 1835 897 1900 uoluntatis
907 1838 1048 1920 perfectio
1058 1825 1244 1922 supponetur
1256 1841 1288 1902 in
1300 1839 1336 1902 il-

250 1940 293 2000 lis
306 1938 436 2016 quirem
446 1935 600 2016 publicam
610 1941 898 2018 gerunt‚nunquam
907 1943 1008 2001 tamen
1018 1939 1050 2002 hi
1060 1945 1202 2024 poterunt
1215 1941 1305 2004 eximi
1318 1959 1336 2005 a

249 2037 435 2100 necessitate
453 2034 585 2116 corporis
602 2035 651 2096 sui
665 2037 866 2098 sustentandi.
881 2039 986 2117 Neque
999 2039 1020 2101 ii
1033 2057 1084 2119 qur
1104 2039 1233 2119 publicis
1247 2055 1337 2120 nego-

252 2138 306 2200 tiis
323 2151 450 2217 operam
471 2138 595 2206 nerant,
612 2135 693 2212 agris
709 2135 802 2196 simul
821 2135 954 2213 arandis,
970 2144 1022 2199 aut
1034 2143 1209 2201 mercaturae
1227 2141 1338 2203 iacien-

250 2239 301 2302 dn
311 2253 421 2300 vaosrs
433 2242 570 2316 possunt.
584 2237 662 2313 Ergo
680 2237 805 2308 societas
822 2235 899 2316 ipss,
915 2235 953 2299 ad
973 2239 1062 2316 cuius
1083 2237 1227 2301 utilitates
1247 2237 1293 2300 illi
1309 2247 1338 2300 et

250 2339 380 2421 tempus·
393 2341 424 2400 et
442 2335 573 2413 labores,
595 2335 725 2415 propriis
743 2336 808 2396 suis
821 2333 1003 2400 utilitatibus
1025 2338 1203 2414 strbtmotos,
1221 2339 1337 2418 impen-

249 2437 347 2517 dunt,
359 2452 414 2498 eos
424 2439 624 2514 congruenter
634 2440 802 2496 sustentem
819 2439 946 2496 tenetur.
963 2436 1048 2512 Quod
1059 2437 1084 2498 si
1095 2443 1201 2517 proter
1219 2444 1338 2520 tempus

251 2537 417 2600 etlslsores
428 2533 589 2615 mnium
602 2535 691 2599 etiem
704 2551 791 2596 suam
803 2534 840 2597 sd
850 2535 895 2597 rei
909 2536 1036 2618 publice
1050 2554 1126 2600 usus
1137 2537 1303 2616 conterant,
1313 2537 1340 2602 si

253 2639 441 2701 detrimenta
457 2637 489 2698 in
502 2637 568 2697 suis
581 2633 709 2713 negotiis
721 2637 883 2715 patiantur,
899 2639 1090 2704 manifestum
1105 2643 1150 2701 est
1165 2657 1216 2702 eos
1237 2657 1341 2722 sump-

254 2745 321 2813 tus,
334 2737 435 2814 eaque
447 2733 625 2796 detrimenta
639 2735 804 2796 asoeietate
814 2733 877 2797 illis
886 2752 953 2798 esse
963 2735 1126 2818 pensanda.
1137 2737 1227 2817 Atqui
1240 2737 1342 2800 media

253 2835 310 2899 ills
332 2833 372 2897 ed
391 2835 486 2895 vitam
505 2831 731 2896 sustentandam
754 2831 954 2915 suppeditata,
973 2840 1062 2915 atque
1077 2833 1140 2899 hmo
1161 2835 1342 2900 detrimenta

253 2939 451 3016 compensata
460 2940 533 2995 sunt
545 2932 622 2994 illud
636 2933 716 3011 quod
729 2930 911 3015 stipendium
920 2934 1039 2998 dicitur.
1052 2936 1140 3013 Ergo,
1154 2941 1209 2996 eto.

298 3034 395 3097 1⁰77.
407 3034 539 3096 Οοιοιι.
553 3064 595 3077 -
605 3032 741 3110 Quisque
752 3030 833 3094 videt
848 3032 1032 3112 stipendium
1046 3050 1082 3094 ex
1095 3033 1195 3113 prima
1207 3049 1261 3094 sua
1279 3032 1343 3094 ori-

257 3136 343 3213 gine.
353 3148 429 3194 esse
443 3132 578 3194 medium
595 3131 633 3193 ad
649 3132 717 3193 rito
730 3130 992 3208 sustentationem,
1005 3131 1182 3195 secundarie
1196 3148 1266 3195 vero
1278 3148 1344 3196 esse

258 3240 445 3313 sumptuum
458 3232 506 3295 rel
519 3231 701 3294 damnorum
713 3232 984 3311 compensationem
998 3248 1051 3294 seu
1065 3233 1302 3309 restitutionem,
1318 3234 1344 3295 si

258 3349 394 3408 munus,
406 3348 469 3411 quo
481 3333 551 3411 quis
561 3332 710 3411 iungitur,
724 3330 903 3393 detrimenta
917 3329 962 3393 iili
972 3330 1076 3411 aliqua
1088 3330 1204 3395 afferat.
1219 3330 1344 3408 Quodsi

257 3432 450 3515 stipendium
470 3432 537 3511 lege
561 3438 680 3513 aptetur
698 3448 768 3493 cum
789 3448 876 3511 mque
898 3434 1086 3514 proportione
1108 3432 1145 3495 ad
1165 3450 1241 3515 opus
1254 3432 1345 3513 quod

259 3538 398 3613 quisque
410 3533 582 3613 pertenent,
593 3533 701 3612 poterit
713 3549 750 3593 es
763 3531 819 3594 hac
830 3538 914 3612 parte
926 3539 960 3594 ut
974 3534 1135 3613 premium
1147 3534 1343 3597 considerari.
1416 3548 1422 3557 ·

261 3640 361 3716 igitur
371 3636 556 3716 stipendium
566 3650 761 3714 nequaquem
774 3640 830 3712 sst,
844 3640 879 3696 ut
897 3632 992 3712 aliqui
1005 3635 1123 3711 volunt,
1135 3634 1294 3713 premium
1306 3634 1346 3696 ob

261 3734 406 3797 muneris
416 3734 647 3815 acceptationem
657 3732 763 3794 datum
780 3752 789 3793 r
805 3733 964 3811 acceptatio
977 3748 1111 3811 namque
1124 3732 1216 3793 semel
1236 3732 1282 3807 tit,
1294 3732 1347 3793 sti·

262 3836 413 3919 pendium
432 3841 536 3897 eontra
547 3839 593 3897 est
608 3840 762 3911 comtans3
777 3848 891 3895 munus
903 3838 1084 3913 acceptatum
1096 3832 1277 3913 plerumque
1290 3848 1348 3913 pe·

262 3933 426 3997 titionillus
451 3932 638 4013 supplicibus
658 3929 852 4010 conceditur3
874 3938 906 3994 at
932 3946 1023 3993 nemo
1043 3928 1210 4010 supplicem
1232 3929 1348 4009 stipen-

264 4033 315 4097 dio
336 4031 500 4114 prumiose
521 4029 625 4108 adicit,
645 4035 680 4091 ut
695 4036 842 4113 acceptet,
867 4028 949 4111 quod
969 4030 1032 4111 ipse
1052 4024 1228 4109 suppliciter
1246 4028 1350 4107 postu·

266 4132 389 4195 laverit.

309 4234 403 4296 tota.
417 4234 486 4295 Pus
503 4232 586 4295 528¹.
597 4260 640 4278 -
649 4230 937 4313 Stipendiumdebet
950 4246 1021 4294 oum
1033 4228 1224 4311 proportione
1234 4245 1352 4292 accom-

269 4332 387 4396 moueri
402 4340 433 4396 et
444 4333 592 4411 subtecto,
605 4336 635 4394 et
651 4332 748 4412 hujus
760 4328 968 4412 detrimentis,
983 4336 1013 4392 et
1026 4328 1165 4412 ejusdem
1179 4328 1302 4407 merito,
1322 4333 1353 4390 et

270 4436 338 4512 ejus
349 4432 531 4513 diligentiae,
541 4432 682 4497 etsocieli
697 4431 878 4495 necessitati.

309 4538 405 4599 lim.
422 4532 454 4593 t·
468 4548 557 4601 ress·
574 4564 612 4583 -
623 4531 812 4615 Stipendium
824 4536 869 4594 est
881 4530 1019 4610 subjecti,
1034 4526 1115 4609 quod
1129 4528 1182 4591 illo
1199 4526 1346 4599 afficitur.

271 4636 459 4699 sustentatio.
479 4633 558 4714 Ergo
570 4636 658 4698 debet
669 4635 751 4697 alere
765 4651 826 4697 nou
841 4634 1056 4713 solumipsum
1069 4632 1123 4713 qui
1143 4648 1269 4694 munere
1285 4630 1355 4694 iun-

275 4739 368 4814 gitur,
381 4736 535 4801 emetiris
546 4735 615 4799 illos
626 4736 680 4818 qui
691 4739 743 4816 jus
754 4734 880 4811 behem,
894 4738 929 4796 ut
939 4732 977 4796 ab
991 4732 1097 4797 eodem
1108 4732 1240 4795 alantur.
1256 4733 1354 4807 Quare
