3559 5675
758 969 942 1080 PARS
991 973 1271 1082 TERTlA.

555 1279 594 1326 1)ss
611 1273 813 1328 mmmm
834 1279 994 1329 ἰαί-ΕΜ
1013 1283 1099 1330 IMR
1118 1283 1155 1328 n
1176 1283 1352 1333 noctuam
1371 1283 1463 1330 Isalcas

905 1381 1123 1430 mammii&

908 1773 1052 1850 CAPUT
1078 1775 1106 1849 1.

492 1970 545 2022 Ue
564 1964 773 2048 mutim
788 1924 1018 2020 uim-assa
1033 1973 1076 2020 ot
1088 1969 1258 2020 mtto-ta
1274 1967 1417 2018 mm
1428 1965 1516 2015 inter

526 2045 737 2132 assolutum
760 2056 799 2104 et
822 2051 949 2104 baim
970 2049 1178 2108 melotam
1197 2048 1352 2103 distata
1371 2049 1514 2110 turim

524 2137 752 2193 wnstttuto.

878 2457 1087 2520 nollemus
1109 2459 1133 2518 Ι.

529 2609 575 2674 be
582 2616 760 2692 potestatam
773 2607 976 2670 ecelesiastica
986 2618 1016 2673 et
1031 2609 1113 2672 loebe
1123 2609 1273 2672 essentiali
1289 2611 1478 2674 distinetione.

515 2780 601 2842 1351.
627 2780 809 2842 Noranoon.
845 2812 882 2821 —
901 2781 1036 2852 Quattuor
1059 2779 1205 2860 principia
1228 2791 1302 2843 aurit
1322 2783 1373 2843 bie
1394 2779 1525 2857 diligenter

469 2879 636 2957 retinenda,
657 2896 725 2957 quar
739 2878 787 2939 eal
801 2880 833 2938 in
847 2878 1055 2957 superioribus
1067 2881 1129 2957 jem
1145 2897 1163 2939 a
1184 2880 1270 2941 nobis
1285 2884 1448 2943 constituta
1461 2882 1523 2943 sunt,

469 2979 518 3042 vel
531 2995 566 3039 ex
579 2980 718 3057 superius
730 2976 846 3038 traditis
860 2994 916 3038 sna
926 2985 1030 3057 sponte
1041 2980 1198 3059 profluunt
1214 3001 1222 3041 ι

511 3082 534 3139 l.
557 3078 665 3141 Omnis
686 3076 778 3138 homo
791 3077 829 3139 ad
843 3076 984 3138 socialem
998 3080 1091 3139 vitam
1106 3086 1151 3140 est
1172 3082 1350 3143 naturaliter
1363 3081 1522 3145 destinatum

470 3195 567 3256 nequa
581 3179 707 3239 sooietas
722 3176 768 3239 illi
782 3177 881 3238 solnm
895 3177 1068 3255 domestica,
1083 3180 1134 3241 sed
1149 3180 1245 3241 civilia
1268 3184 1361 3243 etiam
1379 3188 1409 3241 et
1426 3176 1523 3259 publica

469 3276 621 3339 esteidem
630 3275 939 3337 absolutenooessaria
951 3284 1016 3337 tum
1035 3278 1158 3358 physiee
1169 3286 1237 3339 tum
1255 3279 1409 3341 moraliter
1421 3272 1522 3355 (libii,

468 3393 534 3456 esp.
551 3377 593 3453 2).

510 3476 546 3537 ΙΙ.
569 3476 697 3536 Societas
711 3474 798 3535 nulla
819 3476 897 3536 inter
918 3474 1058 3537 homines
1076 3486 1172 3556 potest
1185 3482 1251 3541 sina
1265 3481 1412 3557 religione
1431 3473 1523 3537 eonsie

471 3582 541 3635 tere.
566 3573 655 3635 Nulla
676 3574 758 3635 enim
780 3575 906 3635 sociatas
928 3582 1063 3636 constare
1084 3584 1181 3655 potest
1194 3580 1259 3640 sine
1279 3586 1360 3639 oarta
1373 3572 1523 3637 aneton'tnte

469 3672 565 3750 (452),
579 3690 648 3751 qua
662 3673 699 3734 ad
721 3672 865 3734 unitatem
878 3675 1093 3753 cooperationis
1110 3678 1230 3738 socialis
1246 3694 1351 3739 omnes
1365 3670 1521 3737 hominesin

469 3791 503 3833 ea
517 3774 654 3834 societate
665 3782 817 3833 versamea
831 3772 1099 3851 adigatefflcoce'ter
1111 3774 1192 3853 (429)
1200 3793 1209 3855 ;
1226 3778 1322 3837 socios
1334 3782 1432 3836 aubin
1444 3776 1521 3830 aneto

468 3877 540 3935 ritas
554 3882 651 3935 movet
664 3890 717 3953 per
731 3872 807 3953 tepea
823 3872 917 3951 (tab),
932 3882 961 3933 et
971 3876 1109 3953 proprius
1122 3875 1198 3953 legis
1207 3874 1329 3937 effeetus
1344 3886 1389 3935 eat
1398 3865 1521 3949 ottipm

466 3991 532 4034 nem
549 3974 670 4053 gignere
685 3972 779 4053 (279),
794 3976 970 4050 quaeritur
983 3972 1097 4053 expiate
1109 3974 1210 4034 alterni
1227 3972 1365 4035 absoluta
1378 3966 1519 4032 neoesntttt

469 4074 553 4153 (lo):
569 4074 632 4134 hae
646 4074 712 4152 ipsa
723 4073 866 4150 obligatio
875 4072 913 4133 ad
928 4074 1076 4134 actionem
1089 4075 1223 4153 aliquam
1236 4074 1456 4135 determinatam
1466 4077 1519 4126 eou-

468 4185 561 4235 traota
583 4172 659 4234 illoti
682 4172 828 4250 estquod
852 4172 962 4232 dieitur
985 4174 1116 4251 officiam
1135 4175 1238 4253 (377),
1262 4175 1310 4235 eui
1331 4168 1477 4250 respondet
1491 4178 1516 4221 ex

467 4275 593 4339 adverso
607 4272 672 4353 joe,
698 4256 861 4334 abeodem
885 4289 920 4333 ao
938 4270 1070 4334 officium
1093 4274 1174 4335 lonte
1197 4288 1377 4354 promanans
1393 4270 1432 4348 (9,
1450 4260 1514 4337 357)·

467 4372 559 4450 Atqm
572 4371 748 4432 bominibus
761 4370 940 4449 religionem
954 4371 1073 4434 nullam
1086 4373 1255 4434 nolentibus
1269 4372 1374 4433 nullus
1388 4376 1428 4429 est
1440 4364 1515 4439 reipsa

467 4472 537 4533 tinia
551 4470 679 4532 ultimus
688 4472 721 4531 in
734 4470 828 4532 altera
840 4473 901 4532 rita
913 4472 1110 4550 obtinendum
1125 4488 1196 4533 narn
1211 4489 1314 4533 rerum
1327 4466 1512 4535 melaniam

466 4580 496 4637 et
506 4571 711 4634 faciendarum
722 4570 759 4631 ad
769 4571 862 4632 finem
872 4572 1018 4633 ultimum
1034 4573 1067 4632 in
1080 4572 1243 4634 alteravita
1256 4568 1443 4633 obtinendum
1451 4573 1512 4621 oon·

467 4669 566 4755 plexio
578 4674 625 4731 ese
636 4666 713 4729 illud
723 4668 826 4749 ipsum
838 4667 921 4747 quod
930 4666 1036 4749 religio
1050 4678 1182 4731 voratur.
1194 4672 1272 4748 Ergo
1285 4684 1381 4747 osque
1392 4662 1448 4725 ulla
1459 4667 1509 4717 ren

466 4771 610 4851 obligatio
623 4766 808 4845 obstringere
819 4768 895 4829 tales
903 4766 1043 4833 homines
1053 4776 1151 4851 potest
1161 4770 1225 4851 (77,
1239 4772 1306 4831 tior.
1320 4772 1351 4843 2,
1363 4764 1437 4841 ³⁸¹²l·
1448 4758 1507 4831 318⁰
