3559 5675
586 746 692 793 stiunt.
717 766 751 779 ψ
777 743 862 792 omre
883 742 1018 794 mutus.
1274 730 1331 802 tet

288 863 339 935 nt,
351 858 503 937 quonism
516 856 659 932 obligatio
670 855 780 932 otiique
795 854 950 915 intlivivluo
961 854 1128 932 pemenalie
1139 856 1332 919 intimiseon-

251 960 380 1019 scientim
392 956 601 1038 penetralibus
613 950 814 1028 concluditur,
826 960 971 1032 utnuper
978 952 1122 1031 (linimus,
1133 956 1241 1018 idcireo
1253 956 1330 1021 nulli

251 1059 364 1119 honuni
377 1061 433 1135 jue
446 1063 492 1117 eet
504 1057 675 1133 erriuepiam
687 1054 826 1130 cogendi,
840 1061 873 1114 ut
891 1054 1066 1115 catholicam
1079 1073 1145 1117 eam
1162 1058 1329 1120 societatem

250 1160 382 1219 exterius
393 1157 591 1234 ingrediatur.
612 1156 710 1227 Quaie
725 1154 867 1215 catholiea
881 1154 1004 1214 eeclesia
1016 1162 1062 1215 est
1072 1157 1197 1217 societas
1211 1160 1330 1219 externe

250 1260 374 1318 omnino
387 1256 570 1317 noluntaria.
588 1256 685 1315 Potest
706 1254 812 1330 utique
831 1250 911 1313 neue
925 1254 1073 1314 internam
1089 1257 1284 1333 pertinaciam
1298 1258 1330 1319 ie

249 1358 302 1417 lide
316 1356 501 1433 deneganda
515 1355 621 1433 punire
638 1370 645 1416 :
662 1352 836 1413 athamane
859 1352 944 1413 nulla
962 1354 1132 1431 auctoritas,
1145 1357 1223 1418 sicut
1235 1358 1329 1420 inter-

247 1474 299 1518 noe
316 1458 461 1517 hominis
474 1471 585 1517 means
594 1462 782 1531 cognoscere,
797 1453 837 1512 ita
851 1453 984 1514 internos
1005 1456 1073 1531 ejus
1095 1470 1208 1517 errores
1222 1460 1329 1537 punire

248 1565 353 1636 pitrsl.
1168 1568 1171 1573 '

283 1658 357 1717 885.
377 1660 450 1716 Poe.
463 1654 547 1717 429¹.
564 1657 627 1715 Lex
639 1653 683 1713 4¹.
699 1684 739 1699 -
760 1654 1043 1731 tumentemque
1058 1654 1268 1716 revelationem
1281 1673 1330 1717 eu·

248 1756 473 1832 pernaturaleiu
498 1753 717 1815 rationabiliter
735 1759 881 1829 tanquam
899 1750 1032 1813 divinem
1060 1754 1239 1832 susceperit,
1266 1754 1331 1819 nae

249 1855 391 1916 revelatio
404 1854 507 1915 evadit
516 1854 565 1914 len
577 1852 708 1929 amians,
724 1856 814 1934 ettjus
826 1851 949 1931 publiea
963 1852 1085 1914 violatio
1094 1853 1204 1915 seeiele
1215 1854 1328 1916 misnen

247 1961 297 2013 est.

284 2054 382 2117 isos.
399 2055 435 2111 l·
448 2066 535 2114 rese.
557 2084 597 2097 -·
619 2056 652 2110 1⁰
670 2050 802 2112 Cuilibet
817 2050 950 2113 societati
964 2050 1097 2113 officium
1111 2052 1257 2114 incumbit
1271 2055 1327 2114 im·

250 2154 363 2229 pietatis
378 2152 506 2232 publica
521 2150 729 2230 impediendae,
744 2158 779 2210 ut
790 2150 977 2213 oeteiitlimus
991 2166 1023 2210 n.
1040 2152 1109 2211 88t.
1135 2154 1169 2211 ln
1189 2154 1326 2215 societate

252 2260 346 2313 numm
361 2268 434 2331 quae
448 2250 611 2311 revelatam
634 2250 810 2326 religionem
825 2250 999 2328 susceperit,
1012 2250 1161 2327 quidquid
1169 2251 1290 2328 publice
1300 2256 1327 2315 ei

257 2353 385 2429 religioni
403 2350 546 2413 revelatas
565 2356 724 2428 repugnat,
744 2364 806 2427 pro
820 2348 981 2427 impietatis
1000 2354 1066 2409 ectu
1081 2366 1098 2409 a
1113 2350 1252 2410 societate
1263 2352 1328 2430 ipes

255 2450 423 2513 habndum
437 2459 500 2521 eet3
514 2451 587 2527 quia
598 2448 691 2509 talem
708 2448 887 2525 religionem
902 2452 937 2507 ut
949 2463 1051 2511 veram
1068 2453 1098 2508 et
1111 2448 1254 2509 divinitus
1267 2457 1328 2511 tra-

251 2549 341 2611 nitem
355 2568 393 2612 ea
406 2550 536 2611 societas
551 2548 691 2627 erumpit.
708 2548 788 2624 llrgo
805 2546 952 2625 quidquid
972 2548 1145 2609 revelationi
1159 2566 1177 2609 a
1191 2551 1327 2615 societate

246 2658 393 2729 suscepte
407 2648 530 2728 publice
543 2648 728 2721 adversatur,
740 2650 805 2725 jam
827 2646 883 2708 hec
900 2648 965 2726 ipso
983 2664 1000 2709 a
1023 2649 1129 2710 sociali
1144 2652 1326 2729 auctoritate,

245 2764 451 2827 quemnam
465 2747 606 2827 prohibet
616 2747 810 2826 impietatem,
824 2748 950 2807 ventum
962 2752 1016 2809 eet.
1037 2750 1127 2826 amul
1143 2750 1224 2827 quod
1239 2754 1327 2813 euciis

243 2850 392 2910 annilius
405 2848 525 2928 publica
543 2849 716 2908 anctoritate
735 2853 780 2907 est
797 2848 935 2920 retiario,
952 2847 998 2908 lex
1021 2847 1142 2908 socialius
1156 2856 1210 2910 est.
1236 2853 1326 2929 Ergo,

242 2949 303 3010 noo
316 2951 385 3030 ipen
397 2948 481 3026 quod
495 2953 556 3009 tota
565 2947 668 3025 aliqua
686 2947 811 3008 sonietm
831 2947 1006 3022 religionem
1019 2947 1155 3024 aliquem
1167 2949 1326 3012 revelatam

240 3051 393 3128 sarmit,
405 3047 472 3109 brec
488 3047 596 3124 religio
608 3047 763 3108 evaditlex
778 3046 908 3107 socialis.
964 3075 966 3082 ·
1023 3079 1026 3088 ·

282 3149 386 3209 Peos.
400 3150 432 3207 2·
445 3163 534 3208 rese.
547 3177 586 3192 -·
599 3143 1014 3224 socialisreligioniepublioa
1022 3145 1146 3207 violatio
1154 3153 1199 3208 ost
1206 3149 1326 3226 pantica

242 3249 386 3310 intrantia
399 3247 477 3324 legia
490 3246 624 3326 sociatim
642 3245 748 3308 ceilam
769 3261 841 3307 reru
860 3244 955 3305 tenuit
976 3245 1013 3305 utl
1029 3245 1168 3307 maulam
1182 3249 1327 3312 unitatem

242 3337 475 3410 uiesolveutlam
503 3347 581 3422 (att
595 3349 637 3425 );
665 3347 704 3407 etl
723 3345 936 3408 infirmandam
960 3361 1027 3405 eam
1051 3348 1234 3409 sanctionem
1261 3367 1328 3427 que

242 3449 294 3510 vel
316 3448 353 3508 in
371 3447 448 3525 ipsis
468 3448 655 3508 conscientias
669 3445 872 3526 penetralibus
891 3447 1123 3525 vigentiumque
1146 3447 1256 3511 ideirco
1276 3467 1328 3512 so-

242 3552 367 3609 ciorum
391 3547 532 3606 omnium
558 3545 637 3608 bom
660 3547 751 3607 etiam
773 3544 938 3606 materialia
965 3547 997 3605 iu
1026 3553 1089 3606 tuto
1114 3549 1217 3627 ponit;
1245 3549 1328 3612 derri-

242 3665 309 3727 qne
318 3645 359 3708 etl
373 3646 544 3706 maximum
555 3647 665 3707 mentis
676 3646 804 3722 bonnm,
826 3645 958 3707 veritatis
980 3645 1095 3708 scilieet
1111 3649 1327 3728 possessionem

243 3749 338 3810 aociie
347 3745 550 3825 eripiendam.
562 3747 640 3822 Ergo
657 3752 687 3806 et
698 3745 844 3806 delictum
855 3745 910 3806 illa
921 3751 951 3806 et
961 3746 1174 3823 gravissimum
1185 3747 1326 3812 delictum

243 3854 355 3912 centn
371 3845 621 3919 accinctionem,
636 3861 745 3924 nempe
760 3845 875 3906 crimen
889 3845 998 3906 sociale
1013 3851 1067 3907 eat.

289 3947 363 4008 886.
380 3947 449 4008 Poe.
464 3943 547 4006 tte.
564 3947 629 4008 ιιι
643 3945 881 4023 5·.-Sooietas‚
897 3961 966 4023 qne
979 3944 1154 4022 religionem
1166 3948 1327 4009 revelatam

247 4044 469 4110 ranmrabiliter
482 4047 656 4125 susceperit,
671 4052 767 4125 potest
783 4047 854 4124 iure
870 4060 906 4106 ac
921 4045 1008 4106 debet
1026 4046 1109 4106 omni
1130 4044 1216 4108 illius
1228 4055 1327 4108 mutn-

248 4149 326 4210 tioni
342 4145 499 4218 numana,
514 4147 613 4225 poenie
622 4147 713 4207 etiam
728 4143 861 4224 inflictis,
874 4145 1028 4207 obsistere.

290 4251 388 4311 l‘sos.
417 4243 449 4304 l·
473 4259 559 4308 esne.
584 4277 626 4293 -
644 4244 832 4322 Religionem
854 4245 1000 4306 divinitus
1014 4245 1153 4307 trstlitarn
1174 4245 1251 4308 velle
1274 4249 1328 4310 im·

250 4354 371 4408 mutare
393 4351 438 4406 ert
458 4343 597 4424 publicus
620 4345 780 4426 impietatis
800 4351 897 4423 actus,
920 4351 950 4406 et
974 4345 1089 4408 crimen
1112 4346 1232 4410 ruente.
1256 4351 1328 4409 llam

252 4447 286 4504 1⁰
298 4447 393 4508 talem
406 4445 584 4522 religionem
604 4463 658 4524 pro
677 4445 813 4506 hnmano
836 4445 961 4508 arbitrio
973 4457 1090 4507 mutuae
1112 4455 1188 4508 mett
1213 4447 1329 4509 divinas

252 4548 405 4610 winusus
425 4563 578 4626 respirem,
601 4554 630 4608 et
649 4546 749 4607 divine
762 4549 849 4622 jussa
872 4547 1009 4625 rejicere,
1033 4548 1070 4609 etl
1089 4547 1233 4610 humens
1245 4565 1330 4611 coru·

252 4655 355 4710 utente
366 4645 574 4726 emelpieurla3
589 4647 670 4723 quel
686 4647 776 4726 plane
786 4646 916 4726 impium
934 4652 994 4709 eati

289 4751 323 4810 2·
340 4745 531 4823 Religionem
542 4759 642 4806 remur
656 4751 773 4807 mutare
784 4745 907 4825 perium
919 4752 964 4808 eet
974 4761 1010 4810 ae
1022 4745 1199 4826 rettgtomn
1209 4759 1331 4809 ornnem
