3559 5675
363 791 369 802 ·
565 705 671 778 susus.
693 749 732 762 -
752 732 838 780 muru
857 731 990 782 munus
1260 725 1319 790 tas

299 838 385 900 dm.
403 841 434 898 2·
447 851 534 900 ress.
556 869 591 882 -
610 837 929 919 Constanti'prineipis
949 837 1110 900 crismatis
1136 848 1320 924 prospexisse

266 953 318 998 oon
336 935 451 1001 sufficit.
470 936 667 999 lmlrueudus
685 934 738 998 ille
756 937 923 1017 praesertim
944 943 989 1000 est
1003 937 1168 1004 virtutibus
1184 959 1321 1009 uenam.

265 1037 322 1111 riis,
340 1041 374 1099 ut
385 1036 420 1098 ad
440 1045 518 1099 recta
537 1035 775 1117 rempublicam
786 1036 949 1116 gemndsm
960 1033 1212 1104 idoneusevcdae
1223 1045 1321 1120 Quem

264 1138 293 1198 in
310 1155 380 1216 rem,
396 1140 427 1199 in
438 1138 607 1218 principatu
618 1136 810 1214 hereditario,
822 1142 965 1218 paternus
977 1153 1062 1200 emor
1072 1145 1102 1202 et
1116 1147 1239 1220 palerna
1251 1145 1323 1208 olu-

264 1238 302 1298 cia
318 1239 479 1318 principem
492 1237 798 1314 efficaciterercitant,
810 1242 845 1297 ut
855 1237 1050 1316 liliumregio
1066 1247 1182 1322 sceptro
1194 1241 1322 1322 dignum

263 1339 375 1418 spiculi
397 1340 526 1418 tortique
552 1340 739 1402 institutione
759 1338 878 1401 alliciat.
904 1341 1005 1414 Quare
1028 1340 1141 1419 optima
1168 1341 1321 1426 educatu,

264 1437 446 1516 promoturus
458 1456 562 1500 rerum
574 1447 603 1501 el
626 1439 786 1503 hominum
812 1453 900 1514 usus,
915 1443 945 1498 ct
966 1437 1101 1500 sincerus
1123 1442 1226 1521 populi
1239 1461 1326 1507 emor

265 1540 291 1596 iu
306 1539 434 1619 principe
453 1539 635 1600 hereditario
648 1539 833 1620 plerumque
845 1537 986 1617 supplent
1000 1537 1079 1615 quod
1100 1554 1119 1600 a
1138 1543 1247 1604 mentis
1261 1545 1327 1605 ani·-

263 1639 353 1716 mique
369 1640 472 1701 indole
481 1640 584 1702 deesse
597 1640 743 1702 rideatur.
765 1638 958 1712 decenario,
971 1639 1004 1700 iu
1021 1637 1188 1720 principale
1201 1642 1326 1708 elective

265 1739 410 1818 prudentia
427 1739 582 1802 electionis
603 1747 633 1804 el
652 1755 788 1822 persone
819 1737 961 1820 elipt'br'lla
988 1740 1139 1820 preclaris
1164 1743 1326 1808 virtutibus

263 1840 402 1916 pensanda
419 1847 466 1902 est
487 1841 712 1920 impossibilitas
732 1839 924 1902 edormande
946 1843 999 1919 pei
1018 1841 1202 1920 peculiarem
1219 1843 1327 1908 eduea-

265 1937 363 2000 tiouem
387 1956 525 2020 persone
541 1937 624 2001 illius
637 1940 772 2018 moralis,
793 1956 861 2017 quae
873 1940 1071 2020 principatum
1090 1959 1263 2021 pomessma
1274 1946 1326 2024 sit,

264 2037 358 2116 etjam
372 2039 544 2112 innuimus,
562 2055 595 2100 n.
619 2040 697 2102 1033
710 2046 740 2102 et
754 2041 843 2100 loos.

298 2141 382 2202 Erre
403 2144 436 2204 3ι
454 2156 543 2204 raes.
559 2173 599 2186 -
623 2143 713 2202 Recta
735 2140 856 2219 politica
880 2141 1053 2202 constitutio
1082 2141 1214 2221 denique
1240 2144 1328 2210 debet

265 2240 420 2320 principem
430 2242 466 2302 in
480 2242 518 2302 iis
531 2257 635 2302 rerum
648 2240 800 2318 adjunctis
809 2240 969 2316 collocare,
983 2247 1026 2318 ut,
1043 2241 1094 2302 ubi
1101 2244 1165 2320 jem
1179 2245 1216 2305 ad
1232 2247 1328 2322 regias

264 2339 375 2403 rirtutes
389 2341 486 2403 luerit
507 2341 673 2416 institutus,
688 2342 720 2400 iu
738 2341 777 2400 iis
794 2339 930 2402 colendis
943 2347 1085 2419 perpetuo
1099 2349 1275 2420 perseveret·
1293 2347 1328 2408 ln

264 2438 437 2503 honclinem
459 2440 574 2520 duplex
597 2441 767 2503 mediorum
781 2440 895 2520 species
916 2431 1052 2501 adhiberi
1068 2445 1173 2520 potest,
1197 2457 1328 2520 quorum

264 2542 343 2602 altera
361 2541 521 2604 hominem
534 2541 681 2604 moralem
701 2539 905 2618 moderentur,
920 2540 1014 2605 alters
1035 2540 1190 2603 homiuem
1208 2544 1329 2606 sensili·

265 2657 327 2701 rum
346 2643 515 2722 impellant.
543 2646 573 2702 1⁰
594 2641 727 2703 lledium
743 2640 782 2702 ad
806 2641 962 2702 hominem
973 2684 984 2717 ,
1005 2642 1169 2720 prasertim
1195 2659 1266 2706 vcro
1290 2643 1328 2708 ad

266 2742 429 2821 principem,
448 2743 484 2802 in
504 2741 604 2802 oidcio
625 2740 841 2802 continendum
861 2741 998 2802 omnium
1023 2739 1264 2804 efficacissimum
1283 2749 1330 2806 est

265 2843 373 2921 religioe
390 2859 462 2922 quar
475 2842 612 2920 quidem,
627 2840 761 2903 hominis
780 2858 843 2902 non
860 2844 962 2903 solum
976 2847 1113 2905 externas
1122 2845 1263 2917 actiones,
1277 2844 1329 2907 sed

267 2944 344 3004 etiam
361 2946 499 3005 internas
520 2944 713 3020 cogitationes
737 2948 768 3003 et
786 2942 953 3004 voluntates
982 2942 1118 3021 pervigili
1136 2942 1330 3022 prouidentia

266 3050 291 3101 et
306 3043 483 3105 inexorabili
505 3044 630 3119 justitie
656 3044 708 3103 Dei
735 3038 948 3120 omnipotentis
970 3039 1142 3120 subdendo,
1167 3041 1331 3109 moralibus

266 3144 387 3224 adeoque
399 3146 549 3209 suavibus
561 3145 692 3206 vinculis
714 3142 826 3219 regiam
837 3146 1031 3221 polosum,
1049 3156 1102 3219 per
1124 3158 1156 3203 se
1182 3141 1332 3203 inelucta-

265 3242 357 3316 bilem,
372 3251 480 3325 utpote
493 3260 674 3323 supremam,
697 3242 811 3318 alligat.

299 3351 333 3408 tt
346 3362 434 3422 vero,
448 3345 592 3421 quoniam
613 3342 719 3419 religio
732 3340 893 3416 naturalis,
916 3340 1009 3401 nimis
1022 3334 1148 3402 obseura
1159 3344 1189 3401 et
1207 3340 1331 3412 ineerta,

264 3460 361 3524 pacm
372 3442 542 3507 admodum
555 3442 667 3502 valere
680 3439 718 3501 ad
734 3440 849 3516 regiam
862 3438 1035 3517 superbiam
1055 3438 1268 3519 cohibendam,
1285 3439 1333 3499 id·
1398 3432 1406 3442 ’

266 3548 334 3609 circo
346 3542 589 3625 supernaturalis
603 3541 765 3617 revelatio,
790 3540 828 3601 de
843 3554 906 3617 qua
922 3539 976 3601 uo.
987 3542 1020 3600 5·
1039 3539 1183 3617 diximus,
1198 3539 1334 3603 humano

267 3649 384 3723 poena
396 3644 504 3707 divina
514 3644 648 3704 Bonitato
659 3656 797 3702 concessa
808 3639 889 3700 luit:
906 3646 995 3717 alque
1005 3640 1044 3700 ita
1056 3639 1178 3700 dietatis
1199 3654 1273 3717 pure
1288 3640 1334 3699 in-

268 3748 352 3808 ternis
365 3744 569 3817 conscientie,
577 3742 688 3821 quibus
696 3740 783 3801 laelio
793 3739 884 3801 lromo
894 3739 1068 3813 reluctatur,
1076 3738 1177 3799 addita
1186 3740 1333 3799 asteriam

268 3862 352 3924 pene
366 3843 550 3906 monarchas
568 3840 690 3920 publica
714 3840 858 3919 professio
885 3838 1042 3899 socialium
1067 3839 1251 3915 dogmatum·
1268 3851 1336 3915 perf

268 3946 493 4008 lectissimorum
505 3944 666 4003 inerterna
677 3941 808 4019 quadem
823 3941 962 4001 societate
976 3936 1137 4015 spirituali,
1152 3936 1200 3996 cui
1211 3935 1335 4012 quidem

270 4046 474 4109 conscientiam
499 4040 671 4103 monarche
685 4042 741 4119 ipsi
755 4040 932 4116 subjiciunt,
947 4038 1048 4097 statim
1062 4052 1097 4096 ac
1111 4033 1235 4095 sese'illi
1248 4032 1337 4095 devo·

270 4147 375 4209 rondes
394 4142 608 4225 judicaverint
630 4144 666 4204 ln
684 4141 741 4202 trae
762 4141 900 4203 societme
922 4138 1091 4219 principes,
1114 4134 1244 4195 salerno
1266 4148 1337 4195 eum

271 4242 747 4320 missubdilisamereconjuucti,
759 4236 1013 4303 eadameruuitiis
1025 4233 1336 4313 dogmalaeredantes,

272 4346 370 4409 eadem
401 4362 473 4408 cum
497 4344 561 4405 iltis
579 4343 646 4418 lege
668 4342 816 4421 deuincti,
837 4356 908 4402 cum
932 4338 993 4399 illis
1011 4352 1131 4415 quoque
1158 4335 1340 4397 advocantur

274 4450 334 4507 tum
346 4446 384 4508 ad
398 4426 610 4509 eosdem'ritus
621 4440 770 4522 publicos,
784 4441 838 4518 qui
853 4439 970 4501 homiui
984 4440 1135 4515 cuiquest
1148 4436 1256 4498 dirius
1272 4452 1340 4497 ma-

272 4548 380 4622 lestatis
399 4545 647 4626 omnipotentiam
660 4549 691 4603 et
701 4542 843 4603 humana
860 4546 976 4601 naturae
988 4538 1192 4601 infirmitatem
1207 4538 1239 4597 in
1254 4550 1338 4605 mert-

275 4651 332 4707 tem
340 4653 492 4722 revocam3
503 4652 569 4707 tum
577 4644 614 4705 ad
624 4643 744 4705 eosdem
753 4640 883 4719 judiees,
894 4654 994 4701 coram
1005 4639 1118 4719 quibus
1126 4637 1172 4699 illi
1183 4652 1243 4697 uon
1253 4650 1341 4701 secus

278 4760 308 4807 ac
319 4748 437 4811 infimus
448 4750 576 4827 quisquc
590 4746 627 4806 de
641 4745 738 4827 plebe,
754 4742 918 4805 debeulsui
932 4743 1066 4823 ipsorum
1079 4746 1109 4801 et
1120 4742 1303 4801 accusatores
1312 4741 1342 4801 et

389 4863 420 4909 ιι.
1123 4834 1161 4897 ll)
