3559 5675
569 753 677 801 sunus.
704 774 740 787 -
765 756 848 803 erem
867 756 1016 804 summus.
1295 740 1332 807 tt

253 868 362 929 mentis
380 864 580 941 intelligentis
604 866 735 945 propria,
759 866 838 925 sicut
854 870 899 927 est
916 867 1037 947 propria
1057 864 1157 927 libers
1172 866 1335 929 voluntatis

255 966 296 1026 illi
312 962 534 1043 respondentis.
548 965 626 1041 Ergo
640 962 691 1023 illa
704 965 852 1025 mentium
866 982 921 1025 seu
934 964 1120 1045 judiciorum
1130 966 1334 1037 conformitas,

254 1067 316 1127 sine
328 1080 391 1143 qua
403 1064 593 1123 voluntatum
606 1066 635 1123 et
645 1065 798 1123 actionum
810 1062 991 1142 conspiratio
1005 1062 1089 1125 nulla
1101 1071 1157 1137 est,
1170 1080 1231 1126 uon
1240 1071 1336 1144 potest

254 1164 337 1223 aliter
354 1162 464 1223 haberi
482 1178 577 1239 quam
590 1178 644 1240 per
662 1164 845 1240 reciprocam
864 1162 1002 1223 idearum
1015 1168 1044 1225 st
1053 1163 1241 1241 judiciorum
1254 1180 1337 1225 com-

256 1262 505 1337 municationem,
519 1276 588 1338 quae
599 1278 653 1341 per
665 1260 817 1339 loquelam
831 1260 875 1321 fit.
893 1262 982 1338 Ergo,
997 1263 1056 1324 nisi
1071 1262 1194 1342 loquela
1210 1265 1251 1325 sit
1274 1282 1338 1326 ure·

256 1362 339 1423 dium
354 1361 395 1423 ad
411 1360 496 1421 ideas
510 1366 539 1420 et
556 1360 672 1437 judicis
692 1360 761 1423 aliis
776 1360 952 1421 homlnlbus
963 1362 1223 1437 communicanda,
1239 1364 1340 1440 omnis

256 1464 436 1525 mcietasest
447 1459 651 1541 impossibilis.
666 1461 756 1537 Atqui
775 1460 917 1522 humanae
927 1466 1043 1519 naturas
1051 1462 1237 1523 contrarium
1248 1461 1339 1525 adeo·

256 1578 313 1639 que
326 1559 535 1623 essentialiter
544 1560 660 1619 malum
682 1567 728 1621 est
743 1557 892 1638 quidquid
912 1560 1085 1621 societatem
1096 1558 1188 1622 efficit
1201 1562 1339 1641 impossi-

258 1661 351 1723 bilem
359 1679 370 1737 ;
382 1660 459 1737 quia
468 1659 594 1720 societas
607 1665 653 1721 est
662 1659 838 1721 homiuibus
851 1659 1012 1721 naturalis.
1025 1661 1116 1737 Ergo,
1129 1665 1186 1721 etc.

295 1764 329 1821 Ξ·
347 1760 475 1823 blateria
494 1759 574 1819 circa
591 1774 683 1836 quam
701 1761 844 1821 varamus
855 1751 1007 1837 vereatur,
1017 1760 1171 1821 evidenter
1184 1760 1276 1821 etiam
1289 1777 1342 1823 os-

261 1861 357 1923 tendit
376 1858 595 1937 obligationem
616 1859 759 1921 veraciter
779 1860 933 1937 loquendi.
949 1862 1025 1921 Nam
1036 1850 1146 1921 reritm
1157 1866 1203 1921 est
1216 1860 1302 1923 radix
1315 1868 1346 1923 et

263 1960 398 2023 medium
408 1960 550 2021 omnium
560 1959 709 2021 bonorum
720 1948 756 2018 ad
766 1974 834 2035 quar
845 1958 1038 2037 adipiscenda
1049 1960 1197 2043 bonteest
1207 1966 1346 2023 enatura

261 2061 517 2123 termimum
524 2060 550 2119 si
558 2057 709 2133 homiues,
719 2058 904 2135 quibuscum
913 2059 1048 2137 quotidie
1055 2061 1188 2137 quisque
1196 2066 1343 2144 versatur,

264 2176 322 2223 non
334 2165 482 2222 tenentur
494 2159 648 2219 variarent
661 2158 756 2235 loqui,
771 2156 855 2219 nulla
865 2158 924 2218 erit
933 2159 980 2218 illi
991 2158 1123 2239 amplius
1135 2161 1241 2236 regula
1251 2154 1345 2239 quam

263 2262 350 2339 sequi
364 2260 461 2339 possit
474 2260 508 2319 in
522 2257 586 2318 suis
600 2250 728 2335 negotiis
743 2256 906 2319 nacnndis
919 2260 995 2318 etin
1016 2258 1185 2321 actionibus
1197 2261 1262 2321 suis
1274 2260 1349 2321 diri·

264 2358 383 2438 gaudis.
399 2361 504 2433 Quum
518 2357 658 2419 homiues
672 2358 704 2419 in
716 2358 777 2416 rita
791 2358 896 2417 sociali
908 2360 1023 2436 passim
1034 2358 1085 2419 alil
1100 2360 1168 2419 allis
1177 2367 1346 2436 occurrant,

264 2470 295 2523 ct
308 2462 429 2539 negotia
442 2465 591 2520 et'causas
609 2464 638 2518 et
656 2458 838 2519 intentiones
849 2474 921 2520 suas
934 2474 1005 2518 cum
1019 2459 1127 2519 alicnis
1142 2458 1349 2538 multiplieiter

267 2566 459 2623 muneraret
468 2557 662 2637 complicatae
676 2574 806 2637 persepe
817 2556 960 2632 babeant,
974 2556 999 2618 ai
1013 2559 1176 2621 bominum
1196 2560 1348 2638 colloquia

269 2676 374 2723 eorum
385 2658 618 2736 cogitationibus
631 2674 665 2718 ae
677 2656 816 2720 sensibus
829 2658 997 2719 conformia
1013 2674 1079 2720 esse
1091 2674 1284 2738 nequaquam
1297 2659 1350 2721 ‹le-

273 2762 351 2842 beut,
366 2760 456 2823 nulla
469 2761 527 2821 erit
540 2756 673 2837 amplius
689 2760 846 2837 tunquam
860 2758 995 2820 bumana
1005 2759 1167 2839 pmdentia
1177 2762 1264 2839 sequi
1275 2776 1348 2842 pos-

273 2862 357 2926 eitetl
371 2859 509 2942 pericula
520 2859 642 2922 vitanda
656 2865 686 2920 et
696 2875 770 2920 suos
783 2859 858 2922 lines
872 2860 1063 2921 obtinendos.
1081 2865 1169 2937 Ergo,
1183 2866 1239 2921 etc.

311 2962 382 3024 rto.
396 2963 527 3023 Οοιοιι.
546 2963 575 3020 l.
592 2959 831 3022 -ltendacium
846 2959 940 3038 igitur
952 2965 998 3020 cst
1009 2959 1215 3020 connaturale
1226 2966 1256 3020 et
1268 2960 1353 3020 ortti-

271 3061 374 3124 acciole
385 3080 398 3126 .·
416 3059 448 3120 l’
463 3059 683 3135 Antinatnrale,
697 3061 769 3138 quia
792 3065 909 3118 naturae
926 3057 1021 3135 ipsius
1041 3056 1168 3134 loquelae
1186 3043 1347 3136 repugnat.

272 3165 371 3238 Quum
384 3165 468 3225 euim
483 3160 603 3240 loquela
616 3160 795 3226 naturaliter
804 3159 942 3220 imtituta
956 3159 995 3220 sit
1008 3159 1047 3220 ad
1061 3173 1136 3221 suos
1149 3175 1259 3222 sensus
1277 3176 1350 3221 cum

273 3263 338 3325 aliis
351 3260 631 3336 communicandos,
646 3274 700 3340 per
715 3241 908 3322 mendacium
923 3259 960 3318 ad
974 3273 1026 3320 cos
1046 3259 1246 3337 contegendos
1260 3259 1350 3321 adbi-

274 3363 369 3425 bemr.
381 3365 481 3436 Quare
488 3359 644 3424 mendacio
653 3360 807 3422 inducitur
813 3359 941 3438 positiva
951 3355 1144 3420 connadictio
1159 3360 1351 3422 interbomi-

275 3477 343 3524 uem
363 3463 518 3524 internum
539 3465 569 3522 et
593 3465 761 3535 externum,
787 3459 890 3520 scissio
913 3457 1060 3519 nimirum
1087 3459 1299 3520 autinaturalis
1316 3460 1349 3521 iu

277 3569 341 3624 ante
355 3561 533 3622 naturaliter
545 3575 619 3620 suo.

314 3667 350 3722 2⁰
371 3659 565 3735 Antisociale,
586 3661 660 3738 quia
685 3658 861 3722 societatem
877 3657 968 3720 elllcit
989 3659 1219 3738 impossibilem.
1248 3663 1347 3739 Atque

279 3757 408 3842 boeipso
419 3759 504 3840 quod
516 3767 562 3822 est
577 3759 762 3832 consociate,
781 3765 828 3821 est
845 3757 958 3822 iterum
979 3760 1196 3836 antinaturals,
1214 3763 1299 3839 quia,
1314 3767 1349 3822 ut

280 3877 373 3944 nuper
384 3861 532 3940 vidimus,
545 3859 706 3942 opponitur
717 3859 860 3920 bumana
873 3866 1001 3937 naturae,
1015 3875 1084 3936 qua
1094 3867 1141 3921 est
1150 3861 1351 3928 essentialiter

278 3961 402 4024 weialin
416 3963 517 4037 Quare
529 3960 721 4022 mendacium
734 3964 779 4020 est
792 3957 913 4036 loquela
935 3964 965 4018 et
981 3973 1045 4018 suae
1058 3959 1154 4038 ipsius
1180 3965 1297 4024 naturas
1322 3967 1351 4023 et

280 4067 389 4126 uctsru
410 4062 551 4122 humana
563 4059 724 4122 contraria.

318 4163 448 4224 mauce.
463 4161 494 4220 Ξ.
505 4191 546 4205 -
556 4160 681 4235 lnjuria,
693 4173 784 4236 quam
799 4159 831 4219 in
845 4159 983 4222 societate
994 4158 1250 4221 aliisbominibus
1262 4176 1350 4221 urcu-

281 4261 360 4326 dscio
380 4261 485 4324 lulerrl
504 4259 637 4320 diximus
657 4260 690 4320 iu
707 4263 738 4320 2·
761 4259 874 4338 probat.
893 4274 959 4338 pos.
978 4259 1050 4333 355,
1074 4263 1158 4320 tauto
1181 4262 1280 4338 major
1304 4276 1359 4324 est·

280 4369 389 4440 quanto
407 4361 512 4439 majus
534 4359 681 4422 damnum
701 4358 764 4420 illis
787 4373 824 4420 ex
844 4358 1001 4420 mendacio
1016 4360 1165 4438 provenit,
1184 4367 1219 4422 et
1237 4369 1350 4439 quanto

282 4467 374 4542 major
386 4461 497 4524 iisdem
506 4467 552 4521 cst
562 4461 635 4522 ratio
645 4460 795 4521 voracitati
804 4465 915 4520 nostras
926 4457 1051 4521 fidendi.
1064 4461 1138 4522 Nam
1152 4463 1193 4536 1⁸,
1201 4459 1350 4522 damnum

281 4563 431 4625 maudamo
441 4561 560 4622 illatum
569 4561 671 4636 augeri
682 4565 776 4640 potest
786 4565 852 4620 tum
861 4559 987 4622 exserta
995 4558 1350 4637 materiadequaagitur,
1475 4595 1480 4606 -

279 4679 405 4741 quaque
415 4661 534 4724 vanum
545 4659 677 4740 pretium
688 4659 789 4734 habet,
799 4665 843 4736 ut,
852 4677 883 4720 v.
892 4679 936 4740 9.,
944 4661 1084 4735 fortunae,
1095 4658 1188 4736 lama,
1198 4660 1274 4734 rita3
1286 4667 1353 4720 tum

280 4779 314 4824 ex
326 4759 625 4924 majorelzlililcultate
637 4760 768 4823 actiones
785 4776 855 4822 suas
868 4759 1031 4838 dirigendi,
1043 4775 1138 4842 quam
1161 4757 1352 4918 &anemium
1453 4846 1457 4856 1
