3559 5675
968 631 989 681 Ι

568 794 675 841 susus.
698 810 738 828 -
760 793 845 840 curn
865 788 1053 841 oeconomos.
1278 778 1337 839 515

258 896 460 974 emmanue
476 899 679 977 pulcherrimo
693 907 723 959 et
737 900 936 960 salrrberrimo
947 902 1065 960 invento
1077 899 1269 975 gloriandum
1284 920 1336 965 uo·

257 996 306 1057 bis
321 1014 401 1073 esse,
415 1016 469 1077 per
479 1000 686 1087 incredibilem
696 1001 805 1061 mentis
821 1001 993 1071 caelatam
1008 999 1195 1060 existimanti

298 1091 469 1163 normann
483 1104 513 1162 2.
529 1132 565 1145 -
587 1103 623 1160 Ut
640 1097 808 1179 Scripturas
824 1098 992 1161 habeamus
1009 1116 1062 1178 pro
1076 1098 1223 1163 irrlalllbili
1240 1092 1338 1163 chrbss

256 1198 351 1262 aare
365 1197 506 1262 doctrice
523 1199 647 1275 regula,
665 1215 787 1261 neccsse
809 1205 945 1259 est-certo
962 1205 991 1259 et
1009 1198 1163 1259 infallibili
1185 1216 1240 1261 nos
1258 1202 1340 1262 usti-

258 1298 365 1365 monio
376 1298 487 1375 doceri,
502 1316 552 1359 eas
566 1316 671 1361 resera
692 1316 758 1361 esse
776 1300 903 1361 verbnm
920 1302 985 1375 Dei,
999 1316 1050 1360 ees
1068 1317 1134 1361 esse
1148 1302 1340 1371 rereradiri-

258 1398 345 1462 nitus
361 1399 532 1478 inspiratas,
548 1407 578 1461 ct
596 1400 780 1479 exemplaria
798 1400 855 1461 ille
874 1418 943 1479 que
959 1402 991 1461 iu
1012 1402 1154 1462 manibus
1179 1402 1339 1484 hebemus,

258 1498 427 1577 archetypis
440 1498 613 1579 esselplaue
625 1502 1019 1583 conlormimouaerentibus
1033 1504 1126 1579 igitur
1139 1504 1218 1565 unde
1230 1512 1344 1568 constet

260 1600 434 1679 Scripturas
444 1611 474 1663 et
483 1606 619 1682 primum
629 1605 736 1681 luisse,
749 1612 790 1681 et,
800 1606 906 1683 quales
917 1623 998 1668 nunc
1006 1606 1164 1685 habemus,
1175 1624 1239 1669 esse
1248 1608 1346 1671 adhuc

261 1702 427 1765 infallibils
440 1705 493 1766 llei
506 1705 647 1780 terbum,
658 1722 720 1765 non
730 1723 790 1766 una
802 1696 892 1766 datur
904 1725 921 1766 a
931 1709 1163 1786 protestantibus
1177 1700 1341 1787 responsio.

260 1803 325 1867 Alii
335 1809 474 1865 statuunt
484 1804 589 1865 divino
600 1805 732 1882 quodam
747 1806 852 1866 afflatu
864 1808 996 1883 singulis
1006 1808 1145 1869 fidelibus
1159 1809 1189 1870 id
1200 1810 1343 1881 revelem

262 1903 571 1977 vel,1leivcrbumin
586 1904 929 1985 scripturiscontentum
943 1908 1055 1969 calesti
1070 1926 1101 1969 se
1113 1909 1201 1971 odore
1212 1910 1344 1986 quodam

263 2010 370 2083 sponte
384 2006 571 2084 suaprodere
579 2021 590 2082 ;
602 2007 662 2081 vel,
671 2007 822 2070 internam
833 2024 938 2068 carum
947 2008 1153 2069 excellentiam
1166 2016 1195 2069 et
1209 2011 1346 2071 sanante·

263 2111 328 2164 tem
339 2106 569 2184 considerando,
579 2108 711 2167 naturali
730 2106 761 2167 id
777 2111 926 2185 cujusque
938 2110 1052 2169 ratione
1063 2108 1256 2189 deprehendi.
1273 2110 1344 2188 atii,

264 2205 435 2282 intorques
457 2205 604 2268 doctiores
622 2209 737 2286 quique
760 2213 954 2287 protestantes
975 2208 1007 2267 id
1020 2211 1113 2268 eatis
1135 2216 1345 2286 numerantur,

265 2306 515 2365 commentitium·
530 2325 653 2386 prorsus
674 2325 739 2367 esse
760 2307 979 2367 individualem
998 2308 1088 2367 illum
1109 2309 1239 2386 Spiritus
1251 2310 1349 2370 Sancti

266 2405 405 2467 afflatum
419 2407 592 2481 sentientes,¹
613 2424 712 2484 neque
725 2424 762 2468 ex
784 2408 903 2467 interna
925 2404 986 2466 ulla
1001 2408 1221 2486 scripturarum
1238 2410 1348 2469 virtute

265 2514 324 2568 aut
334 2506 561 2585 pulchritudine
573 2524 660 2587 posse
677 2508 815 2568 hunam
837 2524 943 2567 earum
964 2512 1102 2568 naturam
1114 2514 1193 2568 certo
1212 2508 1350 2585 cognosci

266 2606 484 2684 intelligentes,
495 2607 626 2669 latenarr
641 2614 671 2668 et
682 2608 874 2668 vehementer
887 2608 1066 2668 confirmant
1084 2608 1305 2686 seripturarum
1320 2615 1351 2686 et

266 2707 459 2769 authentiam
469 2714 499 2767 et
516 2707 651 2769 divinem
663 2707 886 2789 respirationem
905 2725 1003 2786 neque
1013 2708 1102 2789 'posse
1115 2710 1201 2770 aliter
1214 2709 1351 2785 cognosci

265 2814 349 2870 certo
361 2808 526 2888 reprobari
539 2824 633 2887 quam
645 2817 862 2870 exsauctorum
884 2812 1018 2882 Petrum,
1029 2811 1082 2886 qui
1093 2812 1199 2890 primis
1213 2810 1351 2871 Ecclesiae

267 2910 383 2972 seculis
404 2911 588 2990 scripserint,
607 2911 789 2985 testimonio,
812 2925 921 2987 nempe
939 2925 976 2968 ex
992 2907 1164 2983 traditione,
1177 2909 1275 2969 etheo
1289 2925 1351 2968 uno

268 3015 449 3086 argumento
464 3011 597 3088 plenam,
611 3010 742 3081 tirmaru,
755 3007 948 3068 inlellibilem
964 3009 1101 3068 notitiam
1116 3008 1200 3068 illius
1219 3007 1352 3068 authen-

269 3112 322 3170 tiaa
342 3110 512 3187 diuumque
535 3111 741 3189 inspirationis
754 3124 877 3187 prorsus
888 3108 1028 3168 obtineri.
1041 3109 1106 3181 Qua
1125 3109 1156 3167 in
1174 3125 1205 3168 re
1224 3107 1352 3167 laxiores

268 3211 304 3270 hi
317 3212 515 3272 Protestames
525 3227 626 3272 secum
638 3212 696 3289 ipsi
710 3210 868 3270 manifeste
880 3214 1030 3288 pugnant,
1040 3214 1237 3286 avertuntque
1249 3209 1353 3286 praeci-

269 3327 370 3389 puum
386 3327 448 3372 suae
458 3311 598 3372 doctrine
607 3318 705 3392 ceput,
720 3310 794 3371 dum
806 3309 957 3370 affirmant
971 3326 1007 3370 es
1020 3310 1215 3387 antiquorum
1229 3311 1353 3370 Petrum

270 3412 402 3490 scriptis,
421 3413 568 3472 nimirum
580 3427 616 3472 ex
630 3411 797 3489 traditione,
815 3411 949 3489 aliquam
970 3409 1039 3470 lldei
1054 3409 1223 3472 christiane
1240 3413 1355 3486 partem

272 3509 482 3588 infallibiliter
508 3513 654 3591 depromi.
685 3514 870 3591 Quapropter
900 3513 1014 3591 priores
1042 3511 1110 3573 illos
1145 3512 1355 3583 Protestantcs,

271 3629 406 3692 quornm
442 3613 582 3673 haeretica
611 3611 746 3673 doctrina
769 3611 827 3672 sibi
850 3619 992 3690 perpetuo
1020 3611 1159 3686 cohaeret,
1183 3608 1356 3670 vocabimus

273 3710 396 3792 ripidos
414 3713 461 3772 vel
475 3710 670 3785 dialecticos,·-
686 3712 866 3789 posteriores
885 3711 1021 3772 dicemus
1043 3710 1127 3771 toros
1153 3711 1202 3771 vel
1223 3706 1358 3768 anacolu-

272 3814 351 3874 thes.

316 3916 489 3976 Narrantis
503 3913 533 3974 3.
555 3943 597 3956 -
621 3915 760 3974 lirrorem
774 3913 864 3972 illum
885 3911 1083 3991 precipuum,
1107 3925 1199 3986 quem
1214 3910 1358 3971 sibitam-

272 4031 371 4093 quarn
390 4014 531 4075 doctrine
550 4030 613 4072 susa
638 4015 727 4074 totius
752 4011 964 4092 compendium
989 4008 1140 4088 quoddam
1163 4015 1359 4088 protestantes

274 4117 442 4192 vindmeut,
459 4131 515 4175 nos
527 4115 636 4190 jetnin
649 4113 707 4174 hoc
719 4116 784 4194 ipso
796 4114 875 4175 libro
885 4112 1077 4174 contudimus
1093 4112 1239 4189 planeque
1255 4109 1359 4189 proili-

272 4217 428 4295 garimus,
449 4215 523 4276 illue
547 4217 600 4276 ubi
625 4201 749 4276 invictis
771 4215 957 4292 argumentis
977 4211 1163 4273 ostendimus
1187 4212 1358 4270 itomanam

275 4318 451 4380 Pontificem
465 4333 483 4375 a
497 4315 615 4376 Christo
636 4317 765 4377 Doruirm
782 4316 976 4376 infallibilem
991 4313 1060 4373 fidei
1074 4313 1251 4387 magistrum
1265 4311 1359 4371 luisse

273 4421 309 4479 iu
335 4417 469 4479 Ecclesia
489 4418 683 4477 ouushtutum
711 4415 823 4492 (leot,
846 4415 900 4495 iv).
925 4415 1006 4476 ltibil
1032 4429 1102 4490 crgo
1126 4418 1203 4472 esset
1222 4419 1361 4490 praterea

273 4523 380 4579 contra
394 4522 589 4594 pensantes
603 4515 660 4576 boc
672 4515 738 4577 loeo
751 4515 983 4595 disputandum,
995 4515 1053 4574 nisi
1068 4513 1217 4591 pessimus
1231 4510 1283 4570 ille
1296 4511 1361 4590 pri-

275 4617 342 4679 cuti
358 4615 505 4678 oraminis
519 4633 611 4695 error,
629 4623 662 4674 at
679 4634 782 4677 cwwer
798 4619 832 4678 iu
846 4615 1007 4676 homiuum
1019 4613 1214 4674 multitudine
1230 4627 1360 4690 serpeus,

275 4717 481 4796 ploriurorutu
508 4718 599 4777 etlam
624 4716 846 4780 catholicorum
873 4731 990 4774 animos
1015 4713 1202 4791 pervasisset.
1228 4711 1361 4783 corran-
