3559 5675
545 720 653 769 sunna.
675 734 714 767 .-
735 720 820 769 nrem
841 720 1032 769 nuourcnrus.
1259 710 1320 775 coc

270 827 379 901 unoque
391 822 479 887 simul
490 825 690 903 conspirante,
702 819 873 886 corelliana
884 822 1081 896 Etdcarclcio,
1098 841 1154 887 seu
1168 822 1321 887 Christic-

269 908 468 985 nitmvocatur.

303 1020 383 1084 1279.
406 1026 533 1087 coron.
558 1021 642 1084 1.-
660 1026 728 1087 lam
748 1023 836 1087 facile
856 1024 1038 1103 intelligitur
1057 1042 1120 1104 qua
1134 1042 1168 1089 re
1186 1025 1326 1094 diileraut

270 1122 336 1183 inter
349 1140 378 1184 se
392 1124 519 1187 Ecclesia
532 1130 561 1187 el
577 1125 795 1187 Christianitas.
813 1126 933 1187 Nemi·
953 1126 1085 1188 Ecclesia
1104 1132 1150 1187 est
1162 1126 1326 1190 christiana

270 1224 388 1301 meletos,
402 1232 548 1303 quamnus
558 1225 621 1287 haec
633 1243 668 1287 ex
679 1224 844 1287 individuis
857 1224 1033 1289 hominibus
1040 1232 1165 1303 mactat,
1175 1226 1224 1288 vel
1232 1228 1325 1289 ctiam

268 1326 437 1385 econsortiis
449 1320 682 1405 innocencium
697 1342 764 1405 quae
776 1324 932 1403 individua
944 1326 1019 1387 forte
1032 1326 1145 1387 luerint
1156 1325 1326 1400 distribma,

268 1416 443 1503 etquatenus
465 1426 538 1487 socii
563 1424 732 1505 spiritualia
754 1426 946 1507 potissimum
968 1426 1069 1487 media
1090 1426 1122 1487 iu
1135 1442 1328 1489 communem

266 1524 422 1589 christiane
430 1526 585 1605 religionis
594 1526 686 1589 tinem
694 1526 870 1589 conteruntz
882 1524 1092 1589 christianitas
1100 1544 1168 1589 rere
1176 1527 1329 1590 eetchrr's·

268 1624 336 1685 tiana
349 1625 480 1699 societis,
501 1632 651 1703 quamnus
670 1642 704 1687 ea
726 1641 790 1688 non
810 1626 911 1688 solum
926 1625 1104 1704 individuis,
1121 1627 1175 1688 sel
1188 1626 1330 1707 pluribus

265 1724 342 1785 etiam
356 1724 530 1787 nationibus
550 1725 753 1805 componitur,
769 1730 797 1787 ct
816 1726 849 1785 in
868 1741 1063 1787 communem
1076 1726 1225 1789 societatis
1235 1744 1331 1791 usum
1444 1744 1458 1767 ·

265 1840 315 1886 non
326 1826 421 1887 solum
435 1824 607 1905 spiritualia
622 1831 652 1887 et
664 1826 917 1906 supernaturalia,
930 1826 982 1888 sed
996 1827 1088 1887 etiam
1100 1827 1242 1890 civiliact
1253 1828 1330 1909 poli·

265 1924 313 1987 tica
327 1928 474 1989 naturalis
488 1926 602 1989 ordinis
624 1926 724 1987 media
745 1925 1044 1987 conferuntur—2⁰
1064 1927 1196 1990 Ecclesia
1214 1928 1332 2010 proprie

262 2026 329 2089 dicta
341 2028 373 2090 in
386 2028 560 2091 christianae
584 2027 731 2089 societatis
745 2028 843 2107 prima
855 2028 984 2090 iurantia
997 2044 1061 2090 non
1074 2029 1179 2091 miuus
1192 2046 1286 2109 quam
1299 2029 1333 2091 in

262 2122 374 2192 florente
385 2128 578 2210 provectioris
589 2130 682 2190 etatis
695 2129 798 2205 rigore
814 2128 929 2189 adluit:
942 2135 972 2190 at
982 2129 1202 2204 Christianitas,
1217 2138 1253 2193 ut
1264 2147 1332 2211 quae

262 2228 353 2309 plures
362 2232 429 2306 jam
451 2230 588 2291 nationes
607 2226 774 2290 christianae
797 2228 867 2289 lidei
888 2227 1025 2290 subactas
1047 2231 1186 2307 postulat,
1209 2231 1335 2293 nonnul

262 2328 289 2388 in
308 2328 408 2391 adulta
419 2329 555 2391 Ecclesia
569 2328 694 2409 reperiri
715 2329 822 2409 potuit.
832 2360 872 2373 -
882 2329 914 2389 3·
934 2332 968 2390 ln
982 2326 1086 2389 adulta
1099 2330 1269 2408 christianae
1282 2348 1335 2393 so·

259 2428 367 2495 rietatis
386 2436 488 2509 aetotc,
512 2428 633 2506 quando
655 2428 759 2509 plures
784 2445 818 2490 ea
843 2446 962 2509 semper
984 2430 1120 2492 nationes
1142 2446 1198 2491 suo
1221 2432 1336 2507 gremio

259 2528 434 2595 adherentes
447 2529 667 2612 complectitur,
681 2529 820 2591 Ecclesia
834 2545 949 2591 nomen
961 2528 1041 2591 hanc
1054 2530 1225 2593 societatem
1236 2531 1336 2609 signi-

259 2628 320 2691 ficat
331 2631 422 2695 modo
433 2630 572 2711 quodam
582 2630 740 2709 abstracto,
752 2646 786 2691 ea
800 2635 922 2692 tantum
936 2630 1093 2693 innuendo
1107 2630 1256 2709 videlicet,
1266 2650 1336 2711 quc

261 2728 299 2791 illi
312 2740 381 2795 sunt
394 2749 526 2813 prorsus
548 2730 718 2793 essentialia
735 2749 742 2785 τ
761 2730 994 2792 Christianitatis
1007 2732 1130 2794 nomme
1143 2738 1246 2795 contra
1257 2733 1337 2795 iudi·

258 2839 334 2898 catur
347 2835 462 2898 eadem
472 2833 593 2895 societas
605 2830 694 2894 modo
705 2837 851 2911 concreto,
864 2848 935 2894 cum
949 2831 1090 2894 omuibus
1100 2850 1209 2913 nempe
1220 2833 1337 2897 viribus

257 2951 288 2996 ac
308 2935 502 2997 facultatibus
524 2949 591 3010 quae
614 2931 825 3002 essentialibus
846 2934 916 3010 ejus
927 2933 1125 2994 constitutivis
1138 2935 1285 3015 paulatim
1298 2935 1337 2995 a'd

255 3035 392 3098 cumdem
413 3037 511 3098 linem
529 3032 648 3094 lucilius
669 3012 925 3112 persequendum,
941 3031 1044 3094 diviua
1061 3032 1249 3112 providentia
1269 3035 1338 3114 opi·

254 3135 379 3216 tutante,
398 3139 656 3215 supervenerunt.

290 3242 424 3308 Conone.
451 3235 671 3298 2.-Evidens
688 3241 734 3296 est
752 3232 992 3298 chistianitatem
1014 3251 1078 3300 osse
1091 3237 1215 3300 omnino
1227 3255 1338 3301 ⁴reram

253 3358 285 3404 ac
297 3342 422 3423 proprie
434 3338 547 3400 dictem
555 3336 775 3404 ethnarchiam.
793 3337 933 3398 Nationes
946 3338 1028 3399 enim
1041 3339 1153 3416 quibus
1164 3356 1199 3401 ec
1212 3347 1338 3419 mermi,

253 3443 393 3504 socialem
406 3441 556 3503 unitatem
571 3435 686 3498 habent
695 3438 733 3498 ab
744 3437 890 3515 Ecclesia,
902 3436 939 3499 ad
951 3439 1042 3517 cujus
1054 3439 1169 3502 murum
1179 3441 1339 3505 tutandum

250 3558 282 3605 ec
293 3539 542 3624 promovendum
557 3555 628 3600 suas
641 3537 701 3600 illae
716 3555 786 3618 opes
800 3539 940 3618 viresque
953 3539 987 3600 in
996 3557 1158 3603 commune
1169 3543 1338 3605 conienrnl.

250 3645 292 3704 nli
307 3645 366 3708 hec
379 3660 459 3707 vcro
474 3642 591 3702 unitate
607 3638 703 3700 oritur
726 3639 895 3702 nccessario
908 3639 988 3702 inter
1008 3642 1112 3703 omnia
1129 3642 1340 3706 christianita-

248 3745 285 3808 tis
303 3747 455 3809 membra
472 3748 616 3804 mutuum
640 3739 793 3818 quoddam
822 3741 1038 3802 commercium
1059 3746 1089 3802 et
1109 3745 1341 3806 communicatio

248 3843 477 3918 doctrinarum,
490 3840 663 3915 affectuum,
675 3838 850 3912 utilitatum,
859 3855 927 3917 que
943 3839 1126 3902 relationum
1138 3841 1340 3905 etlruarclrice-

247 3962 317 4008 rum
331 3946 458 4012 occasio
472 3949 503 4004 et
515 3942 605 4022 quasi
624 3940 749 4002 materie
769 3945 814 4000 est
828 3937 942 4022 (1222).
963 3941 1029 4001 lam
1049 3941 1143 4019 liujus
1162 3941 1342 4005 ethnnmhiar

248 4063 415 4110 summurn
435 4045 550 4107 bonum
566 4045 613 4103 est
635 4041 700 4120 ipsa
711 4040 778 4116 ejus
801 4039 921 4116 religio,
933 4055 1001 4118 que
1024 4040 1162 4118 ejrrsdem
1179 4047 1224 4100 ert
1244 4043 1343 4120 prima

245 4163 338 4209 cansa
352 4154 386 4210 et
408 4145 544 4225 primum
563 4139 678 4222 sectum
696 4139 852 4200 associans.
869 4141 970 4213 Quare
988 4156 1094 4202 omnes
1113 4140 1208 4220 hujus
1223 4140 1344 4202 ethnae·

245 4245 322 4308 chiae
336 4247 431 4324 leges
443 4245 596 4321 integrum
609 4237 849 4317 inviolatumque
864 4239 939 4300 illud
955 4238 1069 4301 meum
1081 4257 1202 4303 servare
1221 4239 1342 4321 debent,

244 4345 369 4426 illoque
384 4351 545 4422 tamquam
558 4337 778 4402 inundemento
790 4338 880 4400 inniti
896 4337 1012 4421 (2232);
1025 4339 1161 4418 nitidque
1173 4341 1206 4402 in
1216 4341 1270 4403 tali
1281 4341 1345 4404 eth·

244 4448 382 4510 narchia
400 4442 550 4508 committi
574 4445 671 4522 potest
692 4453 770 4500 vere
787 4437 970 4519 christiana,
987 4440 1065 4502 idest
1085 4440 1250 4515 catholice,
1276 4439 1346 4504 reii-

241 4550 331 4624 gioui
353 4545 563 4616 contrarium,
596 4557 658 4620 quo
688 4555 752 4600 nou
775 4538 975 4602 fundamenta
999 4541 1064 4620 ipsa
1082 4543 1231 4605 societatis
1251 4544 1347 4622 liujus

240 4647 491 4725 communisque
511 4641 664 4705 felicitatis
678 4638 908 4702 labeieotentur.

280 4752 434 4812 meost.
449 4750 479 4812 ³.
490 4748 635 4818 -Quam
648 4741 772 4802 firmum
781 4739 977 4820 validumque
997 4741 1198 4808 ethnarchicc
1211 4746 1347 4808 associa·

378 4861 420 4910 n.
1164 4843 1206 4905 30
