<?xml version="1.0" encoding="UTF-8"?>
<!DOCTYPE html PUBLIC "-//W3C//DTD XHTML 1.0 Transitional//EN"
    "http://www.w3.org/TR/xhtml1/DTD/xhtml1-transitional.dtd">
<html xmlns="http://www.w3.org/1999/xhtml" xml:lang="en" lang="en">
 <head>
  <title>
</title>
<meta http-equiv="Content-Type" content="text/html;charset=utf-8" />
  <meta name='ocr-system' content='tesseract 3.04.00' />
  <meta name='ocr-capabilities' content='ocr_page ocr_carea ocr_par ocr_line ocrx_word'/>
</head>
<body>
  <div class='ocr_page' id='page_1' title='image "./jurisnaturalisu00bensgoog/jurisnaturalisu00bensgoog_0244.png"; bbox 0 0 3559 5675; ppageno 0'>
   <div class='ocr_carea' id='block_1_1' title="bbox 514 750 1179 819">
    <p class='ocr_par' dir='ltr' id='par_1_1' title="bbox 514 750 1179 819">
     <span class='ocr_line' id='line_1_1' title="bbox 514 750 1179 819; baseline 0.002 -6"><span class='ocrx_word' id='word_1_1' title='bbox 514 750 573 814; x_wconf 67' lang='lat'><strong>238</strong></span> <span class='ocrx_word' id='word_1_2' title='bbox 925 763 1003 819; x_wconf 81' lang='lat' dir='ltr'><strong>tonte</strong></span> <span class='ocrx_word' id='word_1_3' title='bbox 1020 763 1179 818; x_wconf 78' lang='lat' dir='ltr'><strong>namucus</strong></span> 
     </span>
    </p>
   </div>
   <div class='ocr_carea' id='block_1_2' title="bbox 506 871 1586 4735">
    <p class='ocr_par' dir='ltr' id='par_1_2' title="bbox 508 871 1541 1256">
     <span class='ocr_line' id='line_1_2' title="bbox 508 871 1539 956; baseline 0.002 -22"><span class='ocrx_word' id='word_1_4' title='bbox 508 876 573 949; x_wconf 86' lang='lat' dir='ltr'><strong>y&#39;atn</strong></span> <span class='ocrx_word' id='word_1_5' title='bbox 594 873 706 953; x_wconf 72' lang='lat' dir='ltr'><strong>qttaet‘is</strong></span> <span class='ocrx_word' id='word_1_6' title='bbox 734 871 895 938; x_wconf 87' lang='lat' dir='ltr'><strong>multitudo</strong></span> <span class='ocrx_word' id='word_1_7' title='bbox 921 875 1016 952; x_wconf 79' lang='lat' dir='ltr'><strong>uulgi,</strong></span> <span class='ocrx_word' id='word_1_8' title='bbox 1032 875 1078 936; x_wconf 84' lang='lat' dir='ltr'><strong>rel</strong></span> <span class='ocrx_word' id='word_1_9' title='bbox 1103 887 1176 941; x_wconf 80' lang='lat' dir='ltr'><strong>estro</strong></span> <span class='ocrx_word' id='word_1_10' title='bbox 1190 873 1327 956; x_wconf 84' lang='lat' dir='ltr'><strong>¹corrupti</strong></span> <span class='ocrx_word' id='word_1_11' title='bbox 1350 874 1392 936; x_wconf 82' lang='lat' dir='ltr'><strong>rel</strong></span> <span class='ocrx_word' id='word_1_12' title='bbox 1418 873 1539 941; x_wconf 72' lang='lat' dir='ltr'>mendaciis</span> 
     </span>
     <span class='ocr_line' id='line_1_3' title="bbox 512 972 1540 1058; baseline 0.007 -27"><span class='ocrx_word' id='word_1_13' title='bbox 512 973 640 1052; x_wconf 73' lang='lat' dir='ltr'><strong>decepti,</strong></span> <span class='ocrx_word' id='word_1_14' title='bbox 659 987 727 1050; x_wconf 85' lang='lat' dir='ltr'><strong>quea</strong></span> <span class='ocrx_word' id='word_1_15' title='bbox 739 973 841 1058; x_wconf 89' lang='lat' dir='ltr'><strong>pepuli</strong></span> <span class='ocrx_word' id='word_1_16' title='bbox 853 973 911 1034; x_wconf 85' lang='lat' dir='ltr'><strong>eibi</strong></span> <span class='ocrx_word' id='word_1_17' title='bbox 927 990 1037 1042; x_wconf 88' lang='lat' dir='ltr'><strong>numen</strong></span> <span class='ocrx_word' id='word_1_18' title='bbox 1051 972 1203 1052; x_wconf 74' lang='lat' dir='ltr'><strong>adsciscat,</strong></span> <span class='ocrx_word' id='word_1_19' title='bbox 1225 993 1287 1039; x_wconf 87' lang='lat' dir='ltr'><strong>reru</strong></span> <span class='ocrx_word' id='word_1_20' title='bbox 1303 977 1441 1054; x_wconf 79' lang='lat' dir='ltr'><strong>publicata</strong></span> <span class='ocrx_word' id='word_1_21' title='bbox 1455 983 1540 1056; x_wconf 87' lang='lat' dir='ltr'><strong>pertur-</strong></span> 
     </span>
     <span class='ocr_line' id='line_1_4' title="bbox 513 1073 1541 1158; baseline 0.002 -24"><span class='ocrx_word' id='word_1_22' title='bbox 513 1073 595 1143; x_wconf 83' lang='lat' dir='ltr'><strong>hare,</strong></span> <span class='ocrx_word' id='word_1_23' title='bbox 613 1079 646 1133; x_wconf 94' lang='lat' dir='ltr'><strong>ut</strong></span> <span class='ocrx_word' id='word_1_24' title='bbox 658 1073 801 1154; x_wconf 84' lang='lat' dir='ltr'><strong>principis</strong></span> <span class='ocrx_word' id='word_1_25' title='bbox 810 1073 954 1150; x_wconf 77' lang='lat' dir='ltr'><strong>iactatam</strong></span> <span class='ocrx_word' id='word_1_26' title='bbox 973 1074 1162 1150; x_wconf 71' lang='lat' dir='ltr'><strong>tyrannidem</strong></span> <span class='ocrx_word' id='word_1_27' title='bbox 1177 1082 1300 1150; x_wconf 81' lang='lat' dir='ltr'><strong>erertm,</strong></span> <span class='ocrx_word' id='word_1_28' title='bbox 1313 1083 1342 1139; x_wconf 90' lang='lat' dir='ltr'><strong>et</strong></span> <span class='ocrx_word' id='word_1_29' title='bbox 1354 1075 1445 1139; x_wconf 87' lang='lat' dir='ltr'><strong>otuuie</strong></span> <span class='ocrx_word' id='word_1_30' title='bbox 1457 1077 1541 1158; x_wconf 83' lang='lat' dir='ltr'><strong>publica</strong></span> 
     </span>
     <span class='ocr_line' id='line_1_5' title="bbox 513 1172 1437 1256; baseline 0.001 -22"><span class='ocrx_word' id='word_1_31' title='bbox 513 1179 542 1234; x_wconf 87' lang='lat' dir='ltr'><strong>et</strong></span> <span class='ocrx_word' id='word_1_32' title='bbox 555 1172 666 1253; x_wconf 82' lang='lat' dir='ltr'><strong>privata</strong></span> <span class='ocrx_word' id='word_1_33' title='bbox 680 1172 758 1236; x_wconf 86' lang='lat' dir='ltr'><strong>bona</strong></span> <span class='ocrx_word' id='word_1_34' title='bbox 772 1173 804 1233; x_wconf 90' lang='lat' dir='ltr'><strong>in</strong></span> <span class='ocrx_word' id='word_1_35' title='bbox 818 1172 978 1238; x_wconf 84' lang='lat' dir='ltr'><strong>discrimen</strong></span> <span class='ocrx_word' id='word_1_36' title='bbox 993 1173 1139 1238; x_wconf 77' lang='lat' dir='ltr'>adducere</span> <span class='ocrx_word' id='word_1_37' title='bbox 1152 1191 1207 1253; x_wconf 88' lang='lat' dir='ltr'><strong>pru</strong></span> <span class='ocrx_word' id='word_1_38' title='bbox 1221 1175 1315 1240; x_wconf 83' lang='lat' dir='ltr'><strong>lubitu</strong></span> <span class='ocrx_word' id='word_1_39' title='bbox 1327 1178 1437 1256; x_wconf 90' lang='lat' dir='ltr'><strong>polerit.</strong></span> 
     </span>
    </p>

    <p class='ocr_par' dir='ltr' id='par_1_3' title="bbox 508 1273 1584 2150">
     <span class='ocr_line' id='line_1_6' title="bbox 552 1273 1542 1354; baseline -0.002 -18"><span class='ocrx_word' id='word_1_40' title='bbox 552 1274 678 1336; x_wconf 87' lang='lat' dir='ltr'><strong>Nullum</strong></span> <span class='ocrx_word' id='word_1_41' title='bbox 693 1275 823 1352; x_wconf 83' lang='lat' dir='ltr'><strong>prolecto</strong></span> <span class='ocrx_word' id='word_1_42' title='bbox 836 1273 1002 1336; x_wconf 71' lang='lat' dir='ltr'>luctuosius</span> <span class='ocrx_word' id='word_1_43' title='bbox 1017 1275 1132 1338; x_wconf 84' lang='lat' dir='ltr'><strong>malunt</strong></span> <span class='ocrx_word' id='word_1_44' title='bbox 1145 1275 1186 1336; x_wconf 90' lang='lat' dir='ltr'><strong>rei</strong></span> <span class='ocrx_word' id='word_1_45' title='bbox 1201 1275 1327 1354; x_wconf 78' lang='lat' dir='ltr'><strong>puellae</strong></span> <span class='ocrx_word' id='word_1_46' title='bbox 1342 1277 1469 1350; x_wconf 80' lang='lat' dir='ltr'><strong>cocidere,</strong></span> <span class='ocrx_word' id='word_1_47' title='bbox 1479 1291 1542 1352; x_wconf 88' lang='lat' dir='ltr'><strong>quau</strong></span> 
     </span>
     <span class='ocr_line' id='line_1_7' title="bbox 513 1374 1543 1456; baseline -0.003 -20"><span class='ocrx_word' id='word_1_48' title='bbox 513 1374 628 1436; x_wconf 83' lang='lat' dir='ltr'><strong>bellum</strong></span> <span class='ocrx_word' id='word_1_49' title='bbox 644 1375 833 1448; x_wconf 85' lang='lat' dir='ltr'><strong>intestinum,</strong></span> <span class='ocrx_word' id='word_1_50' title='bbox 846 1380 953 1454; x_wconf 85' lang='lat' dir='ltr'><strong>potest.</strong></span> <span class='ocrx_word' id='word_1_51' title='bbox 967 1375 1059 1456; x_wconf 74' lang='lat' dir='ltr'><strong>Atqui</strong></span> <span class='ocrx_word' id='word_1_52' title='bbox 1076 1376 1212 1456; x_wconf 85' lang='lat' dir='ltr'><strong>princeps</strong></span> <span class='ocrx_word' id='word_1_53' title='bbox 1234 1393 1250 1436; x_wconf 91' lang='lat' dir='ltr'><strong>a</strong></span> <span class='ocrx_word' id='word_1_54' title='bbox 1269 1392 1325 1439; x_wconf 83' lang='lat' dir='ltr'><strong>suo</strong></span> <span class='ocrx_word' id='word_1_55' title='bbox 1346 1376 1406 1438; x_wconf 88' lang='lat' dir='ltr'><strong>loeo</strong></span> <span class='ocrx_word' id='word_1_56' title='bbox 1418 1375 1490 1452; x_wconf 85' lang='lat' dir='ltr'><strong>dejici</strong></span> <span class='ocrx_word' id='word_1_57' title='bbox 1500 1377 1543 1434; x_wconf 84' lang='lat' dir='ltr'><strong>det</strong></span> 
     </span>
     <span class='ocr_line' id='line_1_8' title="bbox 511 1469 1542 1554; baseline -0.008 -16"><span class='ocrx_word' id='word_1_58' title='bbox 511 1474 591 1538; x_wconf 85' lang='lat' dir='ltr'><strong>bello</strong></span> <span class='ocrx_word' id='word_1_59' title='bbox 606 1473 747 1538; x_wconf 76' lang='lat' dir='ltr'><strong>tenatiae</strong></span> <span class='ocrx_word' id='word_1_60' title='bbox 762 1476 876 1552; x_wconf 87' lang='lat' dir='ltr'><strong>nequit.</strong></span> <span class='ocrx_word' id='word_1_61' title='bbox 892 1469 1089 1554; x_wconf 76' lang='lat' dir='ltr'><strong>oppugnandi</strong></span> <span class='ocrx_word' id='word_1_62' title='bbox 1104 1492 1235 1552; x_wconf 81' lang='lat' dir='ltr'><strong>namque</strong></span> <span class='ocrx_word' id='word_1_63' title='bbox 1250 1483 1322 1542; x_wconf 88' lang='lat' dir='ltr'><strong>sunt</strong></span> <span class='ocrx_word' id='word_1_64' title='bbox 1341 1483 1369 1536; x_wconf 91' lang='lat' dir='ltr'><strong>et</strong></span> <span class='ocrx_word' id='word_1_65' title='bbox 1382 1473 1542 1553; x_wconf 85' lang='lat' dir='ltr'><strong>prosternendi</strong></span> 
     </span>
     <span class='ocr_line' id='line_1_9' title="bbox 512 1575 1544 1658; baseline -0.006 -21"><span class='ocrx_word' id='word_1_66' title='bbox 512 1576 566 1653; x_wconf 87' lang='lat' dir='ltr'><strong>qui</strong></span> <span class='ocrx_word' id='word_1_67' title='bbox 587 1582 686 1653; x_wconf 85' lang='lat' dir='ltr'><strong>partes</strong></span> <span class='ocrx_word' id='word_1_68' title='bbox 702 1575 845 1654; x_wconf 87' lang='lat' dir='ltr'><strong>principis</strong></span> <span class='ocrx_word' id='word_1_69' title='bbox 867 1581 1000 1638; x_wconf 89' lang='lat' dir='ltr'><strong>tuentur.</strong></span> <span class='ocrx_word' id='word_1_70' title='bbox 1017 1577 1168 1648; x_wconf 87' lang='lat' dir='ltr'><strong>Quantam</strong></span> <span class='ocrx_word' id='word_1_71' title='bbox 1189 1591 1259 1636; x_wconf 84' lang='lat' dir='ltr'><strong>reru</strong></span> <span class='ocrx_word' id='word_1_72' title='bbox 1275 1575 1453 1658; x_wconf 83' lang='lat' dir='ltr'><strong>publicarum</strong></span> <span class='ocrx_word' id='word_1_73' title='bbox 1471 1581 1494 1632; x_wconf 86' lang='lat' dir='ltr'><strong>at</strong></span> <span class='ocrx_word' id='word_1_74' title='bbox 1507 1575 1544 1652; x_wconf 88' lang='lat' dir='ltr'><strong>pri·</strong></span> 
     </span>
     <span class='ocr_line' id='line_1_10' title="bbox 512 1671 1584 1758; baseline -0.004 -22"><span class='ocrx_word' id='word_1_75' title='bbox 512 1681 645 1736; x_wconf 82' lang='lat' dir='ltr'><strong>ratarum</strong></span> <span class='ocrx_word' id='word_1_76' title='bbox 669 1671 874 1736; x_wconf 83' lang='lat' dir='ltr'><strong>calamitatum</strong></span> <span class='ocrx_word' id='word_1_77' title='bbox 899 1675 1009 1738; x_wconf 89' lang='lat' dir='ltr'><strong>molem</strong></span> <span class='ocrx_word' id='word_1_78' title='bbox 1031 1673 1157 1756; x_wconf 76' lang='lat' dir='ltr'><strong>politium</strong></span> <span class='ocrx_word' id='word_1_79' title='bbox 1180 1674 1354 1758; x_wconf 82' lang='lat' dir='ltr'><strong>hujusmodi</strong></span> <span class='ocrx_word' id='word_1_80' title='bbox 1379 1674 1546 1739; x_wconf 79' lang='lat' dir='ltr'><strong>commaticus</strong></span> <span class='ocrx_word' id='word_1_81' title='bbox 1583 1715 1584 1754; x_wconf 69' lang='lat'><strong>,</strong></span> 
     </span>
     <span class='ocr_line' id='line_1_11' title="bbox 512 1765 1584 1854; baseline -0.006 -18"><span class='ocrx_word' id='word_1_82' title='bbox 512 1773 648 1848; x_wconf 77' lang='lat' dir='ltr'><strong>aderaut,</strong></span> <span class='ocrx_word' id='word_1_83' title='bbox 660 1779 761 1840; x_wconf 85' lang='lat' dir='ltr'><strong>nostra</strong></span> <span class='ocrx_word' id='word_1_84' title='bbox 775 1775 908 1852; x_wconf 81' lang='lat' dir='ltr'><strong>ipsorum</strong></span> <span class='ocrx_word' id='word_1_85' title='bbox 920 1775 1101 1854; x_wconf 75' lang='lat' dir='ltr'><strong>experientia</strong></span> <span class='ocrx_word' id='word_1_86' title='bbox 1113 1789 1167 1836; x_wconf 92' lang='lat' dir='ltr'><strong>nos</strong></span> <span class='ocrx_word' id='word_1_87' title='bbox 1182 1773 1229 1834; x_wconf 87' lang='lat' dir='ltr'><strong>uis</strong></span> <span class='ocrx_word' id='word_1_88' title='bbox 1244 1774 1422 1852; x_wconf 77' lang='lat' dir='ltr'><strong>temporibus</strong></span> <span class='ocrx_word' id='word_1_89' title='bbox 1434 1771 1544 1838; x_wconf 79' lang='lat' dir='ltr'><strong>norimus.</strong></span> <span class='ocrx_word' id='word_1_90' title='bbox 1583 1765 1584 1848; x_wconf 71' lang='lat' dir='ltr'><strong>l</strong></span> 
     </span>
     <span class='ocr_line' id='line_1_12' title="bbox 511 1861 1584 1952; baseline -0.007 -17"><span class='ocrx_word' id='word_1_91' title='bbox 511 1875 669 1952; x_wconf 77' lang='lat' dir='ltr'><strong>Quocirca,</strong></span> <span class='ocrx_word' id='word_1_92' title='bbox 682 1873 709 1935; x_wconf 83' lang='lat' dir='ltr'><strong>si</strong></span> <span class='ocrx_word' id='word_1_93' title='bbox 723 1873 868 1934; x_wconf 77' lang='lat' dir='ltr'><strong>emutatis</strong></span> <span class='ocrx_word' id='word_1_94' title='bbox 882 1871 1166 1952; x_wconf 72' lang='lat' dir='ltr'><strong>concuspiscamus,</strong></span> <span class='ocrx_word' id='word_1_95' title='bbox 1183 1873 1239 1936; x_wconf 88' lang='lat' dir='ltr'><strong>hoo</strong></span> <span class='ocrx_word' id='word_1_96' title='bbox 1254 1874 1384 1938; x_wconf 80' lang='lat' dir='ltr'><strong>maxime</strong></span> <span class='ocrx_word' id='word_1_97' title='bbox 1398 1870 1545 1936; x_wconf 77' lang='lat' dir='ltr'><strong>statuentur</strong></span> <span class='ocrx_word' id='word_1_98' title='bbox 1583 1861 1584 1914; x_wconf 64' lang='grc' dir='ltr'>ἒ</span> 
     </span>
     <span class='ocr_line' id='line_1_13' title="bbox 510 1965 1545 2054; baseline 0 -22"><span class='ocrx_word' id='word_1_99' title='bbox 510 1979 566 2046; x_wconf 80' lang='lat' dir='ltr'><strong>est,</strong></span> <span class='ocrx_word' id='word_1_100' title='bbox 581 1988 739 2050; x_wconf 81' lang='lat' dir='ltr'><strong>uunquam</strong></span> <span class='ocrx_word' id='word_1_101' title='bbox 751 1972 868 2033; x_wconf 81' lang='lat' dir='ltr'><strong>cirinus</strong></span> <span class='ocrx_word' id='word_1_102' title='bbox 881 1971 972 2038; x_wconf 86' lang='lat' dir='ltr'><strong>licere</strong></span> <span class='ocrx_word' id='word_1_103' title='bbox 985 1981 1087 2034; x_wconf 87' lang='lat' dir='ltr'><strong>contre</strong></span> <span class='ocrx_word' id='word_1_104' title='bbox 1102 1989 1193 2034; x_wconf 87' lang='lat' dir='ltr'><strong>suum</strong></span> <span class='ocrx_word' id='word_1_105' title='bbox 1206 1973 1372 2054; x_wconf 84' lang='lat' dir='ltr'><strong>prinoipem</strong></span> <span class='ocrx_word' id='word_1_106' title='bbox 1385 1965 1545 2046; x_wconf 75' lang='lat' dir='ltr'><strong>incensed</strong></span> 
     </span>
     <span class='ocr_line' id='line_1_14' title="bbox 508 2070 1246 2150; baseline -0.004 -15"><span class='ocrx_word' id='word_1_107' title='bbox 508 2087 703 2150; x_wconf 82' lang='lat' dir='ltr'><strong>quascunque</strong></span> <span class='ocrx_word' id='word_1_108' title='bbox 717 2071 865 2132; x_wconf 78' lang='lat' dir='ltr'><strong>societatis</strong></span> <span class='ocrx_word' id='word_1_109' title='bbox 878 2087 1030 2135; x_wconf 78' lang='lat' dir='ltr'><strong>mrtrrunae</strong></span> <span class='ocrx_word' id='word_1_110' title='bbox 1045 2070 1246 2150; x_wconf 84' lang='lat' dir='ltr'><strong>depellendas.</strong></span> 
     </span>
    </p>

    <p class='ocr_par' dir='ltr' id='par_1_4' title="bbox 506 2165 1586 4735">
     <span class='ocr_line' id='line_1_15' title="bbox 554 2165 1548 2253; baseline 0 -22"><span class='ocrx_word' id='word_1_111' title='bbox 554 2173 640 2235; x_wconf 83' lang='lat'><strong>1018.</strong></span> <span class='ocrx_word' id='word_1_112' title='bbox 653 2173 699 2234; x_wconf 72' lang='lat' dir='ltr'><strong>dn</strong></span> <span class='ocrx_word' id='word_1_113' title='bbox 718 2171 777 2235; x_wconf 52' lang='grc' dir='ltr'><strong>ω’</strong></span> <span class='ocrx_word' id='word_1_114' title='bbox 793 2192 800 2233; x_wconf 78' lang='lat' dir='ltr'><strong>a</strong></span> <span class='ocrx_word' id='word_1_115' title='bbox 814 2205 855 2217; x_wconf 91' lang='lat'>—</span> <span class='ocrx_word' id='word_1_116' title='bbox 868 2173 1008 2235; x_wconf 78' lang='lat' dir='ltr'><strong>Falernus</strong></span> <span class='ocrx_word' id='word_1_117' title='bbox 1022 2172 1126 2248; x_wconf 85' lang='lat' dir='ltr'><strong>utique</strong></span> <span class='ocrx_word' id='word_1_118' title='bbox 1139 2170 1327 2248; x_wconf 80' lang='lat' dir='ltr'><strong>tyrannidem</strong></span> <span class='ocrx_word' id='word_1_119' title='bbox 1343 2188 1395 2253; x_wconf 86' lang='lat' dir='ltr'><strong>per</strong></span> <span class='ocrx_word' id='word_1_120' title='bbox 1407 2187 1436 2231; x_wconf 89' lang='lat' dir='ltr'><strong>ee</strong></span> <span class='ocrx_word' id='word_1_121' title='bbox 1450 2165 1548 2233; x_wconf 71' lang='lat' dir='ltr'><strong>tulleta</strong></span> 
     </span>
     <span class='ocr_line' id='line_1_16' title="bbox 510 2270 1548 2350; baseline 0.004 -20"><span class='ocrx_word' id='word_1_122' title='bbox 510 2271 541 2330; x_wconf 91' lang='lat' dir='ltr'><strong>in</strong></span> <span class='ocrx_word' id='word_1_123' title='bbox 561 2271 706 2332; x_wconf 85' lang='lat' dir='ltr'><strong>abstracto</strong></span> <span class='ocrx_word' id='word_1_124' title='bbox 720 2270 759 2334; x_wconf 83' lang='lat' dir='ltr'><strong>ad</strong></span> <span class='ocrx_word' id='word_1_125' title='bbox 772 2271 939 2350; x_wconf 86' lang='lat' dir='ltr'><strong>prinoipem</strong></span> <span class='ocrx_word' id='word_1_126' title='bbox 958 2272 1132 2333; x_wconf 73' lang='lat' dir='ltr'><strong>auctoritate</strong></span> <span class='ocrx_word' id='word_1_127' title='bbox 1146 2286 1201 2338; x_wconf 84' lang='lat' dir='ltr'><strong>suc</strong></span> <span class='ocrx_word' id='word_1_128' title='bbox 1214 2270 1405 2350; x_wconf 83' lang='lat' dir='ltr'><strong>spoliandum</strong></span> <span class='ocrx_word' id='word_1_129' title='bbox 1420 2285 1428 2336; x_wconf 85' lang='grc'>;</span> <span class='ocrx_word' id='word_1_130' title='bbox 1443 2273 1469 2334; x_wconf 80' lang='lat' dir='ltr'><strong>at</strong></span> <span class='ocrx_word' id='word_1_131' title='bbox 1485 2281 1548 2340; x_wconf 72' lang='lat' dir='ltr'><strong>tell·</strong></span> 
     </span>
     <span class='ocr_line' id='line_1_17' title="bbox 509 2371 1548 2449; baseline -0.001 -17"><span class='ocrx_word' id='word_1_132' title='bbox 509 2386 579 2433; x_wconf 84' lang='lat' dir='ltr'><strong>ruue</strong></span> <span class='ocrx_word' id='word_1_133' title='bbox 589 2385 675 2448; x_wconf 82' lang='lat' dir='ltr'><strong>posse</strong></span> <span class='ocrx_word' id='word_1_134' title='bbox 689 2385 825 2448; x_wconf 84' lang='lat' dir='ltr'><strong>uuquam</strong></span> <span class='ocrx_word' id='word_1_135' title='bbox 838 2371 1016 2434; x_wconf 84' lang='lat' dir='ltr'><strong>inconcreta</strong></span> <span class='ocrx_word' id='word_1_136' title='bbox 1030 2375 1059 2430; x_wconf 86' lang='lat' dir='ltr'><strong>et</strong></span> <span class='ocrx_word' id='word_1_137' title='bbox 1071 2371 1101 2430; x_wconf 90' lang='lat' dir='ltr'><strong>iu</strong></span> <span class='ocrx_word' id='word_1_138' title='bbox 1114 2371 1196 2448; x_wconf 84' lang='lat' dir='ltr'><strong>praxi</strong></span> <span class='ocrx_word' id='word_1_139' title='bbox 1208 2371 1382 2436; x_wconf 84' lang='lat' dir='ltr'><strong>auctoritate</strong></span> <span class='ocrx_word' id='word_1_140' title='bbox 1395 2386 1445 2436; x_wconf 80' lang='lat' dir='ltr'><strong>cua</strong></span> <span class='ocrx_word' id='word_1_141' title='bbox 1455 2387 1470 2431; x_wconf 84' lang='lat' dir='ltr'><strong>e</strong></span> <span class='ocrx_word' id='word_1_142' title='bbox 1482 2381 1548 2449; x_wconf 79' lang='lat' dir='ltr'><strong>pont·</strong></span> 
     </span>
     <span class='ocr_line' id='line_1_18' title="bbox 509 2465 1549 2551; baseline -0.008 -21"><span class='ocrx_word' id='word_1_143' title='bbox 509 2473 550 2544; x_wconf 77' lang='lat' dir='ltr'><strong>lo,</strong></span> <span class='ocrx_word' id='word_1_144' title='bbox 567 2470 612 2531; x_wconf 88' lang='lat' dir='ltr'><strong>rel</strong></span> <span class='ocrx_word' id='word_1_145' title='bbox 626 2488 645 2530; x_wconf 82' lang='lat' dir='ltr'><strong>a</strong></span> <span class='ocrx_word' id='word_1_146' title='bbox 660 2470 764 2548; x_wconf 89' lang='lat' dir='ltr'><strong>populi</strong></span> <span class='ocrx_word' id='word_1_147' title='bbox 778 2471 1012 2548; x_wconf 79' lang='lat' dir='ltr'><strong>quibuscunque</strong></span> <span class='ocrx_word' id='word_1_148' title='bbox 1032 2469 1175 2546; x_wconf 82' lang='lat' dir='ltr'><strong>delegatis</strong></span> <span class='ocrx_word' id='word_1_149' title='bbox 1195 2471 1365 2551; x_wconf 87' lang='lat' dir='ltr'><strong>principem</strong></span> <span class='ocrx_word' id='word_1_150' title='bbox 1383 2465 1549 2546; x_wconf 88' lang='lat' dir='ltr'><strong>independen-</strong></span> 
     </span>
     <span class='ocr_line' id='line_1_19' title="bbox 510 2567 1549 2646; baseline -0.004 -20"><span class='ocrx_word' id='word_1_151' title='bbox 510 2575 569 2627; x_wconf 87' lang='lat' dir='ltr'><strong>lem</strong></span> <span class='ocrx_word' id='word_1_152' title='bbox 585 2567 705 2644; x_wconf 86' lang='lat' dir='ltr'><strong>spoliari</strong></span> <span class='ocrx_word' id='word_1_153' title='bbox 720 2582 729 2625; x_wconf 73' lang='grc' dir='ltr'><strong><em>ι</em></strong></span> <span class='ocrx_word' id='word_1_154' title='bbox 744 2575 773 2627; x_wconf 89' lang='lat' dir='ltr'><strong>et</strong></span> <span class='ocrx_word' id='word_1_155' title='bbox 784 2568 977 2628; x_wconf 85' lang='lat' dir='ltr'><strong>vehementer</strong></span> <span class='ocrx_word' id='word_1_156' title='bbox 992 2584 1138 2644; x_wconf 79' lang='lat' dir='ltr'><strong>negemus</strong></span> <span class='ocrx_word' id='word_1_157' title='bbox 1152 2569 1304 2646; x_wconf 84' lang='lat' dir='ltr'><strong>paritatem</strong></span> <span class='ocrx_word' id='word_1_158' title='bbox 1317 2569 1446 2634; x_wconf 91' lang='lat' dir='ltr'><strong>duorum</strong></span> <span class='ocrx_word' id='word_1_159' title='bbox 1459 2577 1549 2626; x_wconf 82' lang='lat' dir='ltr'><strong>casuum</strong></span> 
     </span>
     <span class='ocr_line' id='line_1_20' title="bbox 510 2664 1585 2752; baseline -0.008 -22"><span class='ocrx_word' id='word_1_160' title='bbox 510 2667 649 2731; x_wconf 81' lang='lat' dir='ltr'><strong>amentiae</strong></span> <span class='ocrx_word' id='word_1_161' title='bbox 663 2672 694 2727; x_wconf 89' lang='lat' dir='ltr'><strong>et</strong></span> <span class='ocrx_word' id='word_1_162' title='bbox 708 2664 883 2743; x_wconf 73' lang='lat' dir='ltr'><strong>tyrannidis.</strong></span> <span class='ocrx_word' id='word_1_163' title='bbox 902 2669 935 2728; x_wconf 91' lang='lat' dir='ltr'><strong>lu</strong></span> <span class='ocrx_word' id='word_1_164' title='bbox 948 2667 1093 2728; x_wconf 87' lang='lat' dir='ltr'><strong>abstracto</strong></span> <span class='ocrx_word' id='word_1_165' title='bbox 1108 2685 1171 2738; x_wconf 83' lang='lat' dir='ltr'><strong>rent</strong></span> <span class='ocrx_word' id='word_1_166' title='bbox 1189 2666 1415 2752; x_wconf 77' lang='lat' dir='ltr'><strong>considerando,</strong></span> <span class='ocrx_word' id='word_1_167' title='bbox 1430 2665 1465 2726; x_wconf 83' lang='lat' dir='ltr'><strong>ola</strong></span> <span class='ocrx_word' id='word_1_168' title='bbox 1478 2671 1551 2738; x_wconf 85' lang='lat' dir='ltr'><strong>tyran·</strong></span> <span class='ocrx_word' id='word_1_169' title='bbox 1584 2679 1585 2746; x_wconf 67' lang='lat' dir='ltr'><strong>y</strong></span> 
     </span>
     <span class='ocr_line' id='line_1_21' title="bbox 510 2749 1585 2849; baseline -0.004 -22"><span class='ocrx_word' id='word_1_170' title='bbox 510 2765 610 2827; x_wconf 86' lang='lat' dir='ltr'><strong>uidem</strong></span> <span class='ocrx_word' id='word_1_171' title='bbox 630 2781 769 2847; x_wconf 84' lang='lat' dir='ltr'><strong>suprema</strong></span> <span class='ocrx_word' id='word_1_172' title='bbox 784 2782 840 2828; x_wconf 82' lang='lat' dir='ltr'><strong>sua</strong></span> <span class='ocrx_word' id='word_1_173' title='bbox 853 2767 1027 2828; x_wconf 87' lang='lat' dir='ltr'><strong>auctoritate</strong></span> <span class='ocrx_word' id='word_1_174' title='bbox 1040 2766 1205 2849; x_wconf 87' lang='lat' dir='ltr'><strong>principem</strong></span> <span class='ocrx_word' id='word_1_175' title='bbox 1219 2765 1366 2839; x_wconf 80' lang='lat' dir='ltr'><strong>excidere,</strong></span> <span class='ocrx_word' id='word_1_176' title='bbox 1382 2781 1434 2826; x_wconf 88' lang='lat' dir='ltr'><strong>nos</strong></span> <span class='ocrx_word' id='word_1_177' title='bbox 1447 2763 1495 2845; x_wconf 84' lang='lat' dir='ltr'><strong>ipsi</strong></span> <span class='ocrx_word' id='word_1_178' title='bbox 1508 2775 1553 2839; x_wconf 80' lang='lat' dir='ltr'><strong>pto</strong></span> <span class='ocrx_word' id='word_1_179' title='bbox 1584 2749 1585 2758; x_wconf 67' lang='grc'>’</span> 
     </span>
     <span class='ocr_line' id='line_1_22' title="bbox 511 2864 1552 2945; baseline -0.006 -18"><span class='ocrx_word' id='word_1_180' title='bbox 511 2866 649 2928; x_wconf 84' lang='lat' dir='ltr'><strong>baulmue</strong></span> <span class='ocrx_word' id='word_1_181' title='bbox 667 2881 700 2927; x_wconf 90' lang='lat' dir='ltr'><strong>u.</strong></span> <span class='ocrx_word' id='word_1_182' title='bbox 726 2865 811 2927; x_wconf 73' lang='lat' dir='ltr'><strong>tuot.</strong></span> <span class='ocrx_word' id='word_1_183' title='bbox 828 2868 866 2932; x_wconf 86' lang='lat' dir='ltr'><strong>lu</strong></span> <span class='ocrx_word' id='word_1_184' title='bbox 887 2868 919 2925; x_wconf 91' lang='lat' dir='ltr'><strong>in</strong></span> <span class='ocrx_word' id='word_1_185' title='bbox 934 2865 1038 2929; x_wconf 91' lang='lat' dir='ltr'><strong>ordine</strong></span> <span class='ocrx_word' id='word_1_186' title='bbox 1052 2872 1189 2930; x_wconf 86' lang='lat' dir='ltr'><strong>concreto</strong></span> <span class='ocrx_word' id='word_1_187' title='bbox 1210 2874 1240 2927; x_wconf 90' lang='lat' dir='ltr'><strong>et</strong></span> <span class='ocrx_word' id='word_1_188' title='bbox 1254 2866 1392 2945; x_wconf 83' lang='lat' dir='ltr'><strong>praedm,</strong></span> <span class='ocrx_word' id='word_1_189' title='bbox 1406 2872 1438 2927; x_wconf 91' lang='lat' dir='ltr'><strong>ut</strong></span> <span class='ocrx_word' id='word_1_190' title='bbox 1450 2864 1552 2945; x_wconf 81' lang='lat' dir='ltr'><strong>prinecps</strong></span> 
     </span>
     <span class='ocr_line' id='line_1_23' title="bbox 506 2964 1586 3046; baseline -0.002 -21"><span class='ocrx_word' id='word_1_191' title='bbox 506 2964 548 3025; x_wconf 86' lang='lat' dir='ltr'><strong>ol)</strong></span> <span class='ocrx_word' id='word_1_192' title='bbox 561 2980 627 3028; x_wconf 85' lang='lat' dir='ltr'><strong>eam</strong></span> <span class='ocrx_word' id='word_1_193' title='bbox 647 2982 768 3029; x_wconf 78' lang='lat' dir='ltr'><strong>eaumm</strong></span> <span class='ocrx_word' id='word_1_194' title='bbox 784 2966 953 3046; x_wconf 87' lang='lat' dir='ltr'><strong>principatu</strong></span> <span class='ocrx_word' id='word_1_195' title='bbox 972 2966 1131 3045; x_wconf 83' lang='lat' dir='ltr'><strong>spoliatur,</strong></span> <span class='ocrx_word' id='word_1_196' title='bbox 1145 2964 1298 3044; x_wconf 84' lang='lat' dir='ltr'><strong>probanda</strong></span> <span class='ocrx_word' id='word_1_197' title='bbox 1316 2974 1363 3029; x_wconf 87' lang='lat' dir='ltr'><strong>eet</strong></span> <span class='ocrx_word' id='word_1_198' title='bbox 1383 2966 1470 3043; x_wconf 82' lang='lat' dir='ltr'><strong>nujus</strong></span> <span class='ocrx_word' id='word_1_199' title='bbox 1485 2973 1554 3023; x_wconf 75' lang='lat' dir='ltr'><strong>must</strong></span> <span class='ocrx_word' id='word_1_200' title='bbox 1585 3036 1586 3039; x_wconf 8' lang='grc' dir='ltr'><strong>Ἴ</strong></span> 
     </span>
     <span class='ocr_line' id='line_1_24' title="bbox 509 3065 1552 3145; baseline -0.005 -20"><span class='ocrx_word' id='word_1_201' title='bbox 509 3065 636 3142; x_wconf 80' lang='lat' dir='ltr'><strong>eerlme;</strong></span> <span class='ocrx_word' id='word_1_202' title='bbox 655 3065 872 3143; x_wconf 83' lang='lat' dir='ltr'><strong>probandaeet</strong></span> <span class='ocrx_word' id='word_1_203' title='bbox 890 3082 909 3125; x_wconf 84' lang='lat' dir='ltr'><strong>a</strong></span> <span class='ocrx_word' id='word_1_204' title='bbox 927 3065 1070 3143; x_wconf 80' lang='lat' dir='ltr'><strong>legitimis</strong></span> <span class='ocrx_word' id='word_1_205' title='bbox 1090 3066 1232 3143; x_wconf 82' lang='lat' dir='ltr'><strong>testibus3</strong></span> <span class='ocrx_word' id='word_1_206' title='bbox 1259 3066 1409 3145; x_wconf 82' lang='lat' dir='ltr'><strong>prebenda</strong></span> <span class='ocrx_word' id='word_1_207' title='bbox 1428 3070 1467 3125; x_wconf 86' lang='lat' dir='ltr'><strong>est</strong></span> <span class='ocrx_word' id='word_1_208' title='bbox 1483 3072 1552 3123; x_wconf 83' lang='lat' dir='ltr'><strong>mun</strong></span> 
     </span>
     <span class='ocr_line' id='line_1_25' title="bbox 506 3164 1554 3245; baseline -0.005 -20"><span class='ocrx_word' id='word_1_209' title='bbox 506 3165 609 3242; x_wconf 85' lang='lat' dir='ltr'><strong>y&#39;udice</strong></span> <span class='ocrx_word' id='word_1_210' title='bbox 626 3171 827 3243; x_wconf 81' lang='lat' dir='ltr'><strong>competente3</strong></span> <span class='ocrx_word' id='word_1_211' title='bbox 853 3164 978 3231; x_wconf 69' lang='lat' dir='ltr'><strong>tuende</strong></span> <span class='ocrx_word' id='word_1_212' title='bbox 999 3172 1044 3230; x_wconf 89' lang='lat' dir='ltr'><strong>est</strong></span> <span class='ocrx_word' id='word_1_213' title='bbox 1065 3183 1083 3230; x_wconf 85' lang='lat' dir='ltr'><strong>a</strong></span> <span class='ocrx_word' id='word_1_214' title='bbox 1102 3164 1206 3245; x_wconf 89' lang='lat' dir='ltr'><strong>judice</strong></span> <span class='ocrx_word' id='word_1_215' title='bbox 1230 3182 1317 3241; x_wconf 77' lang='lat' dir='ltr'><strong>equo</strong></span> <span class='ocrx_word' id='word_1_216' title='bbox 1342 3165 1491 3239; x_wconf 74' lang='lat' dir='ltr'><strong>mannus,</strong></span> <span class='ocrx_word' id='word_1_217' title='bbox 1510 3172 1554 3237; x_wconf 81' lang='lat' dir='ltr'><strong>quc</strong></span> 
     </span>
     <span class='ocr_line' id='line_1_26' title="bbox 509 3260 1552 3345; baseline 0.002 -21"><span class='ocrx_word' id='word_1_218' title='bbox 509 3263 636 3341; x_wconf 79' lang='lat' dir='ltr'><strong>dignum</strong></span> <span class='ocrx_word' id='word_1_219' title='bbox 650 3272 728 3329; x_wconf 82' lang='lat' dir='ltr'><strong>uum</strong></span> <span class='ocrx_word' id='word_1_220' title='bbox 741 3266 899 3343; x_wconf 86' lang='lat' dir='ltr'><strong>punitione</strong></span> <span class='ocrx_word' id='word_1_221' title='bbox 913 3263 1077 3345; x_wconf 87' lang='lat' dir='ltr'><strong>principem</strong></span> <span class='ocrx_word' id='word_1_222' title='bbox 1090 3266 1121 3325; x_wconf 89' lang='lat' dir='ltr'><strong>iu</strong></span> <span class='ocrx_word' id='word_1_223' title='bbox 1135 3265 1188 3328; x_wconf 86' lang='lat' dir='ltr'><strong>tali</strong></span> <span class='ocrx_word' id='word_1_224' title='bbox 1201 3281 1273 3328; x_wconf 87' lang='lat' dir='ltr'><strong>casu</strong></span> <span class='ocrx_word' id='word_1_225' title='bbox 1284 3265 1410 3343; x_wconf 81' lang='lat' dir='ltr'><strong>judicet.</strong></span> <span class='ocrx_word' id='word_1_226' title='bbox 1427 3266 1486 3336; x_wconf 79' lang='lat' dir='ltr'><strong>lieu</strong></span> <span class='ocrx_word' id='word_1_227' title='bbox 1497 3260 1552 3321; x_wconf 71' lang='lat' dir='ltr'><strong>etim</strong></span> 
     </span>
     <span class='ocr_line' id='line_1_27' title="bbox 509 3364 1586 3445; baseline 0 -20"><span class='ocrx_word' id='word_1_228' title='bbox 509 3365 612 3425; x_wconf 87' lang='lat' dir='ltr'><strong>munic</strong></span> <span class='ocrx_word' id='word_1_229' title='bbox 625 3364 752 3441; x_wconf 81' lang='lat' dir='ltr'><strong>requirit</strong></span> <span class='ocrx_word' id='word_1_230' title='bbox 764 3365 889 3428; x_wconf 89' lang='lat' dir='ltr'><strong>omuino</strong></span> <span class='ocrx_word' id='word_1_231' title='bbox 907 3365 1077 3427; x_wconf 86' lang='lat' dir='ltr'><strong>communie</strong></span> <span class='ocrx_word' id='word_1_232' title='bbox 1095 3366 1221 3445; x_wconf 84' lang='lat' dir='ltr'><strong>justitiae</strong></span> <span class='ocrx_word' id='word_1_233' title='bbox 1234 3364 1317 3428; x_wconf 88' lang='lat' dir='ltr'><strong>erdo.</strong></span> <span class='ocrx_word' id='word_1_234' title='bbox 1338 3368 1492 3443; x_wconf 84' lang='lat' dir='ltr'><strong>Nunquam</strong></span> <span class='ocrx_word' id='word_1_235' title='bbox 1507 3374 1555 3443; x_wconf 71' lang='lat' dir='ltr'><strong>pru</strong></span> <span class='ocrx_word' id='word_1_236' title='bbox 1584 3392 1586 3403; x_wconf 68' lang='lat'><strong>.</strong></span> 
     </span>
     <span class='ocr_line' id='line_1_28' title="bbox 509 3446 1554 3551; baseline 0 -28"><span class='ocrx_word' id='word_1_237' title='bbox 509 3466 586 3523; x_wconf 86' lang='lat' dir='ltr'><strong>leuto</strong></span> <span class='ocrx_word' id='word_1_238' title='bbox 598 3462 699 3522; x_wconf 85' lang='lat' dir='ltr'><strong>licebit</strong></span> <span class='ocrx_word' id='word_1_239' title='bbox 713 3462 752 3525; x_wconf 84' lang='lat' dir='ltr'><strong>ol)</strong></span> <span class='ocrx_word' id='word_1_240' title='bbox 771 3462 867 3525; x_wconf 90' lang='lat' dir='ltr'><strong>ullam</strong></span> <span class='ocrx_word' id='word_1_241' title='bbox 884 3480 1006 3527; x_wconf 83' lang='lat' dir='ltr'><strong>oausam</strong></span> <span class='ocrx_word' id='word_1_242' title='bbox 1028 3472 1107 3524; x_wconf 90' lang='lat' dir='ltr'><strong>certo</strong></span> <span class='ocrx_word' id='word_1_243' title='bbox 1118 3466 1188 3543; x_wconf 90' lang='lat' dir='ltr'><strong>jure</strong></span> <span class='ocrx_word' id='word_1_244' title='bbox 1202 3463 1281 3541; x_wconf 90' lang='lat' dir='ltr'><strong>quod</strong></span> <span class='ocrx_word' id='word_1_245' title='bbox 1302 3446 1554 3551; x_wconf 84' lang='lat' dir='ltr'><strong>eliquispossidett</strong></span> 
     </span>
     <span class='ocr_line' id='line_1_29' title="bbox 510 3554 1555 3641; baseline -0.011 -18"><span class='ocrx_word' id='word_1_246' title='bbox 510 3563 598 3623; x_wconf 78' lang='lat' dir='ltr'><strong>illrum</strong></span> <span class='ocrx_word' id='word_1_247' title='bbox 611 3563 753 3639; x_wconf 85' lang='lat' dir='ltr'><strong>spoliare,</strong></span> <span class='ocrx_word' id='word_1_248' title='bbox 767 3561 826 3623; x_wconf 88' lang='lat' dir='ltr'><strong>uisi</strong></span> <span class='ocrx_word' id='word_1_249' title='bbox 846 3563 884 3623; x_wconf 84' lang='lat' dir='ltr'><strong>oh</strong></span> <span class='ocrx_word' id='word_1_250' title='bbox 908 3563 1090 3626; x_wconf 76' lang='lat' dir='ltr'><strong>sommarium</strong></span> <span class='ocrx_word' id='word_1_251' title='bbox 1110 3566 1159 3641; x_wconf 89' lang='lat' dir='ltr'><strong>jue</strong></span> <span class='ocrx_word' id='word_1_252' title='bbox 1177 3570 1304 3637; x_wconf 84' lang='lat' dir='ltr'><strong>certum,</strong></span> <span class='ocrx_word' id='word_1_253' title='bbox 1325 3580 1388 3641; x_wconf 90' lang='lat' dir='ltr'><strong>quo</strong></span> <span class='ocrx_word' id='word_1_254' title='bbox 1409 3562 1485 3641; x_wconf 86' lang='lat' dir='ltr'><strong>prius</strong></span> <span class='ocrx_word' id='word_1_255' title='bbox 1502 3554 1555 3617; x_wconf 91' lang='lat' dir='ltr'><strong>illud</strong></span> 
     </span>
     <span class='ocr_line' id='line_1_30' title="bbox 509 3658 1554 3744; baseline -0.006 -21"><span class='ocrx_word' id='word_1_256' title='bbox 509 3663 668 3725; x_wconf 70' lang='lat' dir='ltr'><strong>collidatur</strong></span> <span class='ocrx_word' id='word_1_257' title='bbox 682 3680 689 3721; x_wconf 82' lang='lat' dir='ltr'><strong>r</strong></span> <span class='ocrx_word' id='word_1_258' title='bbox 705 3662 738 3721; x_wconf 89' lang='lat' dir='ltr'><strong>in</strong></span> <span class='ocrx_word' id='word_1_259' title='bbox 761 3662 855 3723; x_wconf 74' lang='lat' dir='ltr'><strong>clunic</strong></span> <span class='ocrx_word' id='word_1_260' title='bbox 874 3678 1005 3741; x_wconf 85' lang='lat' dir='ltr'><strong>natuque</strong></span> <span class='ocrx_word' id='word_1_261' title='bbox 1029 3664 1120 3725; x_wconf 82' lang='lat' dir='ltr'><strong>vincit</strong></span> <span class='ocrx_word' id='word_1_262' title='bbox 1139 3678 1288 3743; x_wconf 82' lang='lat' dir='ltr'><strong>possessor</strong></span> <span class='ocrx_word' id='word_1_263' title='bbox 1310 3662 1406 3744; x_wconf 75' lang='lat'><strong>(409).</strong></span> <span class='ocrx_word' id='word_1_264' title='bbox 1427 3658 1505 3739; x_wconf 70' lang='lat' dir='ltr'><strong>Aqui</strong></span> <span class='ocrx_word' id='word_1_265' title='bbox 1520 3658 1554 3731; x_wconf 86' lang='lat' dir='ltr'><strong>jue</strong></span> 
     </span>
     <span class='ocr_line' id='line_1_31' title="bbox 511 3756 1556 3849; baseline -0.006 -32"><span class='ocrx_word' id='word_1_266' title='bbox 511 3761 590 3839; x_wconf 88' lang='lat' dir='ltr'><strong>qnod</strong></span> <span class='ocrx_word' id='word_1_267' title='bbox 607 3759 737 3841; x_wconf 79' lang='lat' dir='ltr'><strong>populus</strong></span> <span class='ocrx_word' id='word_1_268' title='bbox 754 3766 856 3823; x_wconf 86' lang='lat' dir='ltr'><strong>contra</strong></span> <span class='ocrx_word' id='word_1_269' title='bbox 870 3776 963 3824; x_wconf 88' lang='lat' dir='ltr'><strong>suum</strong></span> <span class='ocrx_word' id='word_1_270' title='bbox 983 3762 1148 3843; x_wconf 87' lang='lat' dir='ltr'><strong>principem</strong></span> <span class='ocrx_word' id='word_1_271' title='bbox 1172 3768 1301 3837; x_wconf 84' lang='lat' dir='ltr'><strong>moveat,</strong></span> <span class='ocrx_word' id='word_1_272' title='bbox 1323 3778 1441 3849; x_wconf 84' lang='lat' dir='ltr'><strong>semper</strong></span> <span class='ocrx_word' id='word_1_273' title='bbox 1460 3756 1556 3817; x_wconf 82' lang='lat' dir='ltr'><strong>dubium</strong></span> 
     </span>
     <span class='ocr_line' id='line_1_32' title="bbox 510 3854 1554 3941; baseline -0.001 -19"><span class='ocrx_word' id='word_1_274' title='bbox 510 3862 581 3941; x_wconf 88' lang='lat' dir='ltr'><strong>erit;</strong></span> <span class='ocrx_word' id='word_1_275' title='bbox 598 3859 790 3939; x_wconf 76' lang='lat' dir='ltr'><strong>quianullus</strong></span> <span class='ocrx_word' id='word_1_276' title='bbox 804 3860 957 3939; x_wconf 63' lang='lat' dir='ltr'><strong>legitimus</strong></span> <span class='ocrx_word' id='word_1_277' title='bbox 976 3862 1068 3930; x_wconf 88' lang='lat' dir='ltr'><strong>testis,</strong></span> <span class='ocrx_word' id='word_1_278' title='bbox 1085 3858 1190 3924; x_wconf 86' lang='lat' dir='ltr'><strong>nullus</strong></span> <span class='ocrx_word' id='word_1_279' title='bbox 1200 3861 1295 3937; x_wconf 81' lang='lat' dir='ltr'><strong>judex</strong></span> <span class='ocrx_word' id='word_1_280' title='bbox 1308 3866 1474 3941; x_wconf 83' lang='lat' dir='ltr'><strong>competens</strong></span> <span class='ocrx_word' id='word_1_281' title='bbox 1487 3854 1554 3921; x_wconf 76' lang='lat' dir='ltr'><strong>adel</strong></span> 
     </span>
     <span class='ocr_line' id='line_1_33' title="bbox 510 3958 1556 4039; baseline -0.009 -18"><span class='ocrx_word' id='word_1_282' title='bbox 510 3969 562 4023; x_wconf 86' lang='lat' dir='ltr'><strong>cut</strong></span> <span class='ocrx_word' id='word_1_283' title='bbox 575 3961 678 4023; x_wconf 83' lang='lat' dir='ltr'><strong>adesse</strong></span> <span class='ocrx_word' id='word_1_284' title='bbox 699 3966 805 4039; x_wconf 86' lang='lat' dir='ltr'><strong>potest,</strong></span> <span class='ocrx_word' id='word_1_285' title='bbox 821 3976 874 4039; x_wconf 82' lang='lat' dir='ltr'><strong>per</strong></span> <span class='ocrx_word' id='word_1_286' title='bbox 894 3976 971 4035; x_wconf 85' lang='lat' dir='ltr'><strong>quoe</strong></span> <span class='ocrx_word' id='word_1_287' title='bbox 985 3976 1083 4027; x_wconf 82' lang='lat' dir='ltr'><strong>eausee</strong></span> <span class='ocrx_word' id='word_1_288' title='bbox 1098 3962 1206 4025; x_wconf 79' lang='lat' dir='ltr'><strong>venus</strong></span> <span class='ocrx_word' id='word_1_289' title='bbox 1227 3978 1261 4023; x_wconf 86' lang='lat' dir='ltr'><strong>aa</strong></span> <span class='ocrx_word' id='word_1_290' title='bbox 1279 3960 1425 4027; x_wconf 83' lang='lat' dir='ltr'><strong>certitudo</strong></span> <span class='ocrx_word' id='word_1_291' title='bbox 1446 3958 1556 4019; x_wconf 83' lang='lat' dir='ltr'><strong>adtente</strong></span> 
     </span>
     <span class='ocr_line' id='line_1_34' title="bbox 509 4051 1556 4143; baseline -0.008 -16"><span class='ocrx_word' id='word_1_292' title='bbox 509 4062 673 4141; x_wconf 82' lang='lat' dir='ltr'><strong>prinoipem</strong></span> <span class='ocrx_word' id='word_1_293' title='bbox 695 4060 895 4123; x_wconf 82' lang='lat' dir='ltr'><strong>constituatur</strong></span> <span class='ocrx_word' id='word_1_294' title='bbox 919 4073 927 4117; x_wconf 93' lang='lat'><strong>:</strong></span> <span class='ocrx_word' id='word_1_295' title='bbox 954 4076 1042 4121; x_wconf 88' lang='lat' dir='ltr'><strong>neme</strong></span> <span class='ocrx_word' id='word_1_296' title='bbox 1069 4060 1180 4143; x_wconf 89' lang='lat' dir='ltr'><strong>quippe</strong></span> <span class='ocrx_word' id='word_1_297' title='bbox 1202 4060 1309 4137; x_wconf 82' lang='lat' dir='ltr'><strong>judex,</strong></span> <span class='ocrx_word' id='word_1_298' title='bbox 1337 4076 1427 4123; x_wconf 91' lang='lat' dir='ltr'><strong>nemo</strong></span> <span class='ocrx_word' id='word_1_299' title='bbox 1450 4051 1556 4119; x_wconf 72' lang='lat' dir='ltr'><strong>amisit</strong></span> 
     </span>
     <span class='ocr_line' id='line_1_35' title="bbox 510 4150 1555 4245; baseline -0.006 -25"><span class='ocrx_word' id='word_1_300' title='bbox 510 4162 629 4242; x_wconf 87' lang='lat' dir='ltr'><strong>propria</strong></span> <span class='ocrx_word' id='word_1_301' title='bbox 644 4176 744 4219; x_wconf 83' lang='lat' dir='ltr'><strong>causa.</strong></span> <span class='ocrx_word' id='word_1_302' title='bbox 760 4158 855 4235; x_wconf 73' lang='lat' dir='ltr'><strong>igitur</strong></span> <span class='ocrx_word' id='word_1_303' title='bbox 869 4157 1051 4219; x_wconf 74' lang='lat' dir='ltr'><strong>liberalium</strong></span> <span class='ocrx_word' id='word_1_304' title='bbox 1067 4160 1201 4221; x_wconf 89' lang='lat' dir='ltr'><strong>doctrine</strong></span> <span class='ocrx_word' id='word_1_305' title='bbox 1216 4160 1269 4221; x_wconf 89' lang='lat' dir='ltr'><strong>illa</strong></span> <span class='ocrx_word' id='word_1_306' title='bbox 1290 4150 1555 4245; x_wconf 65' lang='lat' dir='ltr'><strong>requiescentes</strong></span> 
     </span>
     <span class='ocr_line' id='line_1_36' title="bbox 510 4246 1555 4339; baseline 0.005 -19"><span class='ocrx_word' id='word_1_307' title='bbox 510 4261 596 4338; x_wconf 86' lang='lat' dir='ltr'><strong>prius</strong></span> <span class='ocrx_word' id='word_1_308' title='bbox 618 4257 795 4330; x_wconf 64' lang='lat' dir='ltr'><strong>admittatur</strong></span> <span class='ocrx_word' id='word_1_309' title='bbox 820 4256 878 4317; x_wconf 86' lang='lat' dir='ltr'><strong>hoc</strong></span> <span class='ocrx_word' id='word_1_310' title='bbox 898 4256 1091 4339; x_wconf 86' lang='lat' dir='ltr'><strong>principium,</strong></span> <span class='ocrx_word' id='word_1_311' title='bbox 1118 4256 1206 4320; x_wconf 77' lang='lat' dir='ltr'><strong>littere</strong></span> <span class='ocrx_word' id='word_1_312' title='bbox 1228 4260 1338 4339; x_wconf 85' lang='lat' dir='ltr'><strong>auique</strong></span> <span class='ocrx_word' id='word_1_313' title='bbox 1360 4256 1515 4325; x_wconf 73' lang='lat' dir='ltr'><strong>ttdtertttl⁰</strong></span> <span class='ocrx_word' id='word_1_314' title='bbox 1530 4246 1555 4307; x_wconf 69' lang='lat' dir='ltr'><strong>ll</strong></span> 
     </span>
     <span class='ocr_line' id='line_1_37' title="bbox 509 4352 1555 4439; baseline -0.007 -19"><span class='ocrx_word' id='word_1_315' title='bbox 509 4359 676 4439; x_wconf 84' lang='lat' dir='ltr'><strong>simplicem</strong></span> <span class='ocrx_word' id='word_1_316' title='bbox 699 4371 789 4417; x_wconf 86' lang='lat' dir='ltr'><strong>suem</strong></span> <span class='ocrx_word' id='word_1_317' title='bbox 806 4356 1023 4417; x_wconf 77' lang='lat' dir='ltr'><strong>eoeumtionem</strong></span> <span class='ocrx_word' id='word_1_318' title='bbox 1044 4356 1139 4417; x_wconf 88' lang='lat' dir='ltr'><strong>elium</strong></span> <span class='ocrx_word' id='word_1_319' title='bbox 1158 4360 1333 4437; x_wconf 84' lang='lat' dir='ltr'><strong>quempiam</strong></span> <span class='ocrx_word' id='word_1_320' title='bbox 1350 4356 1480 4435; x_wconf 75' lang='lat' dir='ltr'><strong>aggredi,</strong></span> <span class='ocrx_word' id='word_1_321' title='bbox 1492 4352 1555 4427; x_wconf 69' lang='lat' dir='ltr'><strong>eique</strong></span> 
     </span>
     <span class='ocr_line' id='line_1_38' title="bbox 510 4448 1555 4538; baseline -0.014 -19"><span class='ocrx_word' id='word_1_322' title='bbox 510 4474 635 4522; x_wconf 86' lang='lat' dir='ltr'><strong>suorum</strong></span> <span class='ocrx_word' id='word_1_323' title='bbox 656 4456 803 4517; x_wconf 78' lang='lat' dir='ltr'><strong>nouorum</strong></span> <span class='ocrx_word' id='word_1_324' title='bbox 826 4456 1044 4533; x_wconf 85' lang='lat' dir='ltr'><strong>possessionem</strong></span> <span class='ocrx_word' id='word_1_325' title='bbox 1059 4457 1086 4517; x_wconf 90' lang='lat' dir='ltr'><strong>vi</strong></span> <span class='ocrx_word' id='word_1_326' title='bbox 1102 4458 1236 4537; x_wconf 86' lang='lat' dir='ltr'><strong>eripere:</strong></span> <span class='ocrx_word' id='word_1_327' title='bbox 1253 4458 1331 4535; x_wconf 79' lang='lat' dir='ltr'><strong>quod</strong></span> <span class='ocrx_word' id='word_1_328' title='bbox 1355 4458 1478 4538; x_wconf 84' lang='lat' dir='ltr'><strong>prolecto</strong></span> <span class='ocrx_word' id='word_1_329' title='bbox 1495 4448 1555 4531; x_wconf 88' lang='lat' dir='ltr'><strong>priu-</strong></span> 
     </span>
     <span class='ocr_line' id='line_1_39' title="bbox 509 4550 1555 4637; baseline -0.009 -18"><span class='ocrx_word' id='word_1_330' title='bbox 509 4554 635 4637; x_wconf 85' lang='lat' dir='ltr'><strong>eipium,</strong></span> <span class='ocrx_word' id='word_1_331' title='bbox 648 4570 710 4633; x_wconf 87' lang='lat' dir='ltr'><strong>quo</strong></span> <span class='ocrx_word' id='word_1_332' title='bbox 721 4553 842 4615; x_wconf 80' lang='lat' dir='ltr'><strong>socialis</strong></span> <span class='ocrx_word' id='word_1_333' title='bbox 854 4553 928 4615; x_wconf 89' lang='lat' dir='ltr'><strong>ordo</strong></span> <span class='ocrx_word' id='word_1_334' title='bbox 941 4560 970 4615; x_wconf 87' lang='lat' dir='ltr'><strong>et</strong></span> <span class='ocrx_word' id='word_1_335' title='bbox 985 4550 1178 4619; x_wconf 84' lang='lat' dir='ltr'><strong>iudiiidualis</strong></span> <span class='ocrx_word' id='word_1_336' title='bbox 1191 4557 1333 4620; x_wconf 84' lang='lat' dir='ltr'><strong>securitas</strong></span> <span class='ocrx_word' id='word_1_337' title='bbox 1345 4556 1477 4621; x_wconf 75' lang='lat' dir='ltr'><strong>funditus</strong></span> <span class='ocrx_word' id='word_1_338' title='bbox 1493 4564 1555 4611; x_wconf 84' lang='lat' dir='ltr'><strong>erct-</strong></span> 
     </span>
     <span class='ocr_line' id='line_1_40' title="bbox 510 4654 1184 4735; baseline -0.003 -16"><span class='ocrx_word' id='word_1_339' title='bbox 510 4660 656 4727; x_wconf 79' lang='lat' dir='ltr'><strong>tereretur,</strong></span> <span class='ocrx_word' id='word_1_340' title='bbox 671 4669 761 4718; x_wconf 85' lang='lat' dir='ltr'><strong>nemo</strong></span> <span class='ocrx_word' id='word_1_341' title='bbox 779 4668 873 4716; x_wconf 79' lang='lat' dir='ltr'><strong>mnus</strong></span> <span class='ocrx_word' id='word_1_342' title='bbox 886 4669 1023 4735; x_wconf 81' lang='lat' dir='ltr'><strong>uuquam</strong></span> <span class='ocrx_word' id='word_1_343' title='bbox 1039 4654 1184 4717; x_wconf 85' lang='lat' dir='ltr'><strong>tolerabit.</strong></span> 
     </span>
    </p>
   </div>
   <div class='ocr_carea' id='block_1_3' title="bbox 549 4752 1556 4841">
    <p class='ocr_par' dir='ltr' id='par_1_5' title="bbox 549 4752 1556 4841">
     <span class='ocr_line' id='line_1_41' title="bbox 549 4752 1556 4841; baseline -0.016 -20"><span class='ocrx_word' id='word_1_344' title='bbox 549 4758 598 4827; x_wconf 70' lang='lat' dir='ltr'><strong>ut,</strong></span> <span class='ocrx_word' id='word_1_345' title='bbox 619 4754 735 4833; x_wconf 83' lang='lat' dir='ltr'><strong>inquiet</strong></span> <span class='ocrx_word' id='word_1_346' title='bbox 750 4752 873 4833; x_wconf 77' lang='lat' dir='ltr'><strong>aliquis,</strong></span> <span class='ocrx_word' id='word_1_347' title='bbox 894 4752 1006 4823; x_wconf 79' lang='lat' dir='ltr'><strong>eedem</strong></span> <span class='ocrx_word' id='word_1_348' title='bbox 1023 4754 1148 4838; x_wconf 76' lang='lat' dir='ltr'><strong>lustum</strong></span> <span class='ocrx_word' id='word_1_349' title='bbox 1170 4755 1264 4839; x_wconf 77' lang='lat' dir='ltr'><strong>leges,</strong></span> <span class='ocrx_word' id='word_1_350' title='bbox 1283 4756 1394 4841; x_wconf 84' lang='lat' dir='ltr'><strong>quibus</strong></span> <span class='ocrx_word' id='word_1_351' title='bbox 1417 4754 1479 4817; x_wconf 85' lang='lat' dir='ltr'><strong>lites</strong></span> <span class='ocrx_word' id='word_1_352' title='bbox 1498 4752 1556 4813; x_wconf 84' lang='lat' dir='ltr'><strong>tunt</strong></span> 
     </span>
    </p>
   </div>
   <div class='ocr_carea' id='block_1_4' title="bbox 0 0 1784 5675">
    <p class='ocr_par' dir='ltr' id='par_1_6' title="bbox 0 0 1784 5675">
     <span class='ocr_line' id='line_1_42' title="bbox 0 0 1784 5675; baseline 0 0"><span class='ocrx_word' id='word_1_353' title='bbox 0 0 1784 5675; x_wconf 95' lang='lat' dir='ltr'><strong> </strong></span> 
     </span>
    </p>
   </div>
  </div>
 </body>
</html>
