3559 5675
431 713 471 775 do
840 730 919 779 mars
940 732 1103 783 sirannus

429 838 529 901 banda
543 840 754 915 indicarimus,
769 837 829 901 lene
841 839 989 901 damnum
1002 841 1033 901 in
1044 840 1132 901 ironis
1142 840 1272 903 fortuna
1284 854 1304 900 a
1316 840 1514 921 nohisappel·

429 938 485 1001 lari
497 958 711 1021 quameunque
722 940 913 1001 fortunarum
936 941 1140 1009 amissionem,
1155 956 1224 1017 qua
1241 938 1357 1001 mediis
1369 941 1409 1001 sd
1422 942 1514 1002 ritem

431 1024 553 1103 honeste
575 1041 722 1118 agendam
747 1040 920 1102 neeoesariis
938 1056 1000 1101 non
1022 1038 1311 1118 omninoexpoliot.
1327 1040 1413 1101 'iniis
1433 1042 1514 1101 enirn

429 1156 619 1220 quaeauuqus
641 1142 789 1203 bonorum
812 1141 936 1203 arnissio
965 1156 1083 1221 semper
1102 1141 1160 1201 erit
1177 1139 1404 1201 detrimentum
1427 1141 1513 1217 longe

430 1239 526 1302 larius
538 1258 630 1319 quom
641 1242 710 1303 ritae
718 1242 951 1321 ipsinsamissio.
960 1243 1008 1316 nt,
1019 1241 1045 1303 si
1054 1255 1211 1318 aggressor
1224 1245 1391 1301 conaretur
1400 1241 1513 1319 eripere

382 1419 386 1425 f
430 1337 529 1400 media
544 1339 582 1400 ad
600 1339 722 1401 honeste
732 1339 897 1400 vivendum
911 1356 1036 1419 prorsus
1055 1339 1237 1413 necessaria,
1255 1336 1296 1399 ob
1311 1337 1418 1415 legem
1431 1338 1512 1398 iiiam

428 1438 629 1515 proportionis
655 1452 724 1515 que
744 1454 862 1517 semper
886 1439 920 1498 in
944 1437 1076 1498 duorum
1098 1436 1217 1515 jurium
1238 1436 1401 1497 oollisione
1425 1434 1513 1497 adhi-

430 1534 528 1596 nenda
538 1544 595 1613 est,
608 1542 717 1617 poterit
728 1540 833 1616 nuque
842 1538 996 1615 aggressio
1008 1537 1092 1599 iiiios
1109 1552 1181 1597 neos
1195 1536 1314 1615 repelli.
1605 1528 1606 1543 *

469 1638 598 1701 Εοιιοιι.
617 1642 646 1700 2.
659 1670 699 1684 -
708 1638 769 1699 tion
779 1640 869 1700 etiam
883 1638 1079 1699 manifestum
1091 1640 1148 1711 est,
1159 1636 1185 1696 si
1196 1634 1271 1697 dum
1283 1634 1375 1701 bonis
1388 1638 1465 1697 meis
1477 1637 1512 1697 ab

429 1736 610 1809 aggressoris
626 1736 770 1797 violentia
791 1735 988 1797 detrudendis
1004 1735 1121 1805 insisto,
1138 1750 1293 1811 aggressor
1308 1734 1349 1795 ad
1364 1735 1428 1794 vim
1441 1748 1511 1795 mea

429 1834 496 1893 vitu
510 1836 568 1915 ipsi
580 1836 767 1897 inferendam
782 1841 932 1913 assurgat,
945 1842 1018 1898 tune
1031 1838 1170 1913 jamnon
1187 1833 1322 1912 amptius
1336 1834 1375 1895 de
1387 1834 1512 1895 iortnnis

428 1931 480 1991 sed
491 1933 600 1996 devita
611 1936 804 1997 mentuenda
820 1937 889 2013 agi;
912 1934 1045 2014 adeoque
1064 1934 1167 1996 omnia
1177 1948 1245 2012 qnae
1258 1932 1299 1995 ed
1310 1932 1421 1995 mortis
1433 1934 1509 2013 peri·

427 2031 532 2094 eninm
549 2035 588 2095 ab
606 2037 720 2113 inJ'usto
738 2050 911 2115 aggressoro
930 2034 1049 2097 illatum
1061 2033 1303 2115 propulsandum
1317 2033 1417 2095 iaoero
1432 2033 1506 2111 linet,

428 2136 501 2192 orne
513 2135 618 2212 utique
630 2134 774 2197 lioebunt.

467 2230 539 2294 766.
555 2235 623 2296 Poe.
640 2231 721 2297 364⁸.
736 2266 775 2283 -
791 2236 827 2299 Ei
843 2238 898 2316 qui
920 2235 992 2298 solis
1005 2236 1182 2297 vulneribus
1202 2238 1299 2313 potest
1322 2234 1434 2314 injusti
1444 2248 1507 2311 vag·

426 2333 571 2406 gressoris
584 2335 760 2397 violentiam
774 2336 945 2416 prohibere,
967 2336 1036 2398 lieet
1047 2336 1171 2415 quidem
1192 2334 1274 2395 huno
1291 2333 1507 2408 vulnerasset

428 2431 570 2494 eumdem
585 2434 718 2498 ooaidere
728 2454 790 2498 non
804 2438 884 2499 lieet.

470 2534 563 2595 Pron.
579 2566 617 2580 -
635 2537 679 2611 Si,
693 2552 866 2615 aggressore
884 2539 917 2599 in
928 2552 977 2599 me
990 2538 1133 2609 irruente,
1148 2536 1258 2615 possim
1276 2536 1372 2605 illurn
1385 2536 1426 2597 ite
1439 2535 1506 2597 rul-

429 2644 535 2693 norare
548 2640 583 2695 nt
601 2636 738 2715 ineptum
758 2654 829 2698 eum
852 2638 888 2698 ad
913 2635 1111 2715 pugnandum
1129 2646 1163 2695 ao
1182 2650 1232 2696 rna
1246 2632 1422 2696 ledendum
1443 2632 1506 2695 effl-

428 2730 521 2810 eiam,
544 2740 617 2797 tuno
643 2740 698 2816 Jns
721 2754 824 2799 meum
856 2738 894 2799 ed
916 2738 1008 2797 vitam
1030 2734 1184 2799 evidenter
1212 2740 1337 2815 superat
1356 2738 1410 2813 jns
1429 2732 1505 2812 qnod

428 2844 585 2908 aggressor
599 2834 691 2898 habet
701 2836 739 2898 nd
754 2839 960 2900 membrorum
981 2851 1109 2898 suorum
1126 2835 1345 2914 integritatem
1362 2842 1393 2896 at
1406 2849 1503 2895 menna

427 2931 504 2992 'dlud
514 2937 568 3010 jus
588 2951 780 3016 nequaquam
798 2939 952 3000 ooiiiditur
967 2953 1036 2998 enm
1057 2937 1127 3013 jnre
1143 2937 1330 3013 aggressoris
1349 2935 1389 2996 nd
1403 2936 1500 2997 vitam·

426 3031 573 3108 argonna
582 3041 763 3115 aggressorie
784 3041 833 3116 jue
851 3040 997 3100 innatum
1015 3041 1190 3115 permanet,
1203 3036 1346 3113 quamvis
1361 3035 1413 3096 ille
1426 3031 1503 3096 ami·-

427 3133 499 3192 serit
507 3135 561 3209 jus
573 3151 613 3197 ne
624 3153 642 3196 a
653 3145 705 3199 me
715 3139 901 3200 vulneretur.
916 3140 1006 3214 Ergo,
1021 3143 1075 3197 ete.

466 3233 537 3293 767.
551 3236 618 3295 Pus.
636 3237 716 3298 365¹.
730 3269 770 3284 -
780 3239 929 3313 injustum
939 3251 1155 3313 aggressuram,
1169 3233 1296 3296 mortem
1311 3235 1447 3314 cuipiam
1458 3234 1504 3294 in·

427 3327 504 3390 terre
523 3339 690 3410 parantem,
712 3335 768 3394 noi·
787 3349 847 3394 non
869 3333 957 3394 aliter
976 3333 1072 3411 possit
1092 3335 1161 3410 ejus
1178 3332 1322 3394 violentia
1339 3330 1499 3413 prohiberi,

427 3427 560 3491 ooeidere
573 3432 674 3491 statim
688 3433 805 3510 privato
817 3431 933 3492 homini
950 3431 1030 3492 dost.

466 3529 561 3590 Paos.
574 3561 613 3576 ·-
629 3530 684 3590 Ubi
700 3531 808 3609 injusti
818 3531 1002 3608 aggressoris
1015 3547 1096 3594 mors
1108 3531 1148 3592 sit
1159 3530 1258 3592 solum
1273 3530 1410 3594 merlinnr
1422 3527 1498 3608 quod

409 3624 462 3686 ad
477 3626 571 3687 vitam
584 3645 683 3689 meam
697 3629 736 3690 ab
748 3631 814 3706 ejus
829 3629 970 3690 violentia
980 3629 1201 3692 defendendam
1214 3635 1362 3708 superest,
1376 3628 1501 3707 perfeeto
1605 3691 1606 3694 ,

426 3731 499 3786 tono
520 3727 604 3788 adest
619 3728 733 3789 collisio
747 3730 828 3805 juris
845 3728 883 3789 ed
899 3729 992 3790 ritem
1005 3728 1086 3806 quod
1098 3734 1225 3806 numne
1245 3727 1406 3790 hammus.
1427 3726 1500 3800 Ergo

425 3824 451 3884 si
463 3825 526 3886 sota
535 3827 607 3902 jnra
620 3827 815 3890 temeritatis
827 3829 1003 3890 eommunia
1023 3833 1245 3907 spectarentur,
1260 3825 1325 3889 huo
1339 3829 1414 3904 juro
1429 3824 1499 3886 etin

426 3937 476 3984 rne
486 3930 518 3984 et
527 3926 561 3985 in
573 3941 746 4003 aggressore
756 3927 886 4005 nonalia
899 3931 1009 3988 essent.

469 4025 710 4086 serenianum
723 4028 926 4104 aggressionis
939 4026 1116 4108 plnresjam
1130 4025 1250 4088 induxit
1263 4021 1500 4088 annumerandas

424 4125 554 4200 quoius
568 4128 751 4204 aggressoris
765 4128 803 4187 ad
817 4145 906 4188 suam
920 4129 1012 4188 vitam
1032 4125 1167 4188 effieiunt
1183 4141 1251 4186 meo
1262 4129 1333 4204 jure
1350 4120 1497 4200 longuin-

423 4222 527 4284 terios.
542 4226 618 4286 itam
631 4223 828 4303 deggiano
838 4233 885 4288 est
901 4223 1027 4306 injusta,
1042 4225 1189 4288 nimirum
1207 4224 1306 4286 ordini
1327 4221 1494 4286 corinun:

425 4338 494 4383 mea
505 4339 576 4385 vero
592 4324 727 4386 defensio
740 4333 786 4387 est
792 4321 891 4406 juata,
907 4327 1020 4388 seilicet
1032 4325 1131 4388 ordini
1144 4326 1345 4388 eonsentiens.
1371 4325 1447 4398 Ergo
1465 4319 1495 4378 in

424 4438 474 4482 me
491 4422 563 4484 bina
573 4427 637 4502 jann
649 4425 760 4486 adeunt
777 4429 859 4505 jura,
871 4429 924 4504 jus
938 4426 1078 4504 generate
1092 4428 1218 4508 propris
1229 4418 1454 4509 ammonit
1468 4423 1495 4476 et

420 4523 474 4598 jns
486 4520 663 4601 mantare
675 4523 854 4605 desererem}
867 4543 920 4606 pro
935 4527 987 4586 taii
1007 4539 1091 4602 men,
1107 4542 1214 4605 nempe
1226 4525 1284 4606 'tna
1297 4523 1335 4586 ad
1352 4523 1416 4584 rim
1429 4519 1494 4578 tros-

424 4620 506 4682 tilem
521 4623 739 4685 retundendam
752 4631 787 4685 ut
801 4641 874 4687 meae
888 4626 955 4689 vitae
971 4627 1131 4690 oonsnlarn
1154 4641 1163 4685 r
1184 4643 1250 4704 qnae
1264 4625 1325 4687 dno
1341 4624 1412 4700 jura
1426 4619 1493 4678 sunt

423 4723 533 4807 pariter
543 4724 642 4786 ordini
655 4726 831 4788 unformia.
1346 4731 1348 4740 ’
1478 4713 1480 4720 ’
