<?xml version="1.0" encoding="UTF-8"?>
<!DOCTYPE html PUBLIC "-//W3C//DTD XHTML 1.0 Transitional//EN"
    "http://www.w3.org/TR/xhtml1/DTD/xhtml1-transitional.dtd">
<html xmlns="http://www.w3.org/1999/xhtml" xml:lang="en" lang="en">
 <head>
  <title>
</title>
<meta http-equiv="Content-Type" content="text/html;charset=utf-8" />
  <meta name='ocr-system' content='tesseract 3.04.00' />
  <meta name='ocr-capabilities' content='ocr_page ocr_carea ocr_par ocr_line ocrx_word'/>
</head>
<body>
  <div class='ocr_page' id='page_1' title='image "./jurisnaturalisu00bensgoog_0451.png"; bbox 0 0 3559 5675; ppageno 0'>
   <div class='ocr_carea' id='block_1_1' title="bbox 499 756 1294 940">
    <p class='ocr_par' dir='ltr' id='par_1_1' title="bbox 499 756 1294 940">
     <span class='ocr_line' id='line_1_1' title="bbox 499 756 1294 940; baseline -0.01 -3"><span class='ocrx_word' id='word_1_1' title='bbox 499 824 665 937; x_wconf 85' lang='lat' dir='ltr'><strong>tum</strong></span> <span class='ocrx_word' id='word_1_2' title='bbox 702 762 1057 940; x_wconf 61' lang='lat' dir='ltr'><strong>ouoo&#39;eurus.</strong></span> <span class='ocrx_word' id='word_1_3' title='bbox 1143 888 1180 913; x_wconf 83' lang='lat'><strong>.-</strong></span> <span class='ocrx_word' id='word_1_4' title='bbox 1289 756 1294 765; x_wconf 69' lang='grc'><strong><em>’</em></strong></span> 
     </span>
    </p>
   </div>
   <div class='ocr_carea' id='block_1_2' title="bbox 684 1102 829 1126">
    <p class='ocr_par' dir='ltr' id='par_1_2' title="bbox 684 1102 829 1126">
     <span class='ocr_line' id='line_1_2' title="bbox 684 1102 829 1126; baseline 0.021 -3"><span class='ocrx_word' id='word_1_5' title='bbox 684 1102 829 1126; x_wconf 61' lang='lat' dir='ltr'><strong>unu-nb-</strong></span> 
     </span>
    </p>
   </div>
   <div class='ocr_carea' id='block_1_3' title="bbox 280 1300 1253 1462">
    <p class='ocr_par' dir='ltr' id='par_1_3' title="bbox 280 1300 1253 1462">
     <span class='ocr_line' id='line_1_3' title="bbox 280 1300 1253 1365; baseline 0.004 -7"><span class='ocrx_word' id='word_1_6' title='bbox 280 1300 283 1305; x_wconf 84' lang='grc'><em>“</em></span> <span class='ocrx_word' id='word_1_7' title='bbox 307 1315 340 1359; x_wconf 89' lang='lat' dir='ltr'><strong>os</strong></span> <span class='ocrx_word' id='word_1_8' title='bbox 359 1312 475 1361; x_wconf 74' lang='lat' dir='ltr'><strong>nonnum</strong></span> <span class='ocrx_word' id='word_1_9' title='bbox 495 1312 617 1360; x_wconf 81' lang='lat' dir='ltr'><strong>ecmous</strong></span> <span class='ocrx_word' id='word_1_10' title='bbox 638 1314 762 1361; x_wconf 79' lang='lat' dir='ltr'><strong>rumare</strong></span> <span class='ocrx_word' id='word_1_11' title='bbox 783 1300 817 1359; x_wconf 80' lang='lat' dir='ltr'><strong>er</strong></span> <span class='ocrx_word' id='word_1_12' title='bbox 837 1302 958 1363; x_wconf 79' lang='lat' dir='ltr'><strong>rusum</strong></span> <span class='ocrx_word' id='word_1_13' title='bbox 978 1316 1054 1363; x_wconf 83' lang='lat' dir='ltr'><strong>esus</strong></span> <span class='ocrx_word' id='word_1_14' title='bbox 1076 1316 1253 1365; x_wconf 74' lang='lat' dir='ltr'><strong>socinum</strong></span> 
     </span>
     <span class='ocr_line' id='line_1_4' title="bbox 334 1408 876 1462; baseline -0.002 -2"><span class='ocrx_word' id='word_1_15' title='bbox 334 1408 335 1411; x_wconf 74' lang='grc'>’</span> <span class='ocrx_word' id='word_1_16' title='bbox 673 1415 876 1462; x_wconf 76' lang='lat' dir='ltr'><strong>canusinus.</strong></span> 
     </span>
    </p>
   </div>
   <div class='ocr_carea' id='block_1_4' title="bbox 674 1632 998 1717">
    <p class='ocr_par' dir='ltr' id='par_1_4' title="bbox 674 1632 998 1717">
     <span class='ocr_line' id='line_1_5' title="bbox 674 1632 998 1717; baseline 0.003 -23"><span class='ocrx_word' id='word_1_17' title='bbox 674 1632 883 1717; x_wconf 15' lang='lat' dir='ltr'><strong>tutilinam.</strong></span> <span class='ocrx_word' id='word_1_18' title='bbox 995 1691 998 1695; x_wconf 86' lang='lat'><em>.</em></span> 
     </span>
    </p>
   </div>
   <div class='ocr_carea' id='block_1_5' title="bbox 701 1886 1029 1915">
    <p class='ocr_par' dir='ltr' id='par_1_5' title="bbox 701 1886 1029 1915">
     <span class='ocr_line' id='line_1_6' title="bbox 701 1886 1029 1915; baseline -0.003 -5"><span class='ocrx_word' id='word_1_19' title='bbox 701 1886 863 1915; x_wconf 59' lang='lat' dir='ltr'><strong>›ua-00·—</strong></span> <span class='ocrx_word' id='word_1_20' title='bbox 925 1888 929 1894; x_wconf 76' lang='grc'><em>’</em></span> <span class='ocrx_word' id='word_1_21' title='bbox 1023 1901 1029 1909; x_wconf 76' lang='grc'>,</span> 
     </span>
    </p>
   </div>
   <div class='ocr_carea' id='block_1_6' title="bbox 609 2079 957 2221">
    <p class='ocr_par' dir='ltr' id='par_1_6' title="bbox 609 2079 957 2221">
     <span class='ocr_line' id='line_1_7' title="bbox 609 2079 957 2221; baseline 0.006 -38"><span class='ocrx_word' id='word_1_22' title='bbox 609 2079 957 2221; x_wconf 27' lang='lat' dir='ltr'><strong>fenoosuuun.¹</strong></span> 
     </span>
    </p>
   </div>
   <div class='ocr_carea' id='block_1_7' title="bbox 256 2330 1319 2389">
    <p class='ocr_par' dir='ltr' id='par_1_7' title="bbox 256 2330 1319 2389">
     <span class='ocr_line' id='line_1_8' title="bbox 256 2330 1319 2389; baseline 0.003 -3"><span class='ocrx_word' id='word_1_23' title='bbox 256 2340 289 2389; x_wconf 74' lang='lat' dir='ltr'><strong>b!</strong></span> <span class='ocrx_word' id='word_1_24' title='bbox 305 2340 377 2389; x_wconf 71' lang='lat' dir='ltr'><strong>wll!</strong></span> <span class='ocrx_word' id='word_1_25' title='bbox 390 2339 573 2389; x_wconf 73' lang='lat' dir='ltr'><strong>cubuerunt)</strong></span> <span class='ocrx_word' id='word_1_26' title='bbox 587 2340 617 2387; x_wconf 80' lang='lat' dir='ltr'><strong>tlt</strong></span> <span class='ocrx_word' id='word_1_27' title='bbox 631 2330 745 2388; x_wconf 71' lang='lat' dir='ltr'><strong>lollffl</strong></span> <span class='ocrx_word' id='word_1_28' title='bbox 765 2340 963 2387; x_wconf 71' lang='lat' dir='ltr'><strong>PflleOPlssA</strong></span> <span class='ocrx_word' id='word_1_29' title='bbox 982 2340 1114 2389; x_wconf 69' lang='lat' dir='ltr'><strong>PRORSUS</strong></span> <span class='ocrx_word' id='word_1_30' title='bbox 1129 2341 1319 2389; x_wconf 75' lang='lat' dir='ltr'><strong>nlcrsubo.</strong></span> 
     </span>
    </p>
   </div>
   <div class='ocr_carea' id='block_1_8' title="bbox 187 2542 1331 4825">
    <p class='ocr_par' dir='ltr' id='par_1_8' title="bbox 187 2542 1329 4118">
     <span class='ocr_line' id='line_1_9' title="bbox 292 2542 1323 2622; baseline 0.006 -21"><span class='ocrx_word' id='word_1_31' title='bbox 292 2542 683 2619; x_wconf 64' lang='lat' dir='ltr'><strong>neumasensium</strong></span> <span class='ocrx_word' id='word_1_32' title='bbox 696 2543 856 2605; x_wconf 90' lang='lat' dir='ltr'><strong>hominum</strong></span> <span class='ocrx_word' id='word_1_33' title='bbox 868 2543 1005 2605; x_wconf 86' lang='lat' dir='ltr'><strong>mortalis</strong></span> <span class='ocrx_word' id='word_1_34' title='bbox 1014 2548 1087 2620; x_wconf 88' lang='lat' dir='ltr'><strong>tota,</strong></span> <span class='ocrx_word' id='word_1_35' title='bbox 1098 2550 1323 2622; x_wconf 79' lang='lat' dir='ltr'><strong>etqnaeonnque</strong></span> 
     </span>
     <span class='ocr_line' id='line_1_10' title="bbox 187 2639 1324 2723; baseline 0.007 -25"><span class='ocrx_word' id='word_1_36' title='bbox 187 2668 188 2705; x_wconf 51' lang='lat' dir='ltr'><strong>t</strong></span> <span class='ocrx_word' id='word_1_37' title='bbox 258 2639 289 2699; x_wconf 87' lang='lat' dir='ltr'><strong>ad</strong></span> <span class='ocrx_word' id='word_1_38' title='bbox 305 2642 384 2703; x_wconf 91' lang='lat' dir='ltr'><strong>illam</strong></span> <span class='ocrx_word' id='word_1_39' title='bbox 398 2644 560 2723; x_wconf 74' lang='lat' dir='ltr'><strong>pertinent,</strong></span> <span class='ocrx_word' id='word_1_40' title='bbox 576 2642 613 2703; x_wconf 90' lang='lat' dir='ltr'><strong>ad</strong></span> <span class='ocrx_word' id='word_1_41' title='bbox 635 2644 836 2706; x_wconf 80' lang='lat' dir='ltr'><strong>immortalem</strong></span> <span class='ocrx_word' id='word_1_42' title='bbox 849 2643 1021 2705; x_wconf 75' lang='lat' dir='ltr'><strong>felicitatem</strong></span> <span class='ocrx_word' id='word_1_43' title='bbox 1034 2645 1067 2705; x_wconf 90' lang='lat' dir='ltr'><strong>in</strong></span> <span class='ocrx_word' id='word_1_44' title='bbox 1083 2645 1258 2713; x_wconf 73' lang='lat' dir='ltr'><strong>interstite</strong></span> <span class='ocrx_word' id='word_1_45' title='bbox 1276 2660 1324 2706; x_wconf 86' lang='lat' dir='ltr'><strong>ea-</strong></span> 
     </span>
     <span class='ocr_line' id='line_1_11' title="bbox 258 2738 1323 2824; baseline 0.003 -23"><span class='ocrx_word' id='word_1_46' title='bbox 258 2740 419 2817; x_wconf 87' lang='lat' dir='ltr'><strong>pessendam</strong></span> <span class='ocrx_word' id='word_1_47' title='bbox 433 2746 509 2802; x_wconf 87' lang='lat' dir='ltr'><strong>sunt</strong></span> <span class='ocrx_word' id='word_1_48' title='bbox 522 2740 660 2802; x_wconf 88' lang='lat' dir='ltr'><strong>ordinata</strong></span> <span class='ocrx_word' id='word_1_49' title='bbox 673 2738 770 2820; x_wconf 80' lang='lat'><em>(268),</em></span> <span class='ocrx_word' id='word_1_50' title='bbox 783 2758 852 2820; x_wconf 83' lang='lat' dir='ltr'><strong>qnae</strong></span> <span class='ocrx_word' id='word_1_51' title='bbox 865 2742 1004 2819; x_wconf 79' lang='lat' dir='ltr'><strong>felicitas,</strong></span> <span class='ocrx_word' id='word_1_52' title='bbox 1016 2742 1054 2803; x_wconf 89' lang='lat' dir='ltr'><strong>ad</strong></span> <span class='ocrx_word' id='word_1_53' title='bbox 1065 2744 1323 2824; x_wconf 80' lang='lat' dir='ltr'><strong>supernaturalem</strong></span> 
     </span>
     <span class='ocr_line' id='line_1_12' title="bbox 187 2839 1324 2923; baseline 0.007 -25"><span class='ocrx_word' id='word_1_54' title='bbox 187 2875 190 2906; x_wconf 61' lang='grc' dir='ltr'>ι</span> <span class='ocrx_word' id='word_1_55' title='bbox 257 2839 378 2902; x_wconf 82' lang='lat' dir='ltr'><strong>ordinem</strong></span> <span class='ocrx_word' id='word_1_56' title='bbox 401 2841 569 2920; x_wconf 86' lang='lat' dir='ltr'><strong>quemdem</strong></span> <span class='ocrx_word' id='word_1_57' title='bbox 590 2857 609 2902; x_wconf 93' lang='lat' dir='ltr'><strong>a</strong></span> <span class='ocrx_word' id='word_1_58' title='bbox 630 2839 701 2920; x_wconf 52' lang='lat' dir='ltr'><strong>Deoj</strong></span> <span class='ocrx_word' id='word_1_59' title='bbox 715 2859 818 2902; x_wconf 91' lang='lat' dir='ltr'><strong>rerum</strong></span> <span class='ocrx_word' id='word_1_60' title='bbox 832 2844 970 2915; x_wconf 88' lang='lat' dir='ltr'><strong>omniurn</strong></span> <span class='ocrx_word' id='word_1_61' title='bbox 987 2845 1182 2923; x_wconf 82' lang='lat' dir='ltr'><strong>omnipotenti</strong></span> <span class='ocrx_word' id='word_1_62' title='bbox 1199 2845 1324 2910; x_wconf 84' lang='lat' dir='ltr'><strong>Domino</strong></span> 
     </span>
     <span class='ocr_line' id='line_1_13' title="bbox 257 2940 1324 3020; baseline 0.007 -22"><span class='ocrx_word' id='word_1_63' title='bbox 257 2945 281 2998; x_wconf 91' lang='lat' dir='ltr'><strong>et</strong></span> <span class='ocrx_word' id='word_1_64' title='bbox 298 2940 508 3016; x_wconf 76' lang='lat' dir='ltr'><strong>gubernatore,</strong></span> <span class='ocrx_word' id='word_1_65' title='bbox 524 2947 636 3016; x_wconf 76' lang='lat' dir='ltr'><strong>sumta,</strong></span> <span class='ocrx_word' id='word_1_66' title='bbox 665 2947 694 3002; x_wconf 90' lang='lat' dir='ltr'><strong>et</strong></span> <span class='ocrx_word' id='word_1_67' title='bbox 712 2941 744 3002; x_wconf 89' lang='lat' dir='ltr'><strong>in</strong></span> <span class='ocrx_word' id='word_1_68' title='bbox 758 2942 980 3020; x_wconf 87' lang='lat' dir='ltr'><strong>snpematurali</strong></span> <span class='ocrx_word' id='word_1_69' title='bbox 994 2943 1073 3008; x_wconf 91' lang='lat' dir='ltr'><strong>bono</strong></span> <span class='ocrx_word' id='word_1_70' title='bbox 1090 2943 1222 3020; x_wconf 84' lang='lat' dir='ltr'><strong>quodem</strong></span> <span class='ocrx_word' id='word_1_71' title='bbox 1236 2959 1324 3005; x_wconf 87' lang='lat' dir='ltr'><strong>oons-</strong></span> 
     </span>
     <span class='ocr_line' id='line_1_14' title="bbox 188 3039 1325 3122; baseline 0.004 -24"><span class='ocrx_word' id='word_1_72' title='bbox 188 3079 189 3084; x_wconf 18' lang='grc' dir='ltr'><strong>κ</strong></span> <span class='ocrx_word' id='word_1_73' title='bbox 258 3039 345 3116; x_wconf 84' lang='lat' dir='ltr'><strong>tituta,</strong></span> <span class='ocrx_word' id='word_1_74' title='bbox 371 3058 432 3104; x_wconf 90' lang='lat' dir='ltr'><strong>non</strong></span> <span class='ocrx_word' id='word_1_75' title='bbox 462 3045 559 3120; x_wconf 88' lang='lat' dir='ltr'><strong>potest</strong></span> <span class='ocrx_word' id='word_1_76' title='bbox 580 3041 666 3102; x_wconf 88' lang='lat' dir='ltr'><strong>aliter</strong></span> <span class='ocrx_word' id='word_1_77' title='bbox 697 3057 864 3120; x_wconf 86' lang='lat' dir='ltr'><strong>quamper</strong></span> <span class='ocrx_word' id='word_1_78' title='bbox 886 3042 1062 3122; x_wconf 70' lang='lat' dir='ltr'><strong>adjumenta</strong></span> <span class='ocrx_word' id='word_1_79' title='bbox 1084 3041 1325 3120; x_wconf 77' lang='lat' dir='ltr'><strong>supernaturalia</strong></span> 
     </span>
     <span class='ocr_line' id='line_1_15' title="bbox 187 3136 1326 3217; baseline -0.004 -13"><span class='ocrx_word' id='word_1_80' title='bbox 187 3167 192 3204; x_wconf 67' lang='lat' dir='ltr'><strong>e</strong></span> <span class='ocrx_word' id='word_1_81' title='bbox 258 3136 373 3200; x_wconf 82' lang='lat' dir='ltr'><strong>obtineri</strong></span> <span class='ocrx_word' id='word_1_82' title='bbox 379 3156 389 3217; x_wconf 90' lang='lat'>;</span> <span class='ocrx_word' id='word_1_83' title='bbox 404 3139 495 3201; x_wconf 87' lang='lat' dir='ltr'><strong>nulla</strong></span> <span class='ocrx_word' id='word_1_84' title='bbox 512 3139 603 3217; x_wconf 77' lang='lat' dir='ltr'><strong>igitur</strong></span> <span class='ocrx_word' id='word_1_85' title='bbox 620 3137 752 3206; x_wconf 85' lang='lat' dir='ltr'><strong>bumana</strong></span> <span class='ocrx_word' id='word_1_86' title='bbox 772 3141 908 3216; x_wconf 81' lang='lat' dir='ltr'><strong>societas,</strong></span> <span class='ocrx_word' id='word_1_87' title='bbox 929 3142 1005 3203; x_wconf 89' lang='lat' dir='ltr'><strong>sient</strong></span> <span class='ocrx_word' id='word_1_88' title='bbox 1027 3140 1234 3202; x_wconf 90' lang='lat' dir='ltr'><strong>nullushomo</strong></span> <span class='ocrx_word' id='word_1_89' title='bbox 1247 3138 1326 3200; x_wconf 88' lang='lat' dir='ltr'><strong>indi-</strong></span> 
     </span>
     <span class='ocr_line' id='line_1_16' title="bbox 259 3237 1323 3318; baseline 0.002 -22"><span class='ocrx_word' id='word_1_90' title='bbox 259 3237 367 3316; x_wconf 81' lang='lat' dir='ltr'><strong>viduus,</strong></span> <span class='ocrx_word' id='word_1_91' title='bbox 379 3256 520 3318; x_wconf 88' lang='lat' dir='ltr'><strong>unquam</strong></span> <span class='ocrx_word' id='word_1_92' title='bbox 534 3237 656 3312; x_wconf 75' lang='lat' dir='ltr'><strong>exstitit,</strong></span> <span class='ocrx_word' id='word_1_93' title='bbox 671 3256 739 3317; x_wconf 82' lang='lat' dir='ltr'><strong>qum</strong></span> <span class='ocrx_word' id='word_1_94' title='bbox 753 3241 786 3300; x_wconf 89' lang='lat' dir='ltr'><strong>in</strong></span> <span class='ocrx_word' id='word_1_95' title='bbox 799 3247 877 3302; x_wconf 87' lang='lat' dir='ltr'><strong>statu</strong></span> <span class='ocrx_word' id='word_1_96' title='bbox 890 3257 972 3302; x_wconf 91' lang='lat' dir='ltr'><strong>mere</strong></span> <span class='ocrx_word' id='word_1_97' title='bbox 983 3241 1114 3302; x_wconf 81' lang='lat' dir='ltr'><strong>namrali</strong></span> <span class='ocrx_word' id='word_1_98' title='bbox 1131 3246 1323 3312; x_wconf 76' lang='lat' dir='ltr'><strong>versaretur:</strong></span> 
     </span>
     <span class='ocr_line' id='line_1_17' title="bbox 259 3338 1328 3420; baseline 0.003 -23"><span class='ocrx_word' id='word_1_99' title='bbox 259 3338 300 3398; x_wconf 87' lang='lat' dir='ltr'><strong>eni</strong></span> <span class='ocrx_word' id='word_1_100' title='bbox 316 3339 426 3402; x_wconf 80' lang='lat' dir='ltr'><strong>scilieet</strong></span> <span class='ocrx_word' id='word_1_101' title='bbox 447 3339 562 3401; x_wconf 89' lang='lat' dir='ltr'><strong>bonurn</strong></span> <span class='ocrx_word' id='word_1_102' title='bbox 578 3356 661 3401; x_wconf 85' lang='lat' dir='ltr'><strong>mers</strong></span> <span class='ocrx_word' id='word_1_103' title='bbox 679 3341 817 3402; x_wconf 85' lang='lat' dir='ltr'><strong>naturale</strong></span> <span class='ocrx_word' id='word_1_104' title='bbox 829 3340 867 3402; x_wconf 88' lang='lat' dir='ltr'><strong>ad</strong></span> <span class='ocrx_word' id='word_1_105' title='bbox 886 3341 1048 3420; x_wconf 83' lang='lat' dir='ltr'><strong>perlectam</strong></span> <span class='ocrx_word' id='word_1_106' title='bbox 1065 3340 1235 3402; x_wconf 84' lang='lat' dir='ltr'><strong>beatitatem</strong></span> <span class='ocrx_word' id='word_1_107' title='bbox 1247 3355 1328 3400; x_wconf 89' lang='lat' dir='ltr'><strong>asse·</strong></span> 
     </span>
     <span class='ocr_line' id='line_1_18' title="bbox 259 3437 1328 3518; baseline 0.003 -24"><span class='ocrx_word' id='word_1_108' title='bbox 259 3437 397 3511; x_wconf 88' lang='lat' dir='ltr'><strong>quendam</strong></span> <span class='ocrx_word' id='word_1_109' title='bbox 413 3443 521 3500; x_wconf 86' lang='lat' dir='ltr'><strong>esseta</strong></span> <span class='ocrx_word' id='word_1_110' title='bbox 544 3439 603 3500; x_wconf 85' lang='lat' dir='ltr'><strong>Deo</strong></span> <span class='ocrx_word' id='word_1_111' title='bbox 624 3439 821 3518; x_wconf 84' lang='lat' dir='ltr'><strong>propositum,</strong></span> <span class='ocrx_word' id='word_1_112' title='bbox 844 3445 874 3502; x_wconf 90' lang='lat' dir='ltr'><strong>et</strong></span> <span class='ocrx_word' id='word_1_113' title='bbox 888 3439 969 3517; x_wconf 78' lang='lat' dir='ltr'><strong>leges</strong></span> <span class='ocrx_word' id='word_1_114' title='bbox 983 3440 1106 3504; x_wconf 86' lang='lat' dir='ltr'><strong>moralis</strong></span> <span class='ocrx_word' id='word_1_115' title='bbox 1117 3439 1232 3502; x_wconf 78' lang='lat' dir='ltr'><strong>ordinis</strong></span> <span class='ocrx_word' id='word_1_116' title='bbox 1244 3454 1328 3505; x_wconf 82' lang='lat' dir='ltr'><strong>mere</strong></span> 
     </span>
     <span class='ocr_line' id='line_1_19' title="bbox 188 3535 1328 3617; baseline 0.002 -23"><span class='ocrx_word' id='word_1_117' title='bbox 188 3575 189 3594; x_wconf 43' lang='lat' dir='ltr'><strong>i</strong></span> <span class='ocrx_word' id='word_1_118' title='bbox 260 3535 400 3600; x_wconf 82' lang='lat' dir='ltr'><strong>naturales</strong></span> <span class='ocrx_word' id='word_1_119' title='bbox 409 3543 512 3599; x_wconf 86' lang='lat' dir='ltr'><strong>essent</strong></span> <span class='ocrx_word' id='word_1_120' title='bbox 521 3536 710 3600; x_wconf 88' lang='lat' dir='ltr'><strong>solummodo</strong></span> <span class='ocrx_word' id='word_1_121' title='bbox 722 3538 883 3616; x_wconf 75' lang='lat' dir='ltr'><strong>servanda,</strong></span> <span class='ocrx_word' id='word_1_122' title='bbox 895 3537 1071 3617; x_wconf 82' lang='lat' dir='ltr'><strong>etpresidie</strong></span> <span class='ocrx_word' id='word_1_123' title='bbox 1082 3555 1164 3600; x_wconf 88' lang='lat' dir='ltr'><strong>mere</strong></span> <span class='ocrx_word' id='word_1_124' title='bbox 1177 3535 1328 3610; x_wconf 82' lang='lat' dir='ltr'><strong>naturalia</strong></span> 
     </span>
     <span class='ocr_line' id='line_1_20' title="bbox 187 3634 1329 3718; baseline 0.005 -26"><span class='ocrx_word' id='word_1_125' title='bbox 187 3649 189 3706; x_wconf 58' lang='lat'>3</span> <span class='ocrx_word' id='word_1_126' title='bbox 261 3634 291 3694; x_wconf 87' lang='lat' dir='ltr'><strong>nd</strong></span> <span class='ocrx_word' id='word_1_127' title='bbox 301 3636 374 3698; x_wconf 90' lang='lat' dir='ltr'><strong>illud</strong></span> <span class='ocrx_word' id='word_1_128' title='bbox 386 3639 502 3700; x_wconf 89' lang='lat' dir='ltr'><strong>bonum</strong></span> <span class='ocrx_word' id='word_1_129' title='bbox 514 3639 571 3700; x_wconf 91' lang='lat' dir='ltr'><strong>sibi</strong></span> <span class='ocrx_word' id='word_1_130' title='bbox 581 3637 717 3702; x_wconf 83' lang='lat' dir='ltr'><strong>absolute</strong></span> <span class='ocrx_word' id='word_1_131' title='bbox 731 3639 933 3700; x_wconf 85' lang='lat' dir='ltr'><strong>neeessariam</strong></span> <span class='ocrx_word' id='word_1_132' title='bbox 942 3638 1198 3718; x_wconf 85' lang='lat' dir='ltr'><strong>prosequendum,</strong></span> <span class='ocrx_word' id='word_1_133' title='bbox 1212 3636 1329 3715; x_wconf 80' lang='lat' dir='ltr'><strong>basque</strong></span> 
     </span>
     <span class='ocr_line' id='line_1_21' title="bbox 261 3731 1326 3817; baseline 0.001 -20"><span class='ocrx_word' id='word_1_134' title='bbox 261 3731 335 3810; x_wconf 73' lang='lat' dir='ltr'><strong>leges</strong></span> <span class='ocrx_word' id='word_1_135' title='bbox 352 3737 535 3817; x_wconf 87' lang='lat' dir='ltr'><strong>implendas,</strong></span> <span class='ocrx_word' id='word_1_136' title='bbox 562 3735 750 3799; x_wconf 79' lang='lat' dir='ltr'><strong>audiuerant..</strong></span> <span class='ocrx_word' id='word_1_137' title='bbox 768 3740 871 3816; x_wconf 85' lang='lat' dir='ltr'><strong>Neque</strong></span> <span class='ocrx_word' id='word_1_138' title='bbox 885 3739 969 3800; x_wconf 89' lang='lat' dir='ltr'><strong>enim</strong></span> <span class='ocrx_word' id='word_1_139' title='bbox 982 3743 1083 3816; x_wconf 83' lang='lat' dir='ltr'><strong>potest·</strong></span> <span class='ocrx_word' id='word_1_140' title='bbox 1094 3736 1157 3798; x_wconf 83' lang='lat' dir='ltr'><strong>sibi</strong></span> <span class='ocrx_word' id='word_1_141' title='bbox 1167 3737 1326 3816; x_wconf 85' lang='lat' dir='ltr'><strong>quisquam</strong></span> 
     </span>
     <span class='ocr_line' id='line_1_22' title="bbox 260 3828 1328 3920; baseline 0 -24"><span class='ocrx_word' id='word_1_142' title='bbox 260 3834 393 3900; x_wconf 85' lang='lat' dir='ltr'><strong>ultimum</strong></span> <span class='ocrx_word' id='word_1_143' title='bbox 407 3839 514 3915; x_wconf 84' lang='lat' dir='ltr'><strong>finam,</strong></span> <span class='ocrx_word' id='word_1_144' title='bbox 528 3837 562 3900; x_wconf 90' lang='lat' dir='ltr'><strong>in</strong></span> <span class='ocrx_word' id='word_1_145' title='bbox 577 3854 639 3917; x_wconf 88' lang='lat' dir='ltr'><strong>qno</strong></span> <span class='ocrx_word' id='word_1_146' title='bbox 658 3841 757 3920; x_wconf 85' lang='lat' dir='ltr'><strong>reipsa</strong></span> <span class='ocrx_word' id='word_1_147' title='bbox 776 3840 939 3918; x_wconf 80' lang='lat' dir='ltr'><strong>perlectam</strong></span> <span class='ocrx_word' id='word_1_148' title='bbox 956 3855 1044 3907; x_wconf 88' lang='lat' dir='ltr'><strong>snam</strong></span> <span class='ocrx_word' id='word_1_149' title='bbox 1056 3828 1228 3899; x_wconf 82' lang='lat' dir='ltr'><strong>telieitatem</strong></span> <span class='ocrx_word' id='word_1_150' title='bbox 1242 3853 1328 3915; x_wconf 85' lang='lat' dir='ltr'><strong>repe·</strong></span> 
     </span>
     <span class='ocr_line' id='line_1_23' title="bbox 260 3933 1329 4018; baseline 0.006 -26"><span class='ocrx_word' id='word_1_151' title='bbox 260 3933 322 4014; x_wconf 76' lang='lat' dir='ltr'><strong>liat,</strong></span> <span class='ocrx_word' id='word_1_152' title='bbox 346 3955 400 4018; x_wconf 94' lang='lat' dir='ltr'><strong>pro</strong></span> <span class='ocrx_word' id='word_1_153' title='bbox 423 3957 478 4002; x_wconf 87' lang='lat' dir='ltr'><strong>sua</strong></span> <span class='ocrx_word' id='word_1_154' title='bbox 502 3937 630 4000; x_wconf 85' lang='lat' dir='ltr'><strong>libidine</strong></span> <span class='ocrx_word' id='word_1_155' title='bbox 648 3939 773 4016; x_wconf 77' lang='lat' dir='ltr'><strong>seligere</strong></span> <span class='ocrx_word' id='word_1_156' title='bbox 792 3955 826 4000; x_wconf 89' lang='lat' dir='ltr'><strong>ae</strong></span> <span class='ocrx_word' id='word_1_157' title='bbox 848 3938 1052 4018; x_wconf 79' lang='lat' dir='ltr'><strong>praestituere;</strong></span> <span class='ocrx_word' id='word_1_158' title='bbox 1075 3936 1127 3998; x_wconf 92' lang='lat' dir='ltr'><strong>sed</strong></span> <span class='ocrx_word' id='word_1_159' title='bbox 1141 3937 1175 3997; x_wconf 94' lang='lat' dir='ltr'><strong>in</strong></span> <span class='ocrx_word' id='word_1_160' title='bbox 1188 3953 1329 4016; x_wconf 85' lang='lat' dir='ltr'><strong>supremo</strong></span> 
     </span>
     <span class='ocr_line' id='line_1_24' title="bbox 260 4035 1327 4118; baseline -0.003 -15"><span class='ocrx_word' id='word_1_161' title='bbox 260 4035 395 4103; x_wconf 77' lang='lat' dir='ltr'><strong>Creator-is</strong></span> <span class='ocrx_word' id='word_1_162' title='bbox 414 4057 450 4104; x_wconf 88' lang='lat' dir='ltr'><strong>ao</strong></span> <span class='ocrx_word' id='word_1_163' title='bbox 470 4043 589 4102; x_wconf 83' lang='lat' dir='ltr'><strong>Domini</strong></span> <span class='ocrx_word' id='word_1_164' title='bbox 603 4042 792 4116; x_wconf 77' lang='lat' dir='ltr'><strong>universalis·</strong></span> <span class='ocrx_word' id='word_1_165' title='bbox 801 4041 924 4102; x_wconf 83' lang='lat' dir='ltr'><strong>arbitrio</strong></span> <span class='ocrx_word' id='word_1_166' title='bbox 943 4039 974 4100; x_wconf 94' lang='lat' dir='ltr'><strong>id</strong></span> <span class='ocrx_word' id='word_1_167' title='bbox 987 4038 1113 4103; x_wconf 89' lang='lat' dir='ltr'><strong>omnino</strong></span> <span class='ocrx_word' id='word_1_168' title='bbox 1126 4038 1258 4118; x_wconf 88' lang='lat' dir='ltr'><strong>positum</strong></span> <span class='ocrx_word' id='word_1_169' title='bbox 1271 4044 1327 4100; x_wconf 73' lang='lat' dir='ltr'><strong>est</strong></span> 
     </span>
    </p>

    <p class='ocr_par' dir='ltr' id='par_1_9' title="bbox 187 4135 1331 4825">
     <span class='ocr_line' id='line_1_25' title="bbox 301 4135 1329 4219; baseline 0 -21"><span class='ocrx_word' id='word_1_170' title='bbox 301 4135 386 4201; x_wconf 72' lang='lat' dir='ltr'><strong>labi.</strong></span> <span class='ocrx_word' id='word_1_171' title='bbox 410 4143 514 4216; x_wconf 86' lang='lat' dir='ltr'><strong>Quum</strong></span> <span class='ocrx_word' id='word_1_172' title='bbox 543 4141 636 4219; x_wconf 80' lang='lat' dir='ltr'><strong>igitur</strong></span> <span class='ocrx_word' id='word_1_173' title='bbox 659 4143 725 4203; x_wconf 84' lang='lat' dir='ltr'><strong>luri</strong></span> <span class='ocrx_word' id='word_1_174' title='bbox 756 4140 890 4204; x_wconf 82' lang='lat' dir='ltr'><strong>Naturali</strong></span> <span class='ocrx_word' id='word_1_175' title='bbox 920 4157 974 4202; x_wconf 92' lang='lat' dir='ltr'><strong>seu</strong></span> <span class='ocrx_word' id='word_1_176' title='bbox 996 4137 1100 4202; x_wconf 89' lang='lat' dir='ltr'><strong>llorali</strong></span> <span class='ocrx_word' id='word_1_177' title='bbox 1130 4135 1329 4217; x_wconf 76' lang='lat' dir='ltr'><strong>Philosophia</strong></span> 
     </span>
     <span class='ocr_line' id='line_1_26' title="bbox 187 4233 1330 4321; baseline -0.002 -21"><span class='ocrx_word' id='word_1_178' title='bbox 187 4267 189 4300; x_wconf 61' lang='lat' dir='ltr'><strong>i</strong></span> <span class='ocrx_word' id='word_1_179' title='bbox 263 4233 331 4300; x_wconf 90' lang='lat' dir='ltr'><strong>illud</strong></span> <span class='ocrx_word' id='word_1_180' title='bbox 345 4241 383 4302; x_wconf 88' lang='lat' dir='ltr'><strong>sit</strong></span> <span class='ocrx_word' id='word_1_181' title='bbox 405 4242 564 4321; x_wconf 86' lang='lat' dir='ltr'><strong>proprium</strong></span> <span class='ocrx_word' id='word_1_182' title='bbox 576 4243 737 4318; x_wconf 77' lang='lat' dir='ltr'><strong>objectum,</strong></span> <span class='ocrx_word' id='word_1_183' title='bbox 753 4247 787 4304; x_wconf 89' lang='lat' dir='ltr'><strong>ut</strong></span> <span class='ocrx_word' id='word_1_184' title='bbox 798 4241 922 4303; x_wconf 88' lang='lat' dir='ltr'><strong>aetionis</strong></span> <span class='ocrx_word' id='word_1_185' title='bbox 935 4240 1078 4303; x_wconf 78' lang='lat' dir='ltr'><strong>humanae</strong></span> <span class='ocrx_word' id='word_1_186' title='bbox 1090 4237 1265 4300; x_wconf 75' lang='lat' dir='ltr'><strong>honestatem</strong></span> <span class='ocrx_word' id='word_1_187' title='bbox 1278 4253 1330 4299; x_wconf 78' lang='lat' dir='ltr'><strong>ex·</strong></span> 
     </span>
     <span class='ocr_line' id='line_1_27' title="bbox 187 4335 1331 4420; baseline -0.002 -20"><span class='ocrx_word' id='word_1_188' title='bbox 187 4365 188 4400; x_wconf 51' lang='grc' dir='ltr'><em>π</em></span> <span class='ocrx_word' id='word_1_189' title='bbox 263 4335 344 4412; x_wconf 69' lang='lat' dir='ltr'><strong>plicet</strong></span> <span class='ocrx_word' id='word_1_190' title='bbox 357 4341 411 4419; x_wconf 89' lang='lat' dir='ltr'><strong>(l),</strong></span> <span class='ocrx_word' id='word_1_191' title='bbox 433 4357 591 4420; x_wconf 84' lang='lat' dir='ltr'><strong>quumque</strong></span> <span class='ocrx_word' id='word_1_192' title='bbox 608 4341 733 4402; x_wconf 87' lang='lat' dir='ltr'><strong>aetionis</strong></span> <span class='ocrx_word' id='word_1_193' title='bbox 745 4339 1051 4417; x_wconf 72' lang='lat' dir='ltr'><strong>humanationem,</strong></span> <span class='ocrx_word' id='word_1_194' title='bbox 1067 4356 1136 4416; x_wconf 82' lang='lat' dir='ltr'><strong>qnae</strong></span> <span class='ocrx_word' id='word_1_195' title='bbox 1147 4339 1180 4399; x_wconf 91' lang='lat' dir='ltr'><strong>in</strong></span> <span class='ocrx_word' id='word_1_196' title='bbox 1193 4340 1260 4417; x_wconf 84' lang='lat' dir='ltr'><strong>ejus</strong></span> <span class='ocrx_word' id='word_1_197' title='bbox 1272 4337 1331 4398; x_wconf 91' lang='lat' dir='ltr'><strong>nti·</strong></span> 
     </span>
     <span class='ocr_line' id='line_1_28' title="bbox 262 4434 1328 4514; baseline 0.006 -20"><span class='ocrx_word' id='word_1_198' title='bbox 262 4434 337 4500; x_wconf 84' lang='lat' dir='ltr'><strong>litate</strong></span> <span class='ocrx_word' id='word_1_199' title='bbox 347 4441 383 4502; x_wconf 89' lang='lat' dir='ltr'><strong>ad</strong></span> <span class='ocrx_word' id='word_1_200' title='bbox 397 4442 489 4504; x_wconf 84' lang='lat' dir='ltr'><strong>finem</strong></span> <span class='ocrx_word' id='word_1_201' title='bbox 501 4441 646 4506; x_wconf 91' lang='lat' dir='ltr'><strong>ultimum</strong></span> <span class='ocrx_word' id='word_1_202' title='bbox 664 4439 786 4514; x_wconf 87' lang='lat' dir='ltr'><strong>realem,</strong></span> <span class='ocrx_word' id='word_1_203' title='bbox 807 4441 926 4505; x_wconf 87' lang='lat' dir='ltr'><strong>homini</strong></span> <span class='ocrx_word' id='word_1_204' title='bbox 938 4459 957 4504; x_wconf 89' lang='lat' dir='ltr'><strong>a</strong></span> <span class='ocrx_word' id='word_1_205' title='bbox 967 4443 1105 4504; x_wconf 84' lang='lat' dir='ltr'><strong>creatore</strong></span> <span class='ocrx_word' id='word_1_206' title='bbox 1118 4439 1328 4513; x_wconf 71' lang='lat' dir='ltr'><strong>constitutum,</strong></span> 
     </span>
     <span class='ocr_line' id='line_1_29' title="bbox 262 4536 1328 4624; baseline 0.002 -26"><span class='ocrx_word' id='word_1_207' title='bbox 262 4539 456 4619; x_wconf 85' lang='lat' dir='ltr'><strong>arripiendum</strong></span> <span class='ocrx_word' id='word_1_208' title='bbox 471 4549 532 4604; x_wconf 89' lang='lat' dir='ltr'><strong>tota</strong></span> <span class='ocrx_word' id='word_1_209' title='bbox 543 4545 600 4606; x_wconf 85' lang='lat' dir='ltr'><strong>sita</strong></span> <span class='ocrx_word' id='word_1_210' title='bbox 612 4551 658 4606; x_wconf 86' lang='lat' dir='ltr'><strong>est</strong></span> <span class='ocrx_word' id='word_1_211' title='bbox 673 4542 768 4624; x_wconf 81' lang='lat'><strong>(170),</strong></span> <span class='ocrx_word' id='word_1_212' title='bbox 781 4536 1022 4624; x_wconf 86' lang='lat' dir='ltr'><strong>supernaturalis</strong></span> <span class='ocrx_word' id='word_1_213' title='bbox 1032 4541 1198 4623; x_wconf 79' lang='lat' dir='ltr'><strong>esseplaue</strong></span> <span class='ocrx_word' id='word_1_214' title='bbox 1210 4540 1328 4611; x_wconf 77' lang='lat' dir='ltr'><strong>debeat,</strong></span> 
     </span>
     <span class='ocr_line' id='line_1_30' title="bbox 265 4637 1329 4725; baseline 0.008 -30"><span class='ocrx_word' id='word_1_215' title='bbox 265 4637 311 4698; x_wconf 90' lang='lat' dir='ltr'><strong>ubi</strong></span> <span class='ocrx_word' id='word_1_216' title='bbox 333 4641 400 4703; x_wconf 86' lang='lat' dir='ltr'><strong>duis</strong></span> <span class='ocrx_word' id='word_1_217' title='bbox 422 4644 550 4706; x_wconf 87' lang='lat' dir='ltr'><strong>ultimus</strong></span> <span class='ocrx_word' id='word_1_218' title='bbox 575 4643 814 4725; x_wconf 84' lang='lat' dir='ltr'><strong>supernaturalis</strong></span> <span class='ocrx_word' id='word_1_219' title='bbox 836 4649 882 4705; x_wconf 87' lang='lat' dir='ltr'><strong>est</strong></span> <span class='ocrx_word' id='word_1_220' title='bbox 904 4645 1021 4706; x_wconf 89' lang='lat' dir='ltr'><strong>bomini</strong></span> <span class='ocrx_word' id='word_1_221' title='bbox 1045 4661 1064 4706; x_wconf 89' lang='lat' dir='ltr'><strong>a</strong></span> <span class='ocrx_word' id='word_1_222' title='bbox 1084 4647 1145 4706; x_wconf 88' lang='lat' dir='ltr'><strong>beo</strong></span> <span class='ocrx_word' id='word_1_223' title='bbox 1170 4643 1329 4723; x_wconf 78' lang='lat' dir='ltr'><strong>praefixus3</strong></span> 
     </span>
     <span class='ocr_line' id='line_1_31' title="bbox 267 4743 1331 4825; baseline 0.004 -26"><span class='ocrx_word' id='word_1_224' title='bbox 267 4751 373 4816; x_wconf 85' lang='lat' dir='ltr'><strong>manoe,</strong></span> <span class='ocrx_word' id='word_1_225' title='bbox 388 4759 491 4820; x_wconf 83' lang='lat' dir='ltr'><strong>parum</strong></span> <span class='ocrx_word' id='word_1_226' title='bbox 507 4743 602 4824; x_wconf 87' lang='lat' dir='ltr'><strong>utilis,</strong></span> <span class='ocrx_word' id='word_1_227' title='bbox 615 4747 690 4823; x_wconf 86' lang='lat' dir='ltr'><strong>quin</strong></span> <span class='ocrx_word' id='word_1_228' title='bbox 703 4747 764 4808; x_wconf 90' lang='lat' dir='ltr'><strong>imo</strong></span> <span class='ocrx_word' id='word_1_229' title='bbox 774 4745 944 4825; x_wconf 86' lang='lat' dir='ltr'><strong>perionlosa</strong></span> <span class='ocrx_word' id='word_1_230' title='bbox 955 4744 1118 4807; x_wconf 89' lang='lat' dir='ltr'><strong>admodum</strong></span> <span class='ocrx_word' id='word_1_231' title='bbox 1142 4750 1188 4805; x_wconf 89' lang='lat' dir='ltr'><strong>est</strong></span> <span class='ocrx_word' id='word_1_232' title='bbox 1207 4761 1245 4806; x_wconf 87' lang='lat' dir='ltr'><strong>ea</strong></span> <span class='ocrx_word' id='word_1_233' title='bbox 1262 4761 1331 4805; x_wconf 90' lang='lat' dir='ltr'><strong>mo·</strong></span> 
     </span>
    </p>
   </div>
   <div class='ocr_carea' id='block_1_9' title="bbox 0 0 1799 5675">
    <p class='ocr_par' dir='ltr' id='par_1_10' title="bbox 0 0 1799 5675">
     <span class='ocr_line' id='line_1_32' title="bbox 0 0 1799 5675; baseline 0 0"><span class='ocrx_word' id='word_1_234' title='bbox 0 0 1799 5675; x_wconf 95' lang='lat' dir='ltr'><strong> </strong></span> 
     </span>
    </p>
   </div>
  </div>
 </body>
</html>
