3559 5675
460 725 523 788 wa
870 731 949 777 onan
971 722 1134 786 sannatia

461 847 678 908 asscndrontur
699 841 757 920 (ιι).
772 841 815 900 lis
829 836 1043 918 Episcopomm
1063 843 1197 920 silentio,
1217 840 1345 911 aiebant,
1367 840 1509 920 nequitec-

462 961 533 1006 rum
546 943 654 1004 tacitus
668 954 833 1004 consensus
853 933 968 1014 colligi,
988 939 1059 1016 quis
1081 947 1208 1022 possunt
1220 940 1287 1000 alic
1308 937 1406 999 multa
1423 939 1510 999 sdendi

463 1041 560 1106 cause
583 1040 698 1113 adesso,
719 1057 748 1098 o.
769 1055 813 1117 9,
836 1034 941 1112 timor,
959 1037 1120 1118 cupiditas,
1143 1039 1277 1112 ambitio,
1294 1037 1510 1118 otc-bomne,

464 1145 521 1206 soli
534 1143 671 1221 Episcopi
694 1140 820 1216 Europa
840 1143 1039 1214 acceptarunt
1051 1171 1091 1184 -
1105 1143 1209 1218 Neque
1222 1137 1255 1197 hi
1272 1135 1396 1214 quidem
1408 1139 1458 1216 ipsi
1474 1155 1510 1198 ao-

464 1245 621 1320 coptarunt
641 1237 752 1316 libore,
776 1235 829 1297 scd
852 1233 948 1310 aliqui
971 1242 1054 1296 metu
1076 1237 1300 1316 inquisitionis,
1327 1251 1427 1296 omncs
1448 1245 1509 1296 mctc

464 1337 779 1402 excommunicationis
801 1336 870 1394 latae
889 1333 924 1392 in
943 1348 1006 1394 non
1024 1343 1219 1416 acceptantes.
1230 1367 1272 1383 ·-
1284 1337 1434 1412 Praeterea,
1451 1341 1511 1394 exta

465 1441 594 1502 Galliam
614 1436 751 1516 Episcopi
769 1439 972 1513 acceptarunt,
992 1437 1046 1512 qul
1060 1439 1188 1500 credunt
1207 1440 1321 1516 Papam
1339 1433 1512 1510 intellibilcm

467 1543 548 1620 quod
561 1551 614 1598 vos
627 1537 685 1615 lpsi
701 1536 826 1613 negatis.
835 1563 876 1590 .-
888 1533 968 1606 Quid
980 1537 1060 1613 qnod
1076 1539 1212 1600 Pontiien
1230 1545 1310 1598 vetet
1321 1551 1407 1594 suam
1420 1535 1514 1594 Bullrn

468 1641 506 1700 ab
526 1635 681 1716 Episcopis
702 1632 887 1693 examinarit
907 1663 938 1676 -
955 1633 1068 1694 Saltem
1090 1637 1181 1713 exigit
1200 1635 1255 1696 illa
1276 1634 1471 1695 omnimodam
1488 1635 1515 1692 cb

468 1735 622 1815 Episcopis
633 1731 996 1806 obedientiam-ltaque
1007 1731 1144 1812 Episcopi
1154 1743 1227 1794 sunt
1237 1734 1269 1792 in
1278 1731 1337 1793 hec
1345 1733 1517 1810 ecrcptstionc

469 1836 648 1909 unanimcs3
660 1830 711 1892 stit
722 1836 912 1907 acceptarunt
923 1831 1109 1909 simpliciter,
1122 1834 1174 1894 alii
1185 1833 1310 1894 relative
1323 1833 1362 1891 ad
1373 1847 1439 1892 sues
1449 1829 1516 1907 capli-

468 1934 610 2008 eationcs,
623 1937 677 1990 etc.
691 1930 840 1987 llactenus
852 1941 890 1986 cx
901 1927 1069 1991 Billnartio.

508 2027 843 2105 scrobesbirienses
854 2039 937 2084 orror
949 2025 1007 2086 leto
1018 2029 1116 2105 vagari
1130 2029 1228 2109 coepit,
1242 2031 1450 2109 Episoopcmm
1459 2043 1515 2086 acc

470 2133 620 2190 toritatem
633 2128 845 2188 etlrbcrtatcm
866 2127 1034 2203 plurimum
1055 2130 1148 2189 luisse
1168 2131 1201 2188 in
1221 2133 1320 2192 Gallia
1343 2131 1516 2200 imminutam,

470 2231 664 2290 noussimum
675 2229 816 2287 omntbns
827 2233 882 2285 cst.
894 2233 960 2298 Quo
970 2229 1060 2288 etiem
1073 2229 1186 2290 lectum
1199 2237 1254 2308 est,
1267 2239 1315 2306 ut,
1326 2229 1487 2310 presbyteris
1497 2235 1517 2285 et

471 2329 555 2389 laicas
564 2331 744 2406 episcop-alra
754 2333 897 2404 praeopta
908 2329 1130 2406 spernentibus,
1143 2333 1221 2390 sicut
1232 2333 1373 2410 Episcopi
1382 2329 1517 2408 pontibom

470 2433 553 2506 loges
566 2429 650 2508 parvi
668 2424 832 2503 aliqnando
852 2431 1031 2505 pendebant,
1047 2432 1125 2489 vires
1146 2431 1300 2508 Episcopis
1314 2443 1463 2506 nunqnam
1473 2441 1517 2483 am·

471 2532 552 2608 ptam
563 2545 600 2588 ex
611 2544 648 2587 co
662 2533 795 2604 temporo
807 2540 906 2603 usquc
919 2529 957 2586 ad
970 2527 1152 2588 horrendam
1166 2546 1268 2590 rorum
1287 2533 1424 2590 omnium
1441 2525 1519 2606 perri·

471 2634 560 2703 ciem,
571 2630 629 2687 snb
641 2629 755 2687 exitum
765 2629 833 2702 cjns
842 2627 948 2701 seculi,
962 2627 1143 2688 sufficientes
1151 2629 1312 2688 lueriutad
1322 2643 1431 2689 errores
1439 2639 1519 2684 meus

472 2729 650 2790 domminus
668 2730 919 2806 comprimendos,
941 2731 977 2786 ad
999 2731 1123 2789 alisontia
1144 2730 1373 2809 compescenda,
1388 2729 1422 2788 ad
1439 2737 1517 2805 paoem

473 2831 699 2892 restituendam.
723 2829 808 2903 Quod
832 2829 1051 2902 antmadvertit
1075 2831 1113 2892 ad
1137 2847 1244 2893 eorum
1264 2835 1383 2909 aliquos
1404 2828 1517 2897 scribent,

473 2932 612 2994 lilcmcns
624 2932 673 3009 ll,
687 2932 718 2990 S.
734 2934 767 2989 Ρ.
785 2929 838 3008 (b).
866 2930 928 2991 «Et
948 2931 1086 3007 quidem,
1106 2934 1147 2992 ait
1167 2932 1230 3011 ille,
1246 2949 1356 3011 quum,
1373 2942 1406 2991 ut
1417 2938 1517 3003 magunt

474 3035 596 3093 tidenter
608 3034 705 3091 arebat
717 3028 787 3105 too,
798 3036 909 3109 proeter
923 3029 1010 3089 iitcm
1025 3032 1161 3109 Petram,
1172 3052 1260 3115 pacm
1283 3026 1480 3105 nominasses
1506 3052 1517 3064 ·

474 3133 609 3193 donresto
618 3140 730 3212 poscet,
739 3132 855 3190 stabitis
867 3148 927 3191 case
937 3116 1057 3211 respuent
1067 3132 1130 3193 alta
1139 3136 1329 3211 constructio,
1342 3134 1443 3207 videte,
1454 3140 1516 3185 ttttt

475 3238 584 3300 rabdos
606 3237 736 3306 l'rotres,
758 3249 797 3292 rte
818 3232 876 3291 ista
896 3248 984 3311 porro
1004 3248 1092 3293 causa
1115 3242 1165 3308 stt,
1179 3246 1234 3294 cur
1252 3244 1321 3312 post
1339 3242 1381 3293 tot
1400 3236 1517 3291 mmorcffl

468 3333 626 3414 'muricula
646 3344 805 3407 nunquam
820 3332 854 3389 in
871 3332 1003 3389 meteriis
1015 3334 1121 3392 vestris
1138 3350 1196 3411 pax
1214 3349 1283 3393 vera
1303 3334 1407 3407 luerit,
1419 3338 1516 3387 nnun-

475 3448 568 3511 quam
586 3432 688 3491 loturo
707 3438 757 3508 stt,
772 3432 845 3508 nbi,
860 3438 895 3489 nt
910 3445 963 3490 nos
983 3432 1039 3509 ipsi
1060 3449 1121 3491 non
1136 3446 1177 3493 raa
1194 3436 1311 3512 pridem
1333 3428 1516 3509 loquebamini,

475 3532 670 3612 profligandis
682 3532 834 3590 erroribus
843 3532 1082 3591 Romenaescdis
1093 3532 1252 3593 incalescet
1261 3540 1415 3593 auctoritas
1427 3536 1453 3587 ct
1460 3524 1516 3583 dara

477 3638 624 3708 firmeque
645 3632 683 3690 dc
705 3633 795 3689 rebus
816 3634 854 3689 ad
876 3633 1052 3689 mmodcem
1072 3632 1163 3692 tidem
1192 3634 1410 3711 pertinentibus
1429 3626 1517 3705 pmlalt

478 3740 625 3796 mntcnna
636 3732 797 3806 sanginem
810 3744 933 3788 omnem
944 3731 1095 3806 discutiat,
1109 3736 1226 3793 animos
1239 3732 1416 3794 fluctuantes
1426 3738 1515 3801 compo

478 3844 541 3904 nat,
564 3833 689 3893 <insidia
702 3831 868 3909 probibent,
881 3831 1020 3891 Ecclesiae
1035 3832 1281 3909 tranquillitatem
1301 3834 1514 3914 splendoremque

479 3941 624 3999 restituet.
635 3932 713 3992 l’um
724 3932 850 3991 demum
862 3933 1022 4009 morines,
1038 3929 1167 4012 idipsum
1176 3937 1340 4006 contrectes,
1354 3940 1381 3995 ct
1390 3930 1514 3991 nonerunt

480 4040 512 4100 in
526 4038 610 4098 vobis
629 4032 804 4104 schismne
820 4046 917 4108 quum
933 4034 1037 4111 primm
1052 4032 1132 4114 Sodi,
1147 4036 1229 4097 unde
1247 4033 1430 4097 sacerdotalis
1440 4032 1514 4087 unet

480 4142 582 4199 exorta
600 4142 655 4205 est,
673 4133 785 4193 humili
798 4132 968 4192 absalom
982 4138 1191 4195 consentistis:
1209 4144 1278 4197 tunc
1291 4152 1309 4196 a
1323 4132 1439 4196 subditis
1454 4122 1512 4186 tobit

481 4240 589 4300 ovibus
602 4239 751 4313 integram
761 4234 962 4295 obedientiam
974 4232 1111 4313 crigens,
1119 4252 1216 4316 quum
1225 4252 1293 4298 eam
1303 4239 1434 4300 Romano
1442 4226 1511 4290 sene

483 4337 900 4417 sia,cuivocsuojcctororoo
913 4338 1102 4419 cognoscitis,
1115 4336 1508 4423 ptcnoanlmoprsatrtertntt·

522 4432 674 4514 &Quam
695 4438 775 4503 toede
798 4454 868 4503 vcro
883 4442 968 4504 laice
989 4446 1141 4523 potcstatis
1165 4448 1301 4526 tyrannis
1322 4444 1413 4509 seculo
1435 4434 1508 4499 oden

519 4676 1507 4762 triveres-loomimacto-otreiosmcccmncnw

494 4770 670 4837 percontator.
681 4772 742 4820 rent
755 4766 824 4821 taos.
