3559 5675
537 801 643 846 sonus.
668 820 705 834 -
728 779 810 849 ernss'
832 769 965 851 oremus.
1230 790 1288 854 231

236 909 305 966 tiata
330 905 483 967 inbuenda
501 913 556 968 est.
577 908 679 986 Neque
701 912 781 970 enirn
812 911 965 987 tyrannice
985 912 1153 974 societatem
1179 913 1289 980 habere

237 1007 352 1084 princeps
363 1013 472 1084 posset,
487 1007 544 1067 uisi
557 1009 652 1084 major
662 1009 773 1070 civium
788 997 936 1072 numerus
956 1010 1036 1071 melo
1054 1011 1136 1072 illius
1146 1014 1288 1090 regimini

234 1105 394 1182 urtpcsitire
415 1109 623 1181 cooperaretur
640 1112 693 1166 aut
706 1105 860 1167 moraliter
869 1107 1052 1167 conniveret.
1066 1110 1164 1182 Quare
1178 1111 1224 1171 rel
1238 1113 1289 1174 tali

234 1205 358 1280 regimine
372 1201 417 1264 lex
429 1204 577 1264 naturalis
588 1205 715 1266 mimine
729 1205 860 1277 laeditur,
877 1212 907 1265 et
920 1211 991 1267 tune
1010 1207 1201 1271 subditorum
1215 1229 1288 1290 que·

233 1305 346 1364 rimoniae
359 1299 480 1381 injustas
493 1310 579 1379 sunt;
592 1299 639 1366 vel
650 1305 718 1366 talis
728 1305 916 1382 gubernandi
927 1307 1003 1366 ratio
1012 1306 1108 1383 legem
1120 1310 1287 1374 naturalem

232 1401 311 1478 riclat,
326 1410 352 1464 et
365 1409 438 1464 tunc
452 1403 592 1464 socordes
609 1403 746 1465 homines
768 1421 802 1466 ac
815 1411 917 1484 turpes
938 1412 1133 1468 assentatores
1149 1417 1221 1469 sunt
1240 1410 1286 1471 illi

232 1519 324 1577 11111111,
343 1505 395 1580 qni
420 1505 584 1581 tyrannicis
608 1507 752 1585 principis
762 1505 858 1582 jussis
876 1521 937 1565 non
959 1505 1104 1567 resistunt
1112 1509 1237 1587 passive,
1253 1517 1287 1572 111

231 1605 340 1665 resistere
353 1605 386 1665 in
401 1603 454 1665 tali
467 1622 537 1666 casu
554 1604 698 1666 honestus
710 1606 838 1684 quisque
851 1606 923 1667 civis
934 1607 1065 1666 naturali
1078 1607 1175 1670 officio
1188 1609 1284 1671 debet.
1366 1654 1370 1670 .

228 1703 310 1780 ltaque
326 1705 357 1764 in
371 1705 423 1764 tali
446 1706 620 1766 animorum
633 1713 711 1766 statu
726 1705 840 1766 mirum
864 1721 926 1766 rron
941 1712 986 1767 est
999 1708 1078 1768 cives
1090 1709 1171 1787 ipsos
1182 1715 1287 1786 tyran-

227 1802 289 1861 nidis
299 1809 410 1866 catenas
424 1804 484 1865 sibi
495 1805 643 1866 innectere
659 1824 667 1868 :
680 1811 709 1866 et
722 1805 854 1884 populus
866 1805 1106 1886 adeocorruptus
1116 1814 1146 1869 et
1159 1808 1284 1885 ignarus

227 1903 405 1980 multomagis
417 1905 485 1984 ipse
501 1904 570 1983 sibi,
587 1897 830 1986 quam'princeps
847 1905 904 1984 illi,
922 1912 1067 1982 tyrannus
1081 1915 1136 1967 est.
1151 1909 1209 1982 Qui
1220 1911 1285 1986 qui·

224 1999 275 2061 den
292 2003 435 2083 princeps,
449 2004 509 2064 nisi
523 2005 735 2083 plerorumque
757 2007 823 2080 eJ‘us
836 2005 933 2092 gentis
945 2005 1148 2082 cooperatione
1162 2016 1283 2068 susten·

224 2105 321 2179 11111111,
336 2103 489 2182 quidquid
504 2105 656 2181 tyrannice
670 2121 758 2182 agere
768 2098 949 2179 institueret,
963 2104 1080 2182 passiva
1093 2105 1282 2169 subditorum

224 2201 363 2264 resistentia
376 2203 588 2284 impediretur.
604 2205 698 2282 igitur
708 2201 874 2281 tyrannidis
889 2203 969 2263 mala
982 2219 1044 2264 non
1058 2205 1205 2268 creatoris
1215 2208 1284 2269 Pro·
1301 2254 1304 2258 -

224 2297 345 2378 ridentia,
360 2319 430 2380 qnae
445 2303 534 2364 illam
550 2303 648 2363 solum
660 2303 816 2382 permittit,
832 2302 884 2364 sed
897 2302 1043 2363 societatis
1057 2307 1240 2383 corruptioni
1254 2317 1283 2366 11

223 2401 335 2462 socordiae
359 2403 525 2464 tribuenda
545 2410 626 2464 sunt.
648 2404 723 2477 Quis
750 2409 851 2463 autem
871 2404 910 2462 sit
929 2401 1000 2462 finis
1021 2417 1112 2480 quern
1134 2405 1185 2464 tlei
1211 2406 1280 2467 Pro-

223 2499 325 2562 videntia
347 2504 379 2564 in
398 2504 455 2564 tali
473 2504 668 2582 permissione
687 2501 834 2572 intendat,
850 2504 915 2578 jam
933 2503 1004 2563 satis
1019 2519 1054 2562 ex
1077 2502 1166 2564 modo
1191 2503 1278 2568 dictis

222 2597 384 2678 intelligitur.
532 2609 534 2612 '

248 2699 323 2762 1017.
338 2703 383 2763 An
399 2701 487 2762 3⁰³¹:
507 2735 544 2745 -
564 2701 674 2761 Verum
692 2707 736 2762 est
751 2689 919 2761 societatem
934 2699 970 2760 ad
991 2701 1104 2761 bonum
1126 2697 1276 2763 sociorum

218 2803 440 2865 etauctoritatem
458 2801 497 2863 ad
512 2803 627 2863 bonurn
642 2801 788 2863 societatis
803 2807 895 2861 totam
908 2800 1051 2861 ordinari.
1067 2803 1105 2862 st
1118 2798 1151 2859 f⁰
1164 2797 1276 2863 falsum

217 2902 248 2955 111
266 2915 412 2977 pesonam
434 2918 504 2979 quar
523 2902 726 2961 auctoritatem
742 2900 883 2979 possidet,
906 2915 971 2959 csse
996 2898 1186 2959 solummodo
1208 2890 1280 2961 me-'

217 2994 281 3056 dium
293 3002 443 3077 quoddam
460 3001 495 3062 ad
511 3000 659 3061 societatis
673 2999 843 3060 felicitatem
862 2997 1046 3058 ordinatum.
1063 2998 1114 3057 Est
1127 2999 1209 3057 enirn
1223 3000 1277 3061 illa

217 3098 361 3161 membrum
386 3101 538 3162 societatis
564 3102 761 3178 precipuum,
783 3098 917 3175 adeoque
939 3102 968 3156 et
991 3097 1075 3173 ipsa,
1100 3113 1274 3173 quanquam

217 3208 260 3253 uon
274 3199 331 3259 sola
346 3202 424 3280 ipsa,
442 3204 488 3261 est
502 3200 571 3259 finis
586 3198 729 3277 adquam
750 3198 873 3259 societas
887 3185 1053 3256 ordinatur.

244 3297 268 3352 2⁰
280 3298 444 3359 Auctoritas
459 3298 621 3377 aprincipe
640 3314 785 3377 possessa,
803 3300 923 3355 nonest
941 3293 1132 3354 solummodo
1146 3301 1274 3372 potestas

215 3392 241 3451 11
251 3398 390 3471 publicam
404 3399 577 3460 felicitatem
590 3398 738 3474 ordinata,
751 3396 802 3458 sed
819 3404 862 3457 est
878 3397 967 3456 etiam
981 3396 1095 3457 bouum
1110 3395 1273 3474 quoddam,

216 3495 281 3568 cujus
292 3498 463 3559 dominium
478 3506 507 3559 et
520 3498 683 3577 proprietas
697 3498 827 3577 principi
841 3496 895 3556 uui
910 3499 1060 3573 competit.
1075 3496 1225 3574 tamserc,
1241 3510 1276 3557 ut

217 3592 323 3656 sistimus
345 3597 398 3659 lib.
426 3614 475 3673 vr,
496 3615 527 3657 n.
544 3600 604 3658 669
630 3598 692 3658 haec
713 3596 894 3657 auctoritatis
919 3595 1069 3675 possessio
1091 3595 1274 3656 non‘solnm

216 3690 290 3755 nilida
302 3700 408 3775 etjura
423 3698 540 3759 ordinis
559 3698 670 3776 publici
686 3699 719 3757 in
734 3697 867 3776 principe
886 3700 976 3772 creat,
994 3695 1152 3756 sedetiam
1163 3699 1236 3774 jura
1246 3702 1275 3757 et

216 3791 291 3853 cilicia
306 3800 403 3875 gignit
418 3798 534 3860 ordinis
549 3797 770 3875 quodammodo
785 3796 906 3874 privati,
922 3809 990 3871 quae
1004 3794 1116 3855 scilicet
1127 3796 1276 3873 pertinent

215 3888 241 3946 'ol
256 3908 418 3972 supremam
434 3898 640 3958 auctoritatem
655 3894 712 3956 sibi
727 3893 975 3967 conservandam,
993 3908 1121 3969 eamque
1138 3894 1276 3969 acujus-

215 4001 312 4068 cunque
324 3998 488 4057 adversarii
502 3996 691 4073 aggressione
705 3994 753 4054 sel
768 3992 886 4053 insidiis
906 3990 1134 4051 defendendam.
1152 3993 1274 4052 11111111-
1341 3996 1344 4001 “

217 4092 261 4147 ten
269 4094 384 4169 juribus
398 4096 566 4176 principem
582 4094 702 4173 spoliari
717 4110 778 4154 non
796 4109 882 4172 posse
899 4090 1056 4167 nisi-juna
1069 4091 1148 4167 teges
1163 4093 1274 4169 aprin-

215 4186 273 4263 cipio
285 4197 476 4271 possessionis
489 4201 657 4270 manantes,
672 4194 864 4273 probavimus
879 4208 910 4251 n.
929 4190 1016 4252 1007.

245 4290 472 4373 &Nequaquam
485 4295 633 4355 societatis
653 4292 768 4353 bonnm
783 4290 979 4368 negligimus,
994 4295 1029 4349 nt
1044 4289 1186 4367 principis
1201 4307 1273 4351 nuc-

216 4388 304 4451 tsritati
318 4394 481 4457 faveamus.
496 4394 580 4457 Nihil
591 4395 671 4454 enirn
684 4392 719 4453 ad
736 4392 882 4453 societatis
895 4390 1079 4464 felicitatem,
1092 4398 1160 4466 qua
1172 4391 1204 4450 in
1218 4408 1273 4469 pu-

217 4482 277 4547 llicc
287 4494 385 4555 ordine
400 4497 622 4574 etprivatorum
634 4494 792 4563 securitate
807 4492 952 4565 consistit,
962 4490 1058 4567 magis
1070 4487 1272 4550 necessarium

215 4594 682 4673 11111111111110111111111111111111
694 4593 820 4653 firmitas
834 4596 861 4651 et
873 4589 1077 4662 efficaciatlif).
1089 4604 1134 4664 11,
1143 4605 1175 4650 n.
1186 4588 1271 4669 tos).

215 4688 288 4763 111111
301 4694 436 4757 seditiosa
449 4695 501 4755 illa
512 4694 696 4756 liberalium
711 4692 859 4767 doctrina,
874 4706 940 4768 qnae
953 4689 1066 4770 populo
1076 4690 1128 4765 jus
1142 4688 1179 4747 de
1192 4688 1274 4767 prin·

215 4783 264 4861 001
280 4792 427 4867 judicandi
455 4798 582 4871 ejusque
606 4790 815 4854 exurrctoranrti
844 4790 990 4865 coneedit,
1015 4788 1108 4849 sernel
1131 4786 1270 4858 arturissa,
