3559 5675
570 738 676 786 susal.
699 702 739 771 ἔ-
753 737 845 785 ntsae
866 735 1054 785 subnectunt.
1297 727 1354 791 llll

277 860 401 925 (ludii¹¹⁰
422 844 569 924 filimi*
588 845 714 920 ”lumb
741 860 795 923 1³01
815 860 893 922 <11¹OE
913 842 1071 923 episcopali
1084 844 1292 923 jmisdietione
1312 851 1357 913 in·

278 953 409 1009 strudos
428 946 482 1006 ille
503 946 653 1026 permulta
665 945 704 1007 ad
717 945 869 1007 diaecesim
882 961 971 1007 suam
991 945 1217 1022 gubernandam
1229 958 1358 1029 prestat,

278 1064 351 1127 qnae
362 1046 446 1109 solus
458 1062 564 1109 aurare
574 1063 636 1109 non
648 1052 757 1127 posset.

319 1150 459 1210 lamvero
481 1150 627 1211 Summus
647 1149 793 1228 murnai,
807 1148 857 1211 oui
881 1165 943 1211 non
965 1149 1099 1211 dioeaesis
1120 1152 1212 1214 unius
1225 1158 1354 1235 mntem,

279 1250 335 1312 sed
355 1250 536 1311 universalis
557 1250 695 1312 &alesia
718 1266 791 1312 aura
815 1250 961 1313 divinitus
984 1252 1145 1315 commissa
1166 1258 1229 1326 est,
1265 1256 1362 1321 multo

178 1365 180 1404 i
279 1351 380 1429 magis
392 1350 507 1428 indiget
521 1352 634 1413 meana
656 1350 808 1430 ejusmodi
827 1352 1032 1431 cooperatione
1054 1352 1295 1430 magistratuum,
1309 1372 1363 1435 par

178 1469 179 1478 ¹
278 1468 359 1528 quos
372 1450 557 1530 proterobice
571 1449 654 1514 illius
667 1451 828 1513 auctoritas
840 1451 990 1511 infinitam
1011 1453 1200 1529 negotiorum
1221 1454 1363 1517 multitu-

177 1567 182 1606 2·
279 1551 387 1611 dinem
400 1567 434 1612 aa
448 1550 621 1613 varietatem
640 1557 797 1629 cognoscat
814 1551 1022 1631 expediatque,
1037 1554 1067 1613 et
1079 1554 1241 1615 momnbas
1253 1571 1271 1615 a
1285 1558 1365 1617 Pon·

280 1651 363 1713 tiliae
372 1652 451 1730 ipso,
466 1651 493 1712 si
505 1652 681 1731 oportuerit,
695 1650 903 1731 approbandas
916 1650 1057 1730 proterat.
1072 1654 1145 1727 Qua
1156 1654 1272 1731 omnia,
1286 1670 1365 1732 quo·

177 1775 181 1811 ·.
280 1752 367 1813 niam
391 1750 543 1831 pontificia
564 1752 739 1814 auctoritate
760 1751 800 1812 ab
820 1754 857 1812 iis
879 1752 1103 1829 magistratibus
1122 1752 1256 1830 legitima
1276 1754 1365 1827 liunt,

178 1877 180 1914 ε
279 1852 346 1913 sim
360 1851 453 1912 eliam
473 1852 653 1913 auctoritatis
667 1851 824 1930 pontificia
844 1851 882 1912 ad
901 1851 1097 1928 obligandum
1118 1854 1222 1931 utique
1241 1853 1365 1917 habant.

181 2007 185 2015 ,
281 1951 405 2012 Etenim
419 1950 566 2012 Summus
576 1950 721 2026 Pontifex,
735 1950 793 2014 boc
806 1952 871 2030 ipso
884 1950 966 2027 quod
978 1952 1015 2011 iis
1031 1952 1256 2029 magistratibus
1270 1960 1369 2017 aucto·

281 2053 407 2113 ritatem
421 2068 509 2113 suam
520 2068 694 2132 supremam
707 2052 741 2113 iu
752 2050 883 2129 quodam
896 2066 1007 2127 genere
1030 2054 1219 2129 negotiorum
1242 2055 1368 2129 nonsart,

281 2153 350 2213 vim
365 2152 456 2213 etiam
471 2151 533 2213 illis
548 2151 585 2213 ad
609 2151 805 2229 obligandum
828 2150 951 2229 prabet,
967 2168 1001 2211 ao
1020 2153 1145 2231 proinde
1158 2152 1254 2215 officio
1276 2154 1370 2217 simul

287 2254 330 2313 iis
341 2252 568 2331 obtemperandi
584 2269 691 2313 omnes
706 2249 841 2313 subditos
853 2250 1024 2326 obstringit.
1036 2252 1126 2328 Ergo,
1139 2260 1204 2313 stc..

328 2353 421 2414 1307.
434 2352 565 2413 Corona.
585 2351 614 2411 l.
629 2382 671 2397 -
691 2350 748 2424 Qui
765 2364 836 2425 argo
850 2365 902 2427 par
915 2348 1122 2410 incredibilem
1145 2350 1372 2415 inconsideran-

178 2475 181 2531 ς
284 2454 361 2515 tiam
374 2456 512 2513 abluunt
528 2450 661 2511 romanis
673 2447 883 2511 Cardinalinm
896 2447 1188 2525 congregationibus,
1200 2452 1371 2513 anctoritate

178 2581 181 2632 1,
284 2551 441 2633 pontificia
453 2551 552 2611 varias
564 2550 754 2627 negotiorum
766 2547 879 2627 species
893 2546 1108 2625 judicantibus,
1123 2548 1249 2613 minime
1260 2566 1325 2612 essa
1336 2552 1372 2612 in

177 2692 186 2734 ;
288 2652 395 2729 aliqua
402 2650 563 2712 christiana
571 2649 694 2727 regione
704 2647 917 2723 obediendum,
929 2647 962 2709 bi
973 2648 1104 2726 protecto
1116 2647 1267 2710 affirmant
1280 2649 1374 2712 simul

288 2749 448 2830 implicita,
461 2748 509 2809 vel
521 2764 584 2809 non
596 2764 682 2828 possa
693 2747 860 2826 principem
874 2748 1079 2809 auctoritatem
1094 2748 1286 2811 interioribus
1310 2766 1375 2811 ma·

177 2896 185 2909 .
287 2849 516 2928 gistradbusad
528 2849 719 2929 particularia
741 2849 861 2924 negotia
883 2847 1068 2926 expedienda
1081 2847 1231 2926 deputari.
1252 2850 1301 2912 vel
1321 2865 1375 2912 na·

291 2966 454 3030 maguam
480 2952 627 3011 Romano,
638 2947 773 3010 Pontifici
786 2947 953 3026 prinoipem
967 2947 1172 3008 auctoritatem
1193 2949 1227 3008 in
1246 2949 1376 3010 Ecclesia

288 3056 480 3130 competere:
496 3049 675 3110 alterutrum
699 3048 825 3108 omnino
847 3047 963 3123 eligant
986 3052 1110 3125 oportet.
1133 3048 1163 3106 Si
1189 3049 1274 3127 prius
1299 3048 1375 3110 illud

177 3201 187 3245 2
289 3150 457 3226 affirmant,
472 3166 543 3227 ergo
563 3164 619 3211 nee
634 3148 724 3225 Regis
746 3146 793 3208 vel
806 3148 995 3226 imperatoria
1007 3146 1204 3223 administris,
1228 3163 1283 3210 nac
1306 3149 1375 3227 Epi-

289 3265 454 3330 sooporum
467 3250 592 3312 vicariis
605 3247 800 3311 Generalibus
816 3245 1020 3308 obediendum
1035 3252 1089 3307 ast.
1106 3247 1138 3308 Si
1148 3248 1308 3326 posterbm,
1322 3265 1376 3310 va·

177 3419 183 3437 ‚
292 3350 378 3412 leant
392 3366 475 3429 sane,
490 3350 659 3427 abeantqus
678 3364 750 3410 oum
774 3346 965 3408 heterodoxis
978 3345 1117 3408 Ecclesia
1132 3347 1279 3410 unimam
1302 3348 1376 3410 visi·

177 3438 182 3547 ζ
292 3450 392 3512 bilem
405 3449 618 3512 evertentibus.
1292 3509 1294 3514 ,

335 3551 526 3629 Conomsa.
541 3551 660 3612 -Non
676 3565 799 3628 possam
822 3548 945 3626 longius
962 3548 994 3610 in
1012 3547 1069 3610 bac
1087 3565 1120 3610 re
1133 3551 1284 3630 progredi,
1301 3551 1377 3628 quin

177 3628 186 3731 s
295 3652 424 3714 loannis
438 3651 518 3712 Patri
530 3651 628 3726 Gnrii,
636 3651 940 3728 jasulte‚quamjam
950 3648 1028 3709 libro
1040 3651 1079 3709 lll
1092 3648 1258 3712 honorifica
1270 3650 1316 3712 bia
1328 3668 1379 3729 ap

178 3816 179 3821 ,
293 3751 409 3832 pellavi
427 3750 512 3830 (312,
526 3750 610 3825 tre),
631 3751 665 3810 in
685 3748 779 3810 simili
801 3765 892 3810 cansa
910 3749 1020 3810 iterum
1038 3747 1271 3826 imprudentiam
1291 3764 1378 3810 ocar-

178 3910 180 3921 .
294 3869 404 3930 guam.
415 3852 504 3914 Hunc
516 3851 599 3912 anim
609 3851 697 3914 video
709 3851 741 3910 in
756 3866 813 3911 suo
826 3847 998 3924 theologie
1009 3845 1131 3910 ltorelis
1140 3845 1326 3924 Compendio
1337 3846 1375 3908 de

177 3933 182 3947 ’
295 3950 384 4014 Sedis
391 3950 565 4031 Apostolicts
575 3949 701 4013 decretis
708 3955 739 4010 at
747 3947 1011 4011 mnsdtrrtionibus
1024 3945 1061 4006 ad
1074 3945 1240 4008 Ecclesiam
1251 3947 1377 4008 univer-

295 4066 365 4112 sam
376 4048 596 4129 pertinentibus
607 4049 648 4110 ita
666 4048 748 4126 loqui
762 4049 886 4128 passim,
901 4047 987 4126 quasi
1007 4045 1180 4123 obligatoria
1196 4043 1321 4104 illorum
1332 4045 1379 4105 vis

296 4151 332 4212 in
352 4147 482 4227 siugulis
505 4147 610 4209 Gallia
627 4146 805 4210 dioecesibus
825 4165 844 4208 a
863 4145 1057 4224 singrdornm
1078 4145 1291 4224 Episcoporum
1305 4159 1378 4206 oon-

297 4266 405 4329 sensu,
419 4249 618 4330 acceptatione
637 4248 686 4311 rel
704 4247 916 4328 approbadone
936 4245 1073 4328 pendeat.
1096 4245 1210 4308 Passim
1232 4244 1379 4306 nimirum

296 4350 369 4423 illa,
395 4348 515 4410 decreta
534 4347 684 4427 ejusmodi
704 4354 736 4409 et
754 4348 981 4410 somtitutionas
1003 4344 1180 4427 apostolicas
1198 4361 1380 4408 commemo-

297 4467 386 4528 rans,
398 4449 511 4532 foetum
523 4455 640 4529 uagata
659 4451 694 4511 in
712 4447 809 4512 Galba
826 4448 874 4511 uel
898 4449 1017 4510 omissa
1033 4446 1209 4510 obedientia
1226 4461 1297 4508 aum
1309 4445 1382 4528 jare

297 4553 413 4631 rigoris
437 4548 542 4630 legalis
561 4568 616 4633 pro
636 4549 742 4614 eadam
764 4551 886 4627 ragione
906 4548 1071 4612 deliciantis
1092 4547 1258 4610 contundit.

340 4657 365 4717 l.
385 4655 453 4717 lam
467 4652 544 4715 libro
564 4649 598 4712 lv
621 4649 704 4733 (ala)
727 4649 977 4732 reprebendimus
998 4649 1077 4728 quod
1100 4650 1131 4712 in
1145 4653 1229 4712 tract.
1245 4649 1283 4710 de
1296 4650 1384 4728 lagi-

299 4757 360 4819 bns
371 4755 425 4817 tile
435 4754 575 4832 altirmat,
588 4755 645 4817 ein
659 4753 769 4830 Gallia,
782 4771 817 4815 ax
830 4752 1047 4816 oonsrraludine
1056 4751 1238 4838 Jampridem
1250 4749 1382 4830 tolerate,

408 4872 441 4918 tt.
1188 4850 1228 4912 ab
