3559 5675
582 686 598 719 Ο

452 748 510 815 iod
860 772 940 821 rosis
960 746 1118 825 nimius

451 882 598 943 terramm
613 883 708 964 spatia
720 903 878 966 occupans,
894 904 962 949 cum
972 884 1114 951 omnibus
1125 890 1231 951 mnndi
1245 888 1362 969 physici
1376 894 1406 953 et
1420 890 1531 952 mundi

450 982 573 1044 moralis
586 985 742 1048 clementie
754 989 905 1050 colluctari
919 988 1018 1063 debet,
1032 980 1201 1051 necessario
1213 990 1312 1067 quoad
1326 990 1468 1069 aliquam
1485 988 1533 1053 sul

447 1091 562 1171 partem
584 1087 702 1154 tacetur
717 1089 879 1152 identidem
895 1091 926 1156 in
941 1108 992 1155 eos
1007 1106 1092 1152 casus
1106 1106 1182 1171 quos
1205 1096 1340 1170 respectu
1352 1091 1535 1153 individuo-

448 1208 517 1254 rum
525 1194 662 1257 fortuitos
674 1196 814 1259 dicimus
832 1202 922 1275 Erg0,
934 1202 988 1259 etc.

487 1299 522 1358 '2⁰
532 1300 658 1377 Singula
679 1300 834 1364 individua
850 1306 953 1363 carent
972 1298 1166 1362 facilitatibus
1179 1297 1216 1360 ad
1231 1296 1356 1361 fortuita
1381 1296 1438 1359 illa
1452 1298 1532 1377 peri·

446 1390 516 1460 cula
528 1397 687 1464 avertenda
697 1399 929 1478 sufficientibus,
939 1416 1007 1481 ques
1019 1398 1174 1462 fascinos
1186 1398 1267 1460 civili
1278 1400 1411 1460 societati
1422 1400 1532 1476 utiquc

446 1500 609 1579 suppetunt
626 1503 662 1568 ad
684 1522 720 1566 aa
738 1496 916 1585 plerumque
936 1502 985 1563 aut
1003 1496 1187 1581 prohibenda
1206 1504 1259 1559 ant
1276 1496 1456 1559 minuenda.
1480 1498 1532 1557 ln-

445 1607 548 1674 gentes
576 1620 707 1682 namque
732 1606 866 1687 pecunia
884 1618 1021 1665 summas
1043 1600 1195 1680 postulant
1216 1614 1257 1659 cae
1277 1596 1401 1658 nautelae
1426 1602 1530 1657 oontm

445 1697 595 1782 incendia,
609 1713 711 1768 contra
723 1704 890 1785 naufragia,
907 1710 1010 1769 contra
1023 1701 1095 1769 belii
1110 1714 1208 1779 nasus,
1223 1704 1326 1759 contra
1340 1696 1530 1781 pestilentias

443 1797 521 1860 aeris
541 1807 570 1862 et
584 1801 732 1867 mercium
747 1805 851 1869 atalia
869 1802 1055 1885 hujusmodi.
1079 1802 1168 1884 Ergo,
1186 1808 1238 1869 cic.

483 1899 553 1961 858.
570 1903 700 1967 (ἶοκοιι.
717 1909 745 1967 l.
761 1940 800 1953 —
815 1904 973 1970 individua
982 1909 1107 1971 civiliter
1121 1910 1298 1985 consociata,
1315 1914 1382 1967 tum
1394 1900 1525 1987 periculi

442 2003 526 2083 netu
540 2002 675 2093 excitato,
687 2010 753 2069 turn
767 2008 942 2097 impotentia
957 2009 1147 2091 singulorum
1157 2014 1315 2086 commota,
1328 2006 1528 2068 accidentales

441 2106 504 2175 sire
517 2113 711 2195 incompletos
726 2112 811 2195 (479)
828 2114 1039 2177 associationes
1062 2128 1139 2191 saepe
1157 2110 1320 2171 instituunt
1332 2106 1368 2168 ad
1385 2123 1525 2169 commu·

443 2228 514 2274 nem
547 2213 672 2277 tutelam
697 2216 799 2278 contra
823 2214 975 2296 peculiare
1004 2210 1126 2290 aliquod
1152 2209 1312 2272 lormitnm
1336 2206 1524 2288 periculum.

441 2312 514 2387 Qua
526 2314 664 2377 tutelares
675 2318 826 2400 societates
841 2320 913 2377 sunt
924 2314 990 2375 sine
1002 2310 1095 2374 dnbio
1110 2308 1293 2385 utilissimas,
1308 2308 1382 2387 quia
1401 2307 1523 2371 civilem

440 2417 645 2479 auctoritatem
659 2417 766 2479 multis
790 2415 956 2496 expediunt
976 2413 1067 2487 curis,
1082 2409 1308 2489 quibuslicet
1324 2408 1483 2471 efficacius
1497 2414 1525 2469 et

439 2520 640 2598 opportunius
654 2520 821 2582 satisfacere
837 2520 975 2598 possunt.
993 2512 1149 2576 litlicacius
1161 2510 1298 2589 quidem,
1313 2512 1388 2591 quia
1401 2506 1525 2571 illerum

441 2616 589 2680 industria
602 2627 632 2681 ct
653 2625 787 2691 conatus.
806 2620 843 2681 ad
870 2634 968 2679 unum
993 2612 1156 2693 quemdam
1175 2611 1267 2672 finem
1287 2610 1432 2689 limitata,
1448 2610 1525 2674 vali·

439 2718 523 2781 diora
545 2726 635 2784 snnt:
658 2721 855 2801 opportunius
876 2722 990 2791 antem,
1004 2714 1077 2793 quia
1094 2713 1289 2775 consiliorum
1304 2712 1524 2790 actionumque

438 2820 643 2902 opportunitas
669 2820 708 2884 ab
735 2816 974 2882 individualibus
999 2812 1099 2900 potius
1123 2808 1216 2896 quani
1236 2811 1274 2876 ab
1296 2812 1525 2877 universalibus

437 2912 657 2997 cognitionibus
673 2921 794 3002 pendet.
812 2920 815 2929 '

477 3019 609 3082 Conona.
623 3023 653 3082 2.
670 3053 709 3067 -
724 3022 908 3100 Quanquam
928 3015 961 3079 hi
986 3015 1171 3098 privatomm
1198 3021 1323 3078 conatus
1346 3017 1521 3099 plurimum

431 3118 541 3196 juvant
555 3119 592 3181 ad
604 3138 710 3182 eornm
724 3119 876 3182 malorum
896 3119 1017 3196 fortuito
1043 3117 1276 3196 irrumpentium
1292 3112 1419 3180 allectus
1441 3137 1522 3181 com·

435 3219 597 3296 pascendos
611 3226 664 3280 aut
677 3221 785 3282 saltem
807 3217 1021 3292 resarciendos,
1034 3221 1165 3278 attamen
1177 3217 1222 3276 illi
1238 3221 1396 3297 nequeunt
1422 3219 1521 3302 impe·

435 3313 500 3376 dire
514 3333 552 3375 ne
566 3317 691 3379 omnino
705 3317 850 3378 accidant.
866 3319 966 3390 Quare
984 3315 1081 3376 civilis
1101 3315 1249 3376 societatis
1275 3323 1320 3376 est
1342 3326 1452 3378 aarum
1477 3317 1522 3378 in-

435 3415 653 3493 completarum
661 3418 836 3478 societatum
847 3415 974 3476 solertias
987 3411 1139 3494 opitulari,
1154 3413 1322 3494 majoribus
1336 3413 1524 3494 quibusdam

435 3513 581 3592 presidiis
591 3514 629 3574 ad
643 3532 680 3576 ea
690 3514 769 3575 mala
781 3513 981 3594 propulsanda
996 3513 1129 3590 adjectis.
1146 3513 1229 3587 Quod
1245 3515 1370 3592 quidem
1385 3513 1439 3579 illa
1453 3517 1526 3581 lacit
1616 3509 1617 3512 '

436 3611 539 3673 multis
552 3618 581 3673 et
594 3615 683 3675 variis
696 3615 837 3692 operibns
854 3621 943 3692 atque
961 3613 1118 3692 institutis,
1134 3629 1265 3692 qnorum
1291 3619 1524 3682 consideratior

435 3712 541 3774 morali
553 3715 676 3776 scientia
686 3732 807 3795 prorsus
820 3717 919 3778 aliena
932 3722 991 3792 est3
1008 3731 1130 3794 aggeres
1146 3716 1294 3777 nimirum
1313 3735 1369 3780 seu
1385 3718 1525 3784 flumini·

434 3813 492 3878 bne
502 3831 555 3876 seu
570 3817 648 3876 mari
663 3816 851 3895 opponendo,
867 3815 986 3877 canales
1004 3821 1106 3876 contra
1122 3815 1239 3879 telluris
1254 3817 1429 3882 ariditatem
1447 3821 1522 3886 etad

433 3907 536 3975 faciles
549 3919 733 3976 commeatus
754 3914 908 3989 fodiendo,
921 3913 1058 3975 custodes
1079 3920 1182 3975 contm
1196 3915 1334 3978 incendia
1347 3923 1522 4002 statuendo,

434 4012 626 4088 magistratus
638 4014 799 4074 sanitarios
813 4021 916 4074 contra
928 4015 1040 4092 pestem
1055 4012 1259 4074 creandocum
1268 4015 1444 4082 innumeris
1455 4021 1523 4084 aliis

433 4108 576 4172 subsidiis
591 4118 620 4174 et
634 4113 834 4190 cautionibus,
849 4127 917 4190 quae
938 4123 1090 4173 recensere
1105 4113 1206 4173 onmia
1220 4107 1389 4178 Stetistiooe
1405 4137 1523 4184 munus

433 4213 489 4270 est.

473 4307 544 4369 859.
561 4311 630 4372 l’os.
647 4309 730 4371 416³.
743 4345 784 4358 -
795 4309 922 4374 socialis
937 4309 1095 4370 secunus
1113 4309 1198 4373 dehet
1213 4317 1431 4382 associationes
1452 4338 1524 4384 con·

432 4413 478 4468 tra
487 4406 608 4470 fortuita
621 4411 698 4473 mala
712 4411 855 4474 tutelares
869 4415 1033 4490 protegere,
1047 4427 1221 4488 promovere
1238 4431 1272 4474 ao
1284 4401 1430 4493 dirigere.

471 4509 566 4567 Pnon.
584 4509 613 4566 1·
626 4524 712 4572 ears.
734 4545 764 4555 -
786 4515 815 4571 1⁰
828 4511 881 4570 lia
893 4508 1102 4568 associationes
1116 4513 1226 4588 optime
1238 4501 1438 4579 consentiunt
1452 4535 1523 4582 cum

431 4603 529 4683 primo
550 4605 651 4666 sociali
674 4609 832 4686 principio,
851 4609 963 4665 aonam
983 4594 1133 4667 emmone
1155 4607 1257 4687 [oeric.
1283 4643 1322 4656 -
1341 4617 1374 4674 2⁰
1396 4617 1522 4679 nauem

431 4699 503 4762 s'nnt
515 4702 778 4781 socialisunitatis,
794 4706 842 4766 cui
859 4705 1050 4782 potissimum
1061 4709 1348 4772 commonebonum
1366 4715 1522 4798 innititur,

431 4799 628 4864 utilissimum
653 4805 822 4865 vinculum.
845 4835 887 4848 -
902 4805 933 4863 3⁰
955 4803 1022 4862 llaec
1041 4807 1193 4874 consortia
1214 4808 1304 4888 plane
1332 4816 1524 4879 satisfaciunt
