<?xml version="1.0" encoding="UTF-8"?>
<!DOCTYPE html PUBLIC "-//W3C//DTD XHTML 1.0 Transitional//EN"
    "http://www.w3.org/TR/xhtml1/DTD/xhtml1-transitional.dtd">
<html xmlns="http://www.w3.org/1999/xhtml" xml:lang="en" lang="en">
 <head>
  <title>
</title>
<meta http-equiv="Content-Type" content="text/html;charset=utf-8" />
  <meta name='ocr-system' content='tesseract 3.04.00' />
  <meta name='ocr-capabilities' content='ocr_page ocr_carea ocr_par ocr_line ocrx_word'/>
</head>
<body>
  <div class='ocr_page' id='page_1' title='image "./jurisnaturalisu00bensgoog_0111.png"; bbox 0 0 3559 5675; ppageno 0'>
   <div class='ocr_carea' id='block_1_1' title="bbox 597 744 1351 817">
    <p class='ocr_par' dir='ltr' id='par_1_1' title="bbox 597 744 1351 817">
     <span class='ocr_line' id='line_1_1' title="bbox 597 744 1351 817; baseline 0.02 -18"><span class='ocrx_word' id='word_1_1' title='bbox 597 745 704 805; x_wconf 73' lang='lat' dir='ltr'>sunna.</span> <span class='ocrx_word' id='word_1_2' title='bbox 725 777 767 792; x_wconf 92' lang='lat'><em>-</em></span> <span class='ocrx_word' id='word_1_3' title='bbox 785 762 870 811; x_wconf 76' lang='lat' dir='ltr'>erana</span> <span class='ocrx_word' id='word_1_4' title='bbox 890 744 1031 817; x_wconf 71' lang='lat' dir='ltr'>curatus*</span> <span class='ocrx_word' id='word_1_5' title='bbox 1291 746 1351 815; x_wconf 74' lang='grc'>103</span> 
     </span>
    </p>
   </div>
   <div class='ocr_carea' id='block_1_2' title="bbox 251 848 1417 4662">
    <p class='ocr_par' dir='ltr' id='par_1_2' title="bbox 264 848 1349 1054">
     <span class='ocr_line' id='line_1_2' title="bbox 266 848 1349 953; baseline 0.006 -28"><span class='ocrx_word' id='word_1_6' title='bbox 266 876 379 943; x_wconf 78' lang='lat' dir='ltr'>magna</span> <span class='ocrx_word' id='word_1_7' title='bbox 392 858 503 943; x_wconf 79' lang='lat' dir='ltr'>quavis</span> <span class='ocrx_word' id='word_1_8' title='bbox 518 848 654 928; x_wconf 83' lang='lat' dir='ltr'>societate</span> <span class='ocrx_word' id='word_1_9' title='bbox 666 882 751 929; x_wconf 77' lang='lat' dir='ltr'>seros</span> <span class='ocrx_word' id='word_1_10' title='bbox 765 866 839 929; x_wconf 90' lang='lat' dir='ltr'>alios</span> <span class='ocrx_word' id='word_1_11' title='bbox 852 884 995 948; x_wconf 79' lang='lat' dir='ltr'><strong>pauperes</strong></span> <span class='ocrx_word' id='word_1_12' title='bbox 1010 873 1113 935; x_wconf 88' lang='lat' dir='ltr'>adesse</span> <span class='ocrx_word' id='word_1_13' title='bbox 1128 886 1232 953; x_wconf 80' lang='lat' dir='ltr'>posse3</span> <span class='ocrx_word' id='word_1_14' title='bbox 1249 871 1285 931; x_wconf 63' lang='lat'>2⁰</span> <span class='ocrx_word' id='word_1_15' title='bbox 1300 868 1349 931; x_wconf 91' lang='lat' dir='ltr'>his</span> 
     </span>
     <span class='ocr_line' id='line_1_3' title="bbox 264 967 1284 1054; baseline 0.008 -29"><span class='ocrx_word' id='word_1_16' title='bbox 264 967 455 1045; x_wconf 87' lang='lat' dir='ltr'>pauperibus</span> <span class='ocrx_word' id='word_1_17' title='bbox 476 968 598 1029; x_wconf 88' lang='lat' dir='ltr'>civilem</span> <span class='ocrx_word' id='word_1_18' title='bbox 621 970 792 1031; x_wconf 86' lang='lat' dir='ltr'>societatem</span> <span class='ocrx_word' id='word_1_19' title='bbox 812 971 954 1033; x_wconf 78' lang='lat' dir='ltr'>docemus</span> <span class='ocrx_word' id='word_1_20' title='bbox 968 975 1122 1036; x_wconf 88' lang='lat' dir='ltr'>consulere</span> <span class='ocrx_word' id='word_1_21' title='bbox 1138 980 1284 1054; x_wconf 73' lang='lat' dir='ltr'>oportere.</span> 
     </span>
    </p>

    <p class='ocr_par' dir='ltr' id='par_1_3' title="bbox 257 1066 1349 2061">
     <span class='ocr_line' id='line_1_4' title="bbox 304 1066 1349 1136; baseline 0.003 -8"><span class='ocrx_word' id='word_1_22' title='bbox 304 1066 403 1128; x_wconf 81' lang='lat' dir='ltr'>Paos.</span> <span class='ocrx_word' id='word_1_23' title='bbox 426 1082 491 1130; x_wconf 82' lang='lat' dir='ltr'>ros.</span> <span class='ocrx_word' id='word_1_24' title='bbox 518 1073 548 1128; x_wconf 89' lang='lat'>1·</span> <span class='ocrx_word' id='word_1_25' title='bbox 568 1083 655 1131; x_wconf 75' lang='lat' dir='ltr'>rsus.</span> <span class='ocrx_word' id='word_1_26' title='bbox 668 1102 709 1115; x_wconf 98' lang='lat'>-</span> <span class='ocrx_word' id='word_1_27' title='bbox 723 1072 777 1131; x_wconf 82' lang='lat' dir='ltr'>Vel</span> <span class='ocrx_word' id='word_1_28' title='bbox 797 1071 952 1134; x_wconf 80' lang='lat' dir='ltr'>levissima</span> <span class='ocrx_word' id='word_1_29' title='bbox 970 1075 1066 1135; x_wconf 89' lang='lat' dir='ltr'>civilis</span> <span class='ocrx_word' id='word_1_30' title='bbox 1081 1072 1226 1136; x_wconf 84' lang='lat' dir='ltr'>societatis</span> <span class='ocrx_word' id='word_1_31' title='bbox 1243 1072 1349 1135; x_wconf 87' lang='lat' dir='ltr'>obser-</span> 
     </span>
     <span class='ocr_line' id='line_1_5' title="bbox 261 1163 1348 1253; baseline 0.009 -26"><span class='ocrx_word' id='word_1_32' title='bbox 261 1163 344 1227; x_wconf 86' lang='lat' dir='ltr'>ratio</span> <span class='ocrx_word' id='word_1_33' title='bbox 357 1163 547 1230; x_wconf 87' lang='lat' dir='ltr'>demonstrat</span> <span class='ocrx_word' id='word_1_34' title='bbox 557 1170 669 1230; x_wconf 91' lang='lat' dir='ltr'>multos</span> <span class='ocrx_word' id='word_1_35' title='bbox 683 1176 748 1232; x_wconf 84' lang='lat' dir='ltr'>esse</span> <span class='ocrx_word' id='word_1_36' title='bbox 760 1172 899 1233; x_wconf 90' lang='lat' dir='ltr'>homines</span> <span class='ocrx_word' id='word_1_37' title='bbox 909 1192 1040 1252; x_wconf 89' lang='lat' dir='ltr'>quorum</span> <span class='ocrx_word' id='word_1_38' title='bbox 1054 1174 1248 1253; x_wconf 81' lang='lat' dir='ltr'>quotidianus</span> <span class='ocrx_word' id='word_1_39' title='bbox 1263 1173 1348 1239; x_wconf 85' lang='lat' dir='ltr'>labor</span> 
     </span>
     <span class='ocr_line' id='line_1_6' title="bbox 261 1262 1349 1357; baseline 0.011 -30"><span class='ocrx_word' id='word_1_40' title='bbox 261 1272 291 1327; x_wconf 86' lang='lat' dir='ltr'>et</span> <span class='ocrx_word' id='word_1_41' title='bbox 306 1267 463 1330; x_wconf 89' lang='lat' dir='ltr'>industria</span> <span class='ocrx_word' id='word_1_42' title='bbox 484 1268 521 1329; x_wconf 90' lang='lat' dir='ltr'>ad</span> <span class='ocrx_word' id='word_1_43' title='bbox 537 1282 642 1330; x_wconf 89' lang='lat' dir='ltr'>eornm</span> <span class='ocrx_word' id='word_1_44' title='bbox 656 1270 781 1347; x_wconf 83' lang='lat' dir='ltr'>vietum,</span> <span class='ocrx_word' id='word_1_45' title='bbox 794 1274 937 1333; x_wconf 80' lang='lat' dir='ltr'>vestitum</span> <span class='ocrx_word' id='word_1_46' title='bbox 957 1262 988 1335; x_wconf 53' lang='lat' dir='ltr'>&#39;et</span> <span class='ocrx_word' id='word_1_47' title='bbox 1002 1274 1127 1335; x_wconf 91' lang='lat' dir='ltr'>domum</span> <span class='ocrx_word' id='word_1_48' title='bbox 1147 1278 1349 1357; x_wconf 88' lang='lat' dir='ltr'>comparanda</span> 
     </span>
     <span class='ocr_line' id='line_1_7' title="bbox 261 1367 1348 1455; baseline 0.009 -27"><span class='ocrx_word' id='word_1_49' title='bbox 261 1369 310 1428; x_wconf 80' lang='lat' dir='ltr'>rix</span> <span class='ocrx_word' id='word_1_50' title='bbox 324 1367 486 1430; x_wconf 86' lang='lat' dir='ltr'>sufficiens</span> <span class='ocrx_word' id='word_1_51' title='bbox 501 1372 550 1431; x_wconf 90' lang='lat' dir='ltr'>sit.</span> <span class='ocrx_word' id='word_1_52' title='bbox 566 1372 643 1449; x_wconf 87' lang='lat' dir='ltr'>Jam,</span> <span class='ocrx_word' id='word_1_53' title='bbox 661 1370 686 1432; x_wconf 89' lang='lat' dir='ltr'>si</span> <span class='ocrx_word' id='word_1_54' title='bbox 700 1370 812 1434; x_wconf 90' lang='lat' dir='ltr'>talibus</span> <span class='ocrx_word' id='word_1_55' title='bbox 829 1374 994 1435; x_wconf 82' lang='lat' dir='ltr'>individuis</span> <span class='ocrx_word' id='word_1_56' title='bbox 1008 1374 1063 1435; x_wconf 87' lang='lat' dir='ltr'>lilii</span> <span class='ocrx_word' id='word_1_57' title='bbox 1078 1384 1253 1455; x_wconf 62' lang='lat' dir='ltr'>nascentum</span> <span class='ocrx_word' id='word_1_58' title='bbox 1272 1379 1296 1439; x_wconf 92' lang='lat' dir='ltr'>si</span> <span class='ocrx_word' id='word_1_59' title='bbox 1310 1376 1348 1439; x_wconf 88' lang='lat' dir='ltr'>ab</span> 
     </span>
     <span class='ocr_line' id='line_1_8' title="bbox 260 1469 1346 1555; baseline 0.008 -26"><span class='ocrx_word' id='word_1_60' title='bbox 260 1469 419 1548; x_wconf 81' lang='lat' dir='ltr'>incendio,</span> <span class='ocrx_word' id='word_1_61' title='bbox 437 1474 464 1534; x_wconf 91' lang='lat' dir='ltr'>si</span> <span class='ocrx_word' id='word_1_62' title='bbox 479 1474 518 1535; x_wconf 92' lang='lat' dir='ltr'>ab</span> <span class='ocrx_word' id='word_1_63' title='bbox 539 1474 737 1535; x_wconf 77' lang='lat' dir='ltr'>exundatione</span> <span class='ocrx_word' id='word_1_64' title='bbox 757 1475 907 1547; x_wconf 85' lang='lat' dir='ltr'>fluminis,</span> <span class='ocrx_word' id='word_1_65' title='bbox 932 1476 1053 1537; x_wconf 84' lang='lat' dir='ltr'>vastatis</span> <span class='ocrx_word' id='word_1_66' title='bbox 1071 1493 1174 1537; x_wconf 90' lang='lat' dir='ltr'>eorum</span> <span class='ocrx_word' id='word_1_67' title='bbox 1195 1478 1346 1555; x_wconf 85' lang='lat' dir='ltr'>domibus,</span> 
     </span>
     <span class='ocr_line' id='line_1_9' title="bbox 260 1559 1348 1654; baseline 0.007 -24"><span class='ocrx_word' id='word_1_68' title='bbox 260 1572 317 1649; x_wconf 89' lang='lat' dir='ltr'>ipsi</span> <span class='ocrx_word' id='word_1_69' title='bbox 341 1576 511 1652; x_wconf 78' lang='lat' dir='ltr'>eraserint3</span> <span class='ocrx_word' id='word_1_70' title='bbox 530 1576 555 1635; x_wconf 93' lang='lat' dir='ltr'>si</span> <span class='ocrx_word' id='word_1_71' title='bbox 571 1559 697 1636; x_wconf 76' lang='lat' dir='ltr'>annona</span> <span class='ocrx_word' id='word_1_72' title='bbox 708 1576 837 1637; x_wconf 86' lang='lat' dir='ltr'>charitas</span> <span class='ocrx_word' id='word_1_73' title='bbox 851 1592 964 1654; x_wconf 77' lang='lat' dir='ltr'>magna</span> <span class='ocrx_word' id='word_1_74' title='bbox 978 1578 1186 1653; x_wconf 82' lang='lat' dir='ltr'>intervenerit3</span> <span class='ocrx_word' id='word_1_75' title='bbox 1202 1578 1227 1637; x_wconf 91' lang='lat' dir='ltr'>si</span> <span class='ocrx_word' id='word_1_76' title='bbox 1242 1578 1273 1637; x_wconf 83' lang='lat' dir='ltr'>in</span> <span class='ocrx_word' id='word_1_77' title='bbox 1286 1568 1348 1638; x_wconf 79' lang='lat' dir='ltr'>rio-</span> 
     </span>
     <span class='ocr_line' id='line_1_10' title="bbox 258 1671 1348 1755; baseline 0.005 -21"><span class='ocrx_word' id='word_1_78' title='bbox 258 1671 335 1737; x_wconf 86' lang='lat' dir='ltr'>lenti</span> <span class='ocrx_word' id='word_1_79' title='bbox 357 1678 507 1738; x_wconf 82' lang='lat' dir='ltr'>exactoris</span> <span class='ocrx_word' id='word_1_80' title='bbox 528 1682 582 1738; x_wconf 87' lang='lat' dir='ltr'>aut</span> <span class='ocrx_word' id='word_1_81' title='bbox 600 1677 776 1739; x_wconf 85' lang='lat' dir='ltr'>feneratoris</span> <span class='ocrx_word' id='word_1_82' title='bbox 793 1696 904 1739; x_wconf 86' lang='lat' dir='ltr'>manus</span> <span class='ocrx_word' id='word_1_83' title='bbox 927 1676 1100 1753; x_wconf 88' lang='lat' dir='ltr'>inciderint;</span> <span class='ocrx_word' id='word_1_84' title='bbox 1125 1678 1149 1738; x_wconf 88' lang='lat' dir='ltr'>si</span> <span class='ocrx_word' id='word_1_85' title='bbox 1171 1677 1223 1739; x_wconf 84' lang='lat' dir='ltr'>lite</span> <span class='ocrx_word' id='word_1_86' title='bbox 1244 1678 1348 1755; x_wconf 86' lang='lat' dir='ltr'>aliqua</span> 
     </span>
     <span class='ocr_line' id='line_1_11' title="bbox 258 1775 1347 1857; baseline 0.002 -21"><span class='ocrx_word' id='word_1_87' title='bbox 258 1778 469 1856; x_wconf 78' lang='lat' dir='ltr'>verentur3si</span> <span class='ocrx_word' id='word_1_88' title='bbox 484 1793 572 1857; x_wconf 86' lang='lat' dir='ltr'>opera</span> <span class='ocrx_word' id='word_1_89' title='bbox 590 1778 777 1855; x_wconf 84' lang='lat' dir='ltr'>quotidiana,</span> <span class='ocrx_word' id='word_1_90' title='bbox 801 1794 863 1857; x_wconf 86' lang='lat' dir='ltr'>qua</span> <span class='ocrx_word' id='word_1_91' title='bbox 882 1795 943 1839; x_wconf 89' lang='lat' dir='ltr'>una</span> <span class='ocrx_word' id='word_1_92' title='bbox 966 1780 1058 1839; x_wconf 88' lang='lat' dir='ltr'>vitam</span> <span class='ocrx_word' id='word_1_93' title='bbox 1082 1782 1260 1853; x_wconf 73' lang='lat' dir='ltr'>sustentant,</span> <span class='ocrx_word' id='word_1_94' title='bbox 1284 1775 1347 1838; x_wconf 92' lang='lat' dir='ltr'>illis</span> 
     </span>
     <span class='ocr_line' id='line_1_12' title="bbox 257 1872 1344 1957; baseline -0.001 -18"><span class='ocrx_word' id='word_1_95' title='bbox 257 1872 348 1957; x_wconf 84' lang='lat' dir='ltr'>desit,</span> <span class='ocrx_word' id='word_1_96' title='bbox 364 1878 492 1940; x_wconf 79' lang='lat' dir='ltr'>evidens</span> <span class='ocrx_word' id='word_1_97' title='bbox 506 1885 551 1939; x_wconf 92' lang='lat' dir='ltr'>est</span> <span class='ocrx_word' id='word_1_98' title='bbox 564 1880 694 1957; x_wconf 88' lang='lat' dir='ltr'>impares</span> <span class='ocrx_word' id='word_1_99' title='bbox 712 1877 780 1939; x_wconf 93' lang='lat' dir='ltr'>illos</span> <span class='ocrx_word' id='word_1_100' title='bbox 793 1882 918 1941; x_wconf 92' lang='lat' dir='ltr'>omnino</span> <span class='ocrx_word' id='word_1_101' title='bbox 932 1880 994 1941; x_wconf 88' lang='lat' dir='ltr'>lore</span> <span class='ocrx_word' id='word_1_102' title='bbox 1009 1879 1185 1941; x_wconf 88' lang='lat' dir='ltr'>necessariis</span> <span class='ocrx_word' id='word_1_103' title='bbox 1199 1877 1236 1939; x_wconf 88' lang='lat' dir='ltr'>ad</span> <span class='ocrx_word' id='word_1_104' title='bbox 1251 1878 1344 1939; x_wconf 81' lang='lat' dir='ltr'>vitam</span> 
     </span>
     <span class='ocr_line' id='line_1_13' title="bbox 259 1981 1058 2061; baseline 0.003 -21"><span class='ocrx_word' id='word_1_105' title='bbox 259 1986 417 2058; x_wconf 90' lang='lat' dir='ltr'>uteunque</span> <span class='ocrx_word' id='word_1_106' title='bbox 433 1981 582 2057; x_wconf 81' lang='lat' dir='ltr'>agendam</span> <span class='ocrx_word' id='word_1_107' title='bbox 594 1981 650 2040; x_wconf 90' lang='lat' dir='ltr'>sibi</span> <span class='ocrx_word' id='word_1_108' title='bbox 665 1982 883 2061; x_wconf 80' lang='lat' dir='ltr'>comparandis.</span> <span class='ocrx_word' id='word_1_109' title='bbox 899 1986 989 2060; x_wconf 79' lang='lat' dir='ltr'>Ergo,</span> <span class='ocrx_word' id='word_1_110' title='bbox 1002 1989 1058 2044; x_wconf 88' lang='lat' dir='ltr'>etc.</span> 
     </span>
    </p>

    <p class='ocr_par' dir='ltr' id='par_1_4' title="bbox 251 2070 1417 4270">
     <span class='ocr_line' id='line_1_14' title="bbox 295 2070 1344 2163; baseline -0.001 -19"><span class='ocrx_word' id='word_1_111' title='bbox 295 2086 398 2145; x_wconf 73' lang='lat' dir='ltr'>Paos.</span> <span class='ocrx_word' id='word_1_112' title='bbox 422 2086 456 2143; x_wconf 81' lang='lat'>2·</span> <span class='ocrx_word' id='word_1_113' title='bbox 478 2096 564 2143; x_wconf 78' lang='lat' dir='ltr'>rsus.</span> <span class='ocrx_word' id='word_1_114' title='bbox 576 2114 617 2125; x_wconf 98' lang='lat'><em>-</em></span> <span class='ocrx_word' id='word_1_115' title='bbox 629 2080 733 2143; x_wconf 83' lang='lat' dir='ltr'>Civilis</span> <span class='ocrx_word' id='word_1_116' title='bbox 742 2086 864 2145; x_wconf 88' lang='lat' dir='ltr'>societas</span> <span class='ocrx_word' id='word_1_117' title='bbox 875 2084 964 2146; x_wconf 90' lang='lat' dir='ltr'>debet</span> <span class='ocrx_word' id='word_1_118' title='bbox 976 2085 1078 2144; x_wconf 88' lang='lat' dir='ltr'>omnia</span> <span class='ocrx_word' id='word_1_119' title='bbox 1090 2086 1160 2163; x_wconf 86' lang='lat' dir='ltr'>jura</span> <span class='ocrx_word' id='word_1_120' title='bbox 1174 2070 1344 2147; x_wconf 76' lang='lat' dir='ltr'>individue·</span> 
     </span>
     <span class='ocr_line' id='line_1_15' title="bbox 260 2181 1347 2263; baseline 0.002 -20"><span class='ocrx_word' id='word_1_121' title='bbox 260 2181 299 2243; x_wconf 86' lang='lat' dir='ltr'>lia</span> <span class='ocrx_word' id='word_1_122' title='bbox 316 2184 401 2243; x_wconf 74' lang='lat' dir='ltr'>trieri</span> <span class='ocrx_word' id='word_1_123' title='bbox 423 2186 461 2242; x_wconf 92' lang='lat' dir='ltr'>ut</span> <span class='ocrx_word' id='word_1_124' title='bbox 480 2186 636 2243; x_wconf 90' lang='lat' dir='ltr'>ostensum</span> <span class='ocrx_word' id='word_1_125' title='bbox 652 2189 698 2243; x_wconf 88' lang='lat' dir='ltr'>est</span> <span class='ocrx_word' id='word_1_126' title='bbox 718 2186 858 2263; x_wconf 89' lang='lat' dir='ltr'>superius</span> <span class='ocrx_word' id='word_1_127' title='bbox 880 2184 978 2263; x_wconf 77' lang='lat' dir='ltr'>(stt).</span> <span class='ocrx_word' id='word_1_128' title='bbox 999 2186 1088 2261; x_wconf 78' lang='lat' dir='ltr'>Atqui</span> <span class='ocrx_word' id='word_1_129' title='bbox 1105 2184 1218 2262; x_wconf 79' lang='lat' dir='ltr'>singuli</span> <span class='ocrx_word' id='word_1_130' title='bbox 1233 2198 1347 2263; x_wconf 88' lang='lat' dir='ltr'>paupe-</span> 
     </span>
     <span class='ocr_line' id='line_1_16' title="bbox 266 2282 1345 2369; baseline 0.002 -24"><span class='ocrx_word' id='word_1_131' title='bbox 266 2282 441 2345; x_wconf 83' lang='lat' dir='ltr'>rcsbabent</span> <span class='ocrx_word' id='word_1_132' title='bbox 459 2285 514 2361; x_wconf 90' lang='lat' dir='ltr'>jus</span> <span class='ocrx_word' id='word_1_133' title='bbox 536 2282 572 2343; x_wconf 93' lang='lat' dir='ltr'>ad</span> <span class='ocrx_word' id='word_1_134' title='bbox 593 2300 680 2345; x_wconf 91' lang='lat' dir='ltr'>suam</span> <span class='ocrx_word' id='word_1_135' title='bbox 694 2300 882 2363; x_wconf 89' lang='lat' dir='ltr'>suorumque</span> <span class='ocrx_word' id='word_1_136' title='bbox 904 2286 1000 2369; x_wconf 83' lang='lat' dir='ltr'>vitam</span> <span class='ocrx_word' id='word_1_137' title='bbox 1021 2284 1248 2346; x_wconf 83' lang='lat' dir='ltr'>sustentandam</span> <span class='ocrx_word' id='word_1_138' title='bbox 1264 2304 1272 2343; x_wconf 77' lang='lat' dir='ltr'>r</span> <span class='ocrx_word' id='word_1_139' title='bbox 1288 2284 1345 2347; x_wconf 86' lang='lat' dir='ltr'>hoc</span> 
     </span>
     <span class='ocr_line' id='line_1_17' title="bbox 268 2382 1341 2464; baseline 0.002 -20"><span class='ocrx_word' id='word_1_140' title='bbox 268 2386 362 2459; x_wconf 83' lang='lat' dir='ltr'>enirn,</span> <span class='ocrx_word' id='word_1_141' title='bbox 381 2382 465 2463; x_wconf 83' lang='lat' dir='ltr'>quod</span> <span class='ocrx_word' id='word_1_142' title='bbox 487 2388 596 2446; x_wconf 89' lang='lat' dir='ltr'>natura</span> <span class='ocrx_word' id='word_1_143' title='bbox 620 2386 728 2464; x_wconf 86' lang='lat' dir='ltr'>cuique</span> <span class='ocrx_word' id='word_1_144' title='bbox 754 2384 878 2462; x_wconf 81' lang='lat' dir='ltr'>tribuit,</span> <span class='ocrx_word' id='word_1_145' title='bbox 900 2386 987 2447; x_wconf 92' lang='lat' dir='ltr'>nullo</span> <span class='ocrx_word' id='word_1_146' title='bbox 1012 2385 1137 2447; x_wconf 89' lang='lat' dir='ltr'>crimine</span> <span class='ocrx_word' id='word_1_147' title='bbox 1165 2386 1341 2447; x_wconf 88' lang='lat' dir='ltr'>amiserunt.</span> 
     </span>
     <span class='ocr_line' id='line_1_18' title="bbox 266 2482 1141 2565; baseline 0 -17"><span class='ocrx_word' id='word_1_148' title='bbox 266 2488 348 2564; x_wconf 76' lang='lat' dir='ltr'>Ergo,</span> <span class='ocrx_word' id='word_1_149' title='bbox 366 2492 424 2549; x_wconf 80' lang='lat' dir='ltr'>etc.</span> <span class='ocrx_word' id='word_1_150' title='bbox 1070 2562 1071 2565; x_wconf 8' lang='grc' dir='ltr'><strong>Ἴ</strong></span> <span class='ocrx_word' id='word_1_151' title='bbox 1130 2482 1141 2535; x_wconf 70' lang='grc' dir='ltr'><strong><em>ἶ</em></strong></span> 
     </span>
     <span class='ocr_line' id='line_1_19' title="bbox 297 2576 1344 2669; baseline -0.004 -19"><span class='ocrx_word' id='word_1_152' title='bbox 297 2589 371 2651; x_wconf 84' lang='grc'><strong>853.</strong></span> <span class='ocrx_word' id='word_1_153' title='bbox 394 2586 532 2650; x_wconf 64' lang='lat' dir='ltr'>mensu.</span> <span class='ocrx_word' id='word_1_154' title='bbox 559 2619 599 2632; x_wconf 98' lang='lat'>-</span> <span class='ocrx_word' id='word_1_155' title='bbox 628 2576 722 2651; x_wconf 86' lang='lat' dir='ltr'>Debet</span> <span class='ocrx_word' id='word_1_156' title='bbox 751 2588 876 2650; x_wconf 82' lang='lat' dir='ltr'>societas</span> <span class='ocrx_word' id='word_1_157' title='bbox 906 2606 1075 2669; x_wconf 88' lang='lat' dir='ltr'>pauperum</span> <span class='ocrx_word' id='word_1_158' title='bbox 1096 2590 1162 2649; x_wconf 81' lang='lat' dir='ltr'>vitae</span> <span class='ocrx_word' id='word_1_159' title='bbox 1188 2586 1344 2649; x_wconf 84' lang='lat' dir='ltr'>consulere</span> 
     </span>
     <span class='ocr_line' id='line_1_20' title="bbox 258 2686 1345 2769; baseline -0.005 -19"><span class='ocrx_word' id='word_1_160' title='bbox 258 2705 367 2750; x_wconf 80' lang='lat' dir='ltr'>eorum</span> <span class='ocrx_word' id='word_1_161' title='bbox 387 2687 591 2751; x_wconf 79' lang='lat' dir='ltr'>individualis</span> <span class='ocrx_word' id='word_1_162' title='bbox 608 2690 680 2765; x_wconf 86' lang='lat' dir='ltr'>jura</span> <span class='ocrx_word' id='word_1_163' title='bbox 691 2688 812 2750; x_wconf 91' lang='lat' dir='ltr'>tuendo.</span> <span class='ocrx_word' id='word_1_164' title='bbox 828 2692 906 2768; x_wconf 79' lang='lat' dir='ltr'>Ergo</span> <span class='ocrx_word' id='word_1_165' title='bbox 921 2688 1008 2753; x_wconf 90' lang='lat' dir='ltr'>debet</span> <span class='ocrx_word' id='word_1_166' title='bbox 1024 2688 1254 2769; x_wconf 64' lang='lat' dir='ltr'>inproperium</span> <span class='ocrx_word' id='word_1_167' title='bbox 1270 2686 1345 2749; x_wconf 86' lang='lat' dir='ltr'>faoi-</span> 
     </span>
     <span class='ocr_line' id='line_1_21' title="bbox 257 2775 1343 2870; baseline -0.002 -21"><span class='ocrx_word' id='word_1_168' title='bbox 257 2784 367 2850; x_wconf 89' lang='lat' dir='ltr'>liorem</span> <span class='ocrx_word' id='word_1_169' title='bbox 391 2784 537 2850; x_wconf 82' lang='lat' dir='ltr'>exhibere</span> <span class='ocrx_word' id='word_1_170' title='bbox 554 2775 678 2849; x_wconf 85' lang='lat' dir='ltr'>modum</span> <span class='ocrx_word' id='word_1_171' title='bbox 700 2804 757 2850; x_wconf 90' lang='lat' dir='ltr'>sua</span> <span class='ocrx_word' id='word_1_172' title='bbox 773 2790 845 2867; x_wconf 86' lang='lat' dir='ltr'>jnra</span> <span class='ocrx_word' id='word_1_173' title='bbox 867 2788 1040 2868; x_wconf 79' lang='lat' dir='ltr'>vindicandi</span> <span class='ocrx_word' id='word_1_174' title='bbox 1060 2805 1113 2870; x_wconf 90' lang='lat' dir='ltr'>per</span> <span class='ocrx_word' id='word_1_175' title='bbox 1134 2789 1242 2850; x_wconf 81' lang='lat' dir='ltr'>civicas</span> <span class='ocrx_word' id='word_1_176' title='bbox 1262 2786 1343 2863; x_wconf 73' lang='lat' dir='ltr'>teres</span> 
     </span>
     <span class='ocr_line' id='line_1_22' title="bbox 255 2881 1344 2972; baseline -0.003 -24"><span class='ocrx_word' id='word_1_177' title='bbox 255 2894 283 2948; x_wconf 80' lang='lat' dir='ltr'>at</span> <span class='ocrx_word' id='word_1_178' title='bbox 305 2889 405 2950; x_wconf 81' lang='lat' dir='ltr'>civica</span> <span class='ocrx_word' id='word_1_179' title='bbox 424 2887 565 2968; x_wconf 75' lang='lat' dir='ltr'>praesidia</span> <span class='ocrx_word' id='word_1_180' title='bbox 583 2888 747 2969; x_wconf 76' lang='lat' dir='ltr'>peculiaria</span> <span class='ocrx_word' id='word_1_181' title='bbox 760 2895 789 2949; x_wconf 93' lang='lat' dir='ltr'>et</span> <span class='ocrx_word' id='word_1_182' title='bbox 808 2907 862 2969; x_wconf 88' lang='lat' dir='ltr'>per</span> <span class='ocrx_word' id='word_1_183' title='bbox 883 2883 1071 2972; x_wconf 83' lang='lat' dir='ltr'>judiciorum</span> <span class='ocrx_word' id='word_1_184' title='bbox 1088 2881 1199 2950; x_wconf 79' lang='lat' dir='ltr'>formas</span> <span class='ocrx_word' id='word_1_185' title='bbox 1220 2885 1344 2966; x_wconf 84' lang='lat' dir='ltr'>expedi-</span> 
     </span>
     <span class='ocr_line' id='line_1_23' title="bbox 254 2985 1341 3066; baseline -0.006 -18"><span class='ocrx_word' id='word_1_186' title='bbox 254 2989 346 3050; x_wconf 78' lang='lat' dir='ltr'>tiores</span> <span class='ocrx_word' id='word_1_187' title='bbox 360 2991 392 3049; x_wconf 88' lang='lat' dir='ltr'>et</span> <span class='ocrx_word' id='word_1_188' title='bbox 414 2987 614 3066; x_wconf 74' lang='lat' dir='ltr'>aequissimas.</span> <span class='ocrx_word' id='word_1_189' title='bbox 638 2991 672 3048; x_wconf 76' lang='lat'>2⁰</span> <span class='ocrx_word' id='word_1_190' title='bbox 686 2989 819 3051; x_wconf 76' lang='lat' dir='ltr'>divitum</span> <span class='ocrx_word' id='word_1_191' title='bbox 838 2989 1073 3063; x_wconf 88' lang='lat' dir='ltr'>misericordiam</span> <span class='ocrx_word' id='word_1_192' title='bbox 1088 2995 1117 3048; x_wconf 93' lang='lat' dir='ltr'>et</span> <span class='ocrx_word' id='word_1_193' title='bbox 1130 2985 1341 3046; x_wconf 84' lang='lat' dir='ltr'>liberalitatem</span> 
     </span>
     <span class='ocr_line' id='line_1_24' title="bbox 252 3081 1364 3168; baseline -0.005 -21"><span class='ocrx_word' id='word_1_194' title='bbox 252 3087 357 3151; x_wconf 78' lang='lat' dir='ltr'>lovere</span> <span class='ocrx_word' id='word_1_195' title='bbox 382 3081 485 3149; x_wconf 88' lang='lat' dir='ltr'>debet.</span> <span class='ocrx_word' id='word_1_196' title='bbox 512 3089 611 3168; x_wconf 87' lang='lat' dir='ltr'>Quam</span> <span class='ocrx_word' id='word_1_197' title='bbox 635 3089 667 3148; x_wconf 94' lang='lat' dir='ltr'>in</span> <span class='ocrx_word' id='word_1_198' title='bbox 685 3107 762 3165; x_wconf 85' lang='lat' dir='ltr'>rem,</span> <span class='ocrx_word' id='word_1_199' title='bbox 783 3106 904 3150; x_wconf 88' lang='lat' dir='ltr'>necesse</span> <span class='ocrx_word' id='word_1_200' title='bbox 925 3095 968 3150; x_wconf 85' lang='lat' dir='ltr'>est</span> <span class='ocrx_word' id='word_1_201' title='bbox 988 3089 1114 3148; x_wconf 89' lang='lat' dir='ltr'>liberam</span> <span class='ocrx_word' id='word_1_202' title='bbox 1135 3085 1221 3166; x_wconf 90' lang='lat' dir='ltr'>plane</span> <span class='ocrx_word' id='word_1_203' title='bbox 1236 3083 1364 3144; x_wconf 76' lang='lat' dir='ltr'>iisdem.</span> 
     </span>
     <span class='ocr_line' id='line_1_25' title="bbox 252 3183 1417 3268; baseline -0.007 -17"><span class='ocrx_word' id='word_1_204' title='bbox 252 3188 434 3251; x_wconf 84' lang='lat' dir='ltr'>iecultatem</span> <span class='ocrx_word' id='word_1_205' title='bbox 446 3189 609 3250; x_wconf 80' lang='lat' dir='ltr'>concedere</span> <span class='ocrx_word' id='word_1_206' title='bbox 621 3206 690 3249; x_wconf 88' lang='lat' dir='ltr'>suas</span> <span class='ocrx_word' id='word_1_207' title='bbox 704 3207 774 3268; x_wconf 91' lang='lat' dir='ltr'>opes</span> <span class='ocrx_word' id='word_1_208' title='bbox 787 3189 972 3268; x_wconf 88' lang='lat' dir='ltr'>pauperibus</span> <span class='ocrx_word' id='word_1_209' title='bbox 983 3185 1195 3250; x_wconf 85' lang='lat' dir='ltr'>distribuendi.</span> <span class='ocrx_word' id='word_1_210' title='bbox 1211 3183 1241 3244; x_wconf 90' lang='lat' dir='ltr'>Si</span> <span class='ocrx_word' id='word_1_211' title='bbox 1260 3183 1342 3244; x_wconf 91' lang='lat' dir='ltr'>enim</span> <span class='ocrx_word' id='word_1_212' title='bbox 1412 3225 1417 3236; x_wconf 83' lang='lat'>.</span> 
     </span>
     <span class='ocr_line' id='line_1_26' title="bbox 251 3285 1411 3369; baseline -0.002 -17"><span class='ocrx_word' id='word_1_213' title='bbox 251 3289 303 3352; x_wconf 81' lang='lat' dir='ltr'>rel</span> <span class='ocrx_word' id='word_1_214' title='bbox 320 3289 491 3352; x_wconf 90' lang='lat' dir='ltr'>immodica</span> <span class='ocrx_word' id='word_1_215' title='bbox 512 3287 574 3349; x_wconf 89' lang='lat' dir='ltr'>illis</span> <span class='ocrx_word' id='word_1_216' title='bbox 595 3289 707 3350; x_wconf 86' lang='lat' dir='ltr'>tributa</span> <span class='ocrx_word' id='word_1_217' title='bbox 728 3291 936 3369; x_wconf 88' lang='lat' dir='ltr'>imponantur,</span> <span class='ocrx_word' id='word_1_218' title='bbox 952 3289 1000 3351; x_wconf 86' lang='lat' dir='ltr'>vel</span> <span class='ocrx_word' id='word_1_219' title='bbox 1022 3303 1127 3350; x_wconf 90' lang='lat' dir='ltr'>eorum</span> <span class='ocrx_word' id='word_1_220' title='bbox 1141 3285 1345 3364; x_wconf 80' lang='lat' dir='ltr'>largitionesa</span> <span class='ocrx_word' id='word_1_221' title='bbox 1408 3345 1411 3350; x_wconf 92' lang='lat'>.</span> 
     </span>
     <span class='ocr_line' id='line_1_27' title="bbox 252 3383 1342 3473; baseline -0.005 -24"><span class='ocrx_word' id='word_1_222' title='bbox 252 3390 305 3469; x_wconf 89' lang='lat' dir='ltr'>pio</span> <span class='ocrx_word' id='word_1_223' title='bbox 322 3389 389 3450; x_wconf 88' lang='lat' dir='ltr'>line</span> <span class='ocrx_word' id='word_1_224' title='bbox 410 3389 448 3450; x_wconf 86' lang='lat' dir='ltr'>ad</span> <span class='ocrx_word' id='word_1_225' title='bbox 470 3403 563 3468; x_wconf 87' lang='lat' dir='ltr'>quem</span> <span class='ocrx_word' id='word_1_226' title='bbox 582 3389 700 3473; x_wconf 82' lang='lat' dir='ltr'>fuerant</span> <span class='ocrx_word' id='word_1_227' title='bbox 721 3389 885 3467; x_wconf 81' lang='lat' dir='ltr'>destinatae,</span> <span class='ocrx_word' id='word_1_228' title='bbox 906 3389 1129 3459; x_wconf 70' lang='lat' dir='ltr'>distrahantur,</span> <span class='ocrx_word' id='word_1_229' title='bbox 1145 3387 1243 3449; x_wconf 89' lang='lat' dir='ltr'>omnis</span> <span class='ocrx_word' id='word_1_230' title='bbox 1261 3383 1342 3444; x_wconf 74' lang='lat' dir='ltr'>‘ratio</span> 
     </span>
     <span class='ocr_line' id='line_1_28' title="bbox 252 3489 1340 3570; baseline -0.006 -18"><span class='ocrx_word' id='word_1_231' title='bbox 252 3489 475 3552; x_wconf 73' lang='lat' dir='ltr'>misericordia</span> <span class='ocrx_word' id='word_1_232' title='bbox 500 3505 571 3566; x_wconf 80' lang='lat' dir='ltr'>erga</span> <span class='ocrx_word' id='word_1_233' title='bbox 599 3507 745 3569; x_wconf 85' lang='lat' dir='ltr'>pauperes</span> <span class='ocrx_word' id='word_1_234' title='bbox 776 3493 946 3554; x_wconf 75' lang='lat' dir='ltr'>exercende</span> <span class='ocrx_word' id='word_1_235' title='bbox 970 3489 1113 3553; x_wconf 83' lang='lat' dir='ltr'>divitibus</span> <span class='ocrx_word' id='word_1_236' title='bbox 1144 3489 1340 3570; x_wconf 85' lang='lat' dir='ltr'>praeripietur.</span> 
     </span>
     <span class='ocr_line' id='line_1_29' title="bbox 252 3589 1342 3671; baseline -0.006 -19"><span class='ocrx_word' id='word_1_237' title='bbox 252 3591 287 3652; x_wconf 66' lang='grc' dir='ltr'>θ’</span> <span class='ocrx_word' id='word_1_238' title='bbox 302 3589 426 3653; x_wconf 82' lang='lat' dir='ltr'>Faciles</span> <span class='ocrx_word' id='word_1_239' title='bbox 436 3591 574 3651; x_wconf 88' lang='lat' dir='ltr'>instituat</span> <span class='ocrx_word' id='word_1_240' title='bbox 587 3589 693 3652; x_wconf 90' lang='lat' dir='ltr'>modos</span> <span class='ocrx_word' id='word_1_241' title='bbox 709 3597 823 3671; x_wconf 89' lang='lat' dir='ltr'>oportet</span> <span class='ocrx_word' id='word_1_242' title='bbox 835 3592 1032 3669; x_wconf 80' lang='lat' dir='ltr'>cognoscendi</span> <span class='ocrx_word' id='word_1_243' title='bbox 1047 3593 1099 3669; x_wconf 89' lang='lat' dir='ltr'>qui</span> <span class='ocrx_word' id='word_1_244' title='bbox 1115 3605 1184 3654; x_wconf 84' lang='lat' dir='ltr'>vere</span> <span class='ocrx_word' id='word_1_245' title='bbox 1196 3601 1342 3669; x_wconf 88' lang='lat' dir='ltr'>pauperes</span> 
     </span>
     <span class='ocr_line' id='line_1_30' title="bbox 252 3680 1342 3782; baseline -0.006 -29"><span class='ocrx_word' id='word_1_246' title='bbox 252 3699 332 3753; x_wconf 85' lang='lat' dir='ltr'>sunl</span> <span class='ocrx_word' id='word_1_247' title='bbox 347 3705 491 3769; x_wconf 73' lang='lat' dir='ltr'>eosquos</span> <span class='ocrx_word' id='word_1_248' title='bbox 507 3687 590 3751; x_wconf 77' lang='lat' dir='ltr'>taleis</span> <span class='ocrx_word' id='word_1_249' title='bbox 604 3680 786 3772; x_wconf 87' lang='lat' dir='ltr'>pauperibus</span> <span class='ocrx_word' id='word_1_250' title='bbox 806 3691 1005 3753; x_wconf 88' lang='lat' dir='ltr'>discernendi.</span> <span class='ocrx_word' id='word_1_251' title='bbox 1025 3693 1085 3752; x_wconf 80' lang='lat' dir='ltr'>lia‘c</span> <span class='ocrx_word' id='word_1_252' title='bbox 1100 3693 1141 3782; x_wconf 26' lang='lat' dir='ltr'>in„</span> <span class='ocrx_word' id='word_1_253' title='bbox 1151 3707 1184 3751; x_wconf 90' lang='lat' dir='ltr'>re</span> <span class='ocrx_word' id='word_1_254' title='bbox 1198 3685 1275 3767; x_wconf 86' lang='lat' dir='ltr'>apud</span> <span class='ocrx_word' id='word_1_255' title='bbox 1291 3701 1342 3774; x_wconf 62' lang='lat' dir='ltr'>ca7</span> 
     </span>
     <span class='ocr_line' id='line_1_31' title="bbox 253 3786 1343 3874; baseline -0.006 -23"><span class='ocrx_word' id='word_1_256' title='bbox 253 3791 390 3853; x_wconf 87' lang='lat' dir='ltr'>tholicos</span> <span class='ocrx_word' id='word_1_257' title='bbox 404 3790 567 3852; x_wconf 87' lang='lat' dir='ltr'>utilissima</span> <span class='ocrx_word' id='word_1_258' title='bbox 581 3796 625 3854; x_wconf 88' lang='lat' dir='ltr'>est</span> <span class='ocrx_word' id='word_1_259' title='bbox 637 3791 835 3874; x_wconf 87' lang='lat' dir='ltr'>parochorum</span> <span class='ocrx_word' id='word_1_260' title='bbox 850 3809 949 3872; x_wconf 90' lang='lat' dir='ltr'>opera.</span> <span class='ocrx_word' id='word_1_261' title='bbox 964 3791 1001 3852; x_wconf 88' lang='lat' dir='ltr'>lli</span> <span class='ocrx_word' id='word_1_262' title='bbox 1018 3807 1160 3869; x_wconf 86' lang='lat' dir='ltr'>namque,</span> <span class='ocrx_word' id='word_1_263' title='bbox 1175 3786 1343 3850; x_wconf 87' lang='lat' dir='ltr'>miserrima</span> 
     </span>
     <span class='ocr_line' id='line_1_32' title="bbox 254 3887 1342 3972; baseline -0.006 -22"><span class='ocrx_word' id='word_1_264' title='bbox 254 3907 392 3968; x_wconf 86' lang='lat' dir='ltr'>quaeque</span> <span class='ocrx_word' id='word_1_265' title='bbox 408 3891 531 3968; x_wconf 78' lang='lat' dir='ltr'>tuguria</span> <span class='ocrx_word' id='word_1_266' title='bbox 545 3891 678 3967; x_wconf 85' lang='lat' dir='ltr'>quotidie</span> <span class='ocrx_word' id='word_1_267' title='bbox 691 3890 865 3966; x_wconf 90' lang='lat' dir='ltr'>subeuntes,</span> <span class='ocrx_word' id='word_1_268' title='bbox 879 3907 981 3952; x_wconf 84' lang='lat' dir='ltr'>veram</span> <span class='ocrx_word' id='word_1_269' title='bbox 993 3908 1050 3972; x_wconf 89' lang='lat' dir='ltr'>per</span> <span class='ocrx_word' id='word_1_270' title='bbox 1063 3907 1095 3950; x_wconf 87' lang='lat' dir='ltr'>se</span> <span class='ocrx_word' id='word_1_271' title='bbox 1110 3889 1165 3968; x_wconf 90' lang='lat' dir='ltr'>ipsi</span> <span class='ocrx_word' id='word_1_272' title='bbox 1180 3887 1342 3966; x_wconf 89' lang='lat' dir='ltr'>pauperta-</span> 
     </span>
     <span class='ocr_line' id='line_1_33' title="bbox 255 3981 1343 4070; baseline -0.008 -18"><span class='ocrx_word' id='word_1_273' title='bbox 255 3997 321 4052; x_wconf 87' lang='lat' dir='ltr'>tem</span> <span class='ocrx_word' id='word_1_274' title='bbox 336 3989 519 4069; x_wconf 85' lang='lat' dir='ltr'>inspioiunt.</span> <span class='ocrx_word' id='word_1_275' title='bbox 541 3989 574 4049; x_wconf 74' lang='lat'>4⁰</span> <span class='ocrx_word' id='word_1_276' title='bbox 588 3990 720 4058; x_wconf 81' lang='lat' dir='ltr'>Publicis</span> <span class='ocrx_word' id='word_1_277' title='bbox 732 3990 871 4070; x_wconf 88' lang='lat' dir='ltr'>operibus</span> <span class='ocrx_word' id='word_1_278' title='bbox 885 3987 972 4051; x_wconf 86' lang='lat' dir='ltr'>debet</span> <span class='ocrx_word' id='word_1_279' title='bbox 984 3987 1166 4068; x_wconf 90' lang='lat' dir='ltr'>pauperibus</span> <span class='ocrx_word' id='word_1_280' title='bbox 1177 3985 1285 4046; x_wconf 84' lang='lat' dir='ltr'>validis</span> <span class='ocrx_word' id='word_1_281' title='bbox 1299 3981 1343 4044; x_wconf 92' lang='lat' dir='ltr'>la·</span> 
     </span>
     <span class='ocr_line' id='line_1_34' title="bbox 254 4084 1340 4174; baseline -0.007 -24"><span class='ocrx_word' id='word_1_282' title='bbox 254 4087 342 4150; x_wconf 87' lang='lat' dir='ltr'>boris</span> <span class='ocrx_word' id='word_1_283' title='bbox 357 4093 388 4150; x_wconf 91' lang='lat' dir='ltr'>et</span> <span class='ocrx_word' id='word_1_284' title='bbox 408 4087 486 4150; x_wconf 90' lang='lat' dir='ltr'>lucri</span> <span class='ocrx_word' id='word_1_285' title='bbox 508 4089 693 4151; x_wconf 85' lang='lat' dir='ltr'>occasionem</span> <span class='ocrx_word' id='word_1_286' title='bbox 716 4087 919 4170; x_wconf 88' lang='lat' dir='ltr'>suppeditare,</span> <span class='ocrx_word' id='word_1_287' title='bbox 936 4093 966 4148; x_wconf 87' lang='lat' dir='ltr'>et</span> <span class='ocrx_word' id='word_1_288' title='bbox 987 4086 1145 4150; x_wconf 88' lang='lat' dir='ltr'>debiliores</span> <span class='ocrx_word' id='word_1_289' title='bbox 1159 4099 1294 4174; x_wconf 86' lang='lat' dir='ltr'>quosque</span> <span class='ocrx_word' id='word_1_290' title='bbox 1309 4084 1340 4142; x_wconf 92' lang='lat' dir='ltr'>in</span> 
     </span>
     <span class='ocr_line' id='line_1_35' title="bbox 256 4189 684 4270; baseline 0 -19"><span class='ocrx_word' id='word_1_291' title='bbox 256 4189 381 4270; x_wconf 89' lang='lat' dir='ltr'>publica</span> <span class='ocrx_word' id='word_1_292' title='bbox 397 4190 531 4270; x_wconf 89' lang='lat' dir='ltr'>hospitia</span> <span class='ocrx_word' id='word_1_293' title='bbox 543 4191 684 4270; x_wconf 87' lang='lat' dir='ltr'>recipere.</span> 
     </span>
    </p>

    <p class='ocr_par' dir='ltr' id='par_1_5' title="bbox 257 4281 1343 4573">
     <span class='ocr_line' id='line_1_36' title="bbox 299 4281 1342 4368; baseline -0.008 -18"><span class='ocrx_word' id='word_1_294' title='bbox 299 4289 372 4350; x_wconf 74' lang='lat' dir='ltr'>eol.</span> <span class='ocrx_word' id='word_1_295' title='bbox 397 4291 469 4351; x_wconf 82' lang='lat' dir='ltr'>Pos.</span> <span class='ocrx_word' id='word_1_296' title='bbox 491 4287 576 4348; x_wconf 71' lang='lat'>414¹.</span> <span class='ocrx_word' id='word_1_297' title='bbox 594 4321 635 4334; x_wconf 96' lang='lat'>-</span> <span class='ocrx_word' id='word_1_298' title='bbox 648 4285 747 4350; x_wconf 83' lang='lat' dir='ltr'>Potest</span> <span class='ocrx_word' id='word_1_299' title='bbox 757 4290 827 4368; x_wconf 76' lang='lat' dir='ltr'>iure</span> <span class='ocrx_word' id='word_1_300' title='bbox 842 4305 876 4351; x_wconf 89' lang='lat' dir='ltr'>ac</span> <span class='ocrx_word' id='word_1_301' title='bbox 891 4287 1087 4350; x_wconf 80' lang='lat' dir='ltr'>debetcirllis</span> <span class='ocrx_word' id='word_1_302' title='bbox 1105 4285 1264 4348; x_wconf 83' lang='lat' dir='ltr'>auctoritas</span> <span class='ocrx_word' id='word_1_303' title='bbox 1283 4281 1342 4344; x_wconf 87' lang='lat' dir='ltr'>fal·</span> 
     </span>
     <span class='ocr_line' id='line_1_37' title="bbox 257 4388 1343 4470; baseline -0.006 -19"><span class='ocrx_word' id='word_1_304' title='bbox 257 4405 308 4451; x_wconf 89' lang='lat' dir='ltr'>sos</span> <span class='ocrx_word' id='word_1_305' title='bbox 321 4407 471 4470; x_wconf 84' lang='lat' dir='ltr'>pauperes</span> <span class='ocrx_word' id='word_1_306' title='bbox 484 4388 691 4450; x_wconf 86' lang='lat' dir='ltr'>mendicantes</span> <span class='ocrx_word' id='word_1_307' title='bbox 711 4395 811 4450; x_wconf 89' lang='lat' dir='ltr'>coacta</span> <span class='ocrx_word' id='word_1_308' title='bbox 825 4389 994 4450; x_wconf 89' lang='lat' dir='ltr'>detentione</span> <span class='ocrx_word' id='word_1_309' title='bbox 1010 4389 1172 4465; x_wconf 88' lang='lat' dir='ltr'>mulctare;</span> <span class='ocrx_word' id='word_1_310' title='bbox 1187 4390 1218 4446; x_wconf 91' lang='lat' dir='ltr'>at</span> <span class='ocrx_word' id='word_1_311' title='bbox 1231 4399 1343 4461; x_wconf 85' lang='lat' dir='ltr'>nequa·</span> 
     </span>
     <span class='ocr_line' id='line_1_38' title="bbox 257 4484 1278 4573; baseline -0.007 -22"><span class='ocrx_word' id='word_1_312' title='bbox 257 4487 351 4565; x_wconf 78' lang='lat' dir='ltr'>duam</span> <span class='ocrx_word' id='word_1_313' title='bbox 368 4489 440 4551; x_wconf 83' lang='lat' dir='ltr'>lieet</span> <span class='ocrx_word' id='word_1_314' title='bbox 453 4485 560 4551; x_wconf 90' lang='lat' dir='ltr'>eadem</span> <span class='ocrx_word' id='word_1_315' title='bbox 570 4489 660 4573; x_wconf 79' lang='lat' dir='ltr'>poena&#39;</span> <span class='ocrx_word' id='word_1_316' title='bbox 672 4505 757 4550; x_wconf 84' lang='lat' dir='ltr'>veros</span> <span class='ocrx_word' id='word_1_317' title='bbox 771 4505 917 4570; x_wconf 87' lang='lat' dir='ltr'>pauperes</span> <span class='ocrx_word' id='word_1_318' title='bbox 934 4484 1136 4550; x_wconf 80' lang='lat' dir='ltr'>mendicantes</span> <span class='ocrx_word' id='word_1_319' title='bbox 1151 4485 1278 4547; x_wconf 83' lang='lat' dir='ltr'>allicere.</span> 
     </span>
    </p>

    <p class='ocr_par' dir='ltr' id='par_1_6' title="bbox 297 4580 1344 4662">
     <span class='ocr_line' id='line_1_39' title="bbox 297 4580 1344 4662; baseline -0.012 -11"><span class='ocrx_word' id='word_1_320' title='bbox 297 4591 394 4651; x_wconf 82' lang='lat' dir='ltr'>Paos.</span> <span class='ocrx_word' id='word_1_321' title='bbox 420 4590 452 4647; x_wconf 80' lang='lat' dir='ltr'>l·</span> <span class='ocrx_word' id='word_1_322' title='bbox 475 4596 564 4650; x_wconf 75' lang='lat' dir='ltr'>enas.</span> <span class='ocrx_word' id='word_1_323' title='bbox 576 4620 616 4632; x_wconf 97' lang='lat'>-</span> <span class='ocrx_word' id='word_1_324' title='bbox 634 4586 801 4648; x_wconf 87' lang='lat' dir='ltr'>blendicare</span> <span class='ocrx_word' id='word_1_325' title='bbox 822 4591 866 4647; x_wconf 89' lang='lat' dir='ltr'>est</span> <span class='ocrx_word' id='word_1_326' title='bbox 887 4588 995 4649; x_wconf 85' lang='lat' dir='ltr'>sociale</span> <span class='ocrx_word' id='word_1_327' title='bbox 1014 4584 1172 4656; x_wconf 88' lang='lat' dir='ltr'>delictum,</span> <span class='ocrx_word' id='word_1_328' title='bbox 1188 4583 1304 4662; x_wconf 83' lang='lat' dir='ltr'>qrroties</span> <span class='ocrx_word' id='word_1_329' title='bbox 1319 4580 1344 4639; x_wconf 88' lang='lat' dir='ltr'>is</span> 
     </span>
    </p>
   </div>
   <div class='ocr_carea' id='block_1_3' title="bbox 256 4679 1345 4860">
    <p class='ocr_par' dir='ltr' id='par_1_7' title="bbox 256 4679 1345 4860">
     <span class='ocr_line' id='line_1_40' title="bbox 256 4679 1343 4766; baseline -0.014 -15"><span class='ocrx_word' id='word_1_330' title='bbox 256 4688 308 4766; x_wconf 80' lang='lat' dir='ltr'>qui</span> <span class='ocrx_word' id='word_1_331' title='bbox 327 4685 497 4761; x_wconf 90' lang='lat' dir='ltr'>mendicat,</span> <span class='ocrx_word' id='word_1_332' title='bbox 513 4682 610 4766; x_wconf 86' lang='lat' dir='ltr'>potest</span> <span class='ocrx_word' id='word_1_333' title='bbox 624 4685 672 4746; x_wconf 89' lang='lat' dir='ltr'>vel</span> <span class='ocrx_word' id='word_1_334' title='bbox 686 4701 742 4747; x_wconf 89' lang='lat' dir='ltr'>sue</span> <span class='ocrx_word' id='word_1_335' title='bbox 761 4680 860 4747; x_wconf 83' lang='lat' dir='ltr'>labore</span> <span class='ocrx_word' id='word_1_336' title='bbox 871 4687 918 4746; x_wconf 83' lang='lat' dir='ltr'>vel</span> <span class='ocrx_word' id='word_1_337' title='bbox 933 4685 1055 4754; x_wconf 85' lang='lat' dir='ltr'>aliunde</span> <span class='ocrx_word' id='word_1_338' title='bbox 1069 4685 1234 4747; x_wconf 88' lang='lat' dir='ltr'>necessaria</span> <span class='ocrx_word' id='word_1_339' title='bbox 1245 4681 1280 4741; x_wconf 83' lang='lat' dir='ltr'>ad</span> <span class='ocrx_word' id='word_1_340' title='bbox 1294 4679 1343 4738; x_wconf 90' lang='lat' dir='ltr'>vi-</span> 
     </span>
     <span class='ocr_line' id='line_1_41' title="bbox 256 4777 1345 4860; baseline -0.013 -16"><span class='ocrx_word' id='word_1_341' title='bbox 256 4788 316 4848; x_wconf 84' lang='lat' dir='ltr'>tam</span> <span class='ocrx_word' id='word_1_342' title='bbox 331 4781 394 4846; x_wconf 84' lang='lat' dir='ltr'>sibl</span> <span class='ocrx_word' id='word_1_343' title='bbox 405 4794 591 4860; x_wconf 86' lang='lat' dir='ltr'>comparare.</span> <span class='ocrx_word' id='word_1_344' title='bbox 603 4780 721 4842; x_wconf 78' lang='lat' dir='ltr'>Etenim</span> <span class='ocrx_word' id='word_1_345' title='bbox 736 4781 780 4854; x_wconf 78' lang='lat'>1⁰,</span> <span class='ocrx_word' id='word_1_346' title='bbox 792 4795 847 4857; x_wconf 89' lang='lat' dir='ltr'>per</span> <span class='ocrx_word' id='word_1_347' title='bbox 857 4779 940 4840; x_wconf 83' lang='lat' dir='ltr'>fictos</span> <span class='ocrx_word' id='word_1_348' title='bbox 950 4779 1099 4858; x_wconf 75' lang='lat' dir='ltr'>ejusmodi</span> <span class='ocrx_word' id='word_1_349' title='bbox 1111 4777 1258 4858; x_wconf 85' lang='lat' dir='ltr'>pauperes</span> <span class='ocrx_word' id='word_1_350' title='bbox 1268 4787 1345 4833; x_wconf 87' lang='lat' dir='ltr'>cres·</span> 
     </span>
    </p>
   </div>
   <div class='ocr_carea' id='block_1_4' title="bbox 0 0 1784 5675">
    <p class='ocr_par' dir='ltr' id='par_1_8' title="bbox 0 0 1784 5675">
     <span class='ocr_line' id='line_1_42' title="bbox 0 0 1784 5675; baseline 0 2"><span class='ocrx_word' id='word_1_351' title='bbox 0 0 1784 5675; x_wconf 95' lang='lat' dir='ltr'> </span> 
     </span>
    </p>
   </div>
  </div>
 </body>
</html>
