3559 5675
833 718 913 763 tuuis
934 718 1094 765 detuleritis

427 898 1505 931 W·*-—-·-—-·====-=

821 1086 967 1160 CAPUT
1003 1081 1123 1161 vltis

422 1268 474 1321 ne
494 1264 687 1325 notemte
710 1266 940 1317 emautur·
953 1264 1084 1325 «ιιοιιι
1102 1262 1355 1315 ormontem·
1374 1274 1502 1315 mr·-
1543 1272 1547 1279 ·

482 1418 487 1427 ¹
527 1355 734 1412 reserarat
754 1355 1113 1420 nonantulanum
1132 1357 1392 1417 smmum.

901 1531 1017 1545 ———

832 1669 1036 1731 iuncosus
1057 1670 1080 1729 Ι.

572 1924 574 1929 ,
619 1854 662 1917 lle
671 1852 824 1935 potestatis
830 1850 1008 1932 judiciaria
1021 1860 1129 1915 notura
1139 1859 1168 1916 et
1181 1853 1299 1935 objecto.

461 2024 547 2083 1107.
557 2000 745 2083 'dorrunon
756 2016 953 2077 —Potcstatis
965 2017 1140 2077 exsecutivre
1154 2015 1252 2077 officia
1261 2017 1389 2079 breviter
1400 2021 1500 2099 expli-

417 2122 552 2185 cavimus
563 2117 600 2179 ad
609 2132 750 2199 personas
760 2113 972 2190 gubernandas
988 2120 1016 2173 et
1030 2114 1125 2174 adres
1144 2112 1394 2177 administrandas
1407 2136 1498 2199 spec-

417 2221 519 2283 tantia.
535 2220 600 2280 Jarn
623 2213 759 2293 ejusdem
774 2212 870 2275 officia
891 2214 922 2273 in
943 2213 1103 2274 obstaculis
1116 2230 1149 2275 ac
1169 2213 1392 2277 difficultatibus
1406 2236 1498 2299 supe-

368 2334 370 2339 ·
417 2321 517 2383 randis
545 2318 775 2381 consideremus.
805 2316 876 2387 Quae
897 2314 1019 2391 quidem
1038 2314 1189 2375 obstacula
1207 2332 1304 2393 quum
1325 2318 1358 2377 in
1382 2318 1497 2399 duplici

415 2437 524 2499 genere
545 2435 609 2480 esse
630 2418 756 2497 possint,
771 2415 879 2475 morali
898 2416 1010 2475 scilicet
1024 2396 1077 2475 'rel
1098 2417 1259 2492 materiali,
1274 2416 1311 2479 de
1332 2418 1496 2483 obstaculis

415 2529 530 2582 tantum
545 2518 710 2579 moralibus
722 2518 777 2577 hoc
789 2518 882 2594 capite
895 2515 1088 2577 disseremus.
1440 2578 1445 2583 ,

456 2620 544 2681 llos.
562 2622 630 2679 Pos.
648 2616 731 2676 5452.
743 2647 783 2659 -
797 2616 949 2693 Suprema
967 2616 1150 2679 auctoritatis
1169 2620 1297 2698 publicae
1313 2624 1433 2701 propria
1448 2632 1495 2686 est

415 2716 747 2795 auctoritasjudiciaria.

455 2824 548 2882 Pron.
568 2851 607 2864 --
629 2817 662 2877 1ο
676 2818 718 2878 llr
739 2814 859 2876 notione
881 2816 1028 2878 societatis
1049 2819 1182 2894 generali
1204 2824 1330 2894 constat,
1350 2821 1491 2886 socialem

414 2921 631 2995 auctoritatem,
645 2919 732 2994 cujus
744 2921 789 2976 cst
801 2915 898 2974 multa
908 2916 1065 2977 individua
1082 2916 1295 2986 intellectualia
1305 2920 1343 2981 ad
1356 2937 1493 2985 eommu-

414 3039 484 3082 uem
505 3017 668 3098 quenulam
691 3017 895 3098 operationem
923 3019 1120 3092 conjungere,
1144 3018 1176 3076 in
1196 2999 1359 3091 obstacula.
1382 3038 1451 3098 quae
1474 3041 1492 3084 a

413 3122 561 3182 mentium
580 3119 718 3180 dissensu
738 3133 771 3176 ac
788 3117 895 3176 renlxu
916 3117 1063 3192 oriantur,
1081 3133 1166 3195 posse
1187 3135 1315 3200 persaepe
1327 3119 1489 3185 offendere.

413 3225 469 3302 lta,
492 3223 517 3282 si
543 3220 604 3280 duo
625 3216 749 3287 subditi,
776 3233 803 3274 o.
828 3234 873 3294 9.,
894 3221 1010 3274 certum
1030 3218 1081 3292 jus
1098 3217 1253 3302 quoddam
1275 3220 1332 3280 sibi
1349 3223 1493 3302 utrinque

408 3321 595 3382 'vindicantes
611 3320 687 3378 inter
700 3333 731 3375 se
749 3315 911 3388 decertent,
930 3324 982 3375 aut
1003 3316 1028 3374 si
1049 3317 1137 3377 ambo
1155 3318 1185 3376 in
1205 3320 1372 3380 societatem
1394 3323 1489 3402 ipsam

411 3420 470 3480 tale
475 3423 528 3497 jus
539 3418 594 3478 sitii
605 3413 942 3492 competereallirmeut,
955 3431 1015 3475 non
1026 3417 1112 3476 aliter
1121 3417 1164 3477 illi
1173 3419 1221 3480 rel
1233 3420 1351 3482 interse
1362 3421 1489 3484 uelcurn

411 3520 549 3580 societate
574 3523 714 3594 poterunt
740 3515 942 3592 reconciliari,
968 3533 1061 3594 quam
1087 3516 1146 3577 tale
1163 3520 1217 3593 jus
1243 3517 1489 3600 determinando,

411 3633 520 3696 nempe
533 3618 686 3676 veritatem
706 3613 790 3674 illam
811 3631 870 3692 qua
890 3616 947 3674 tale
966 3620 1019 3694 jus
1038 3616 1182 3677 fundatur
1205 3620 1296 3698 (358),
1311 3627 1396 3682 entra
1413 3639 1490 3684 oon·

412 3719 584 3780 troversiam
599 3715 746 3794 ponendo.
763 3716 829 3776 Hac
843 3723 943 3776 autem
962 3715 1040 3792 Juris
1055 3725 1085 3776 et
1099 3717 1159 3777 veri
1177 3717 1384 3782 determinatio
1399 3721 1489 3786 debet

410 3821 452 3878 ita
462 3817 538 3893 lieri,
551 3823 585 3876 ut
595 3807 710 3876 nemini
725 3819 827 3894 postea
838 3813 925 3874 liccat
936 3815 1008 3874 huic
1021 3815 1189 3875 definitioni
1212 3816 1356 3894 refragari
1376 3840 1383 3878 :
1399 3821 1489 3882 debet

409 3933 541 3994 namque
555 3916 606 3976 illa
620 3917 663 3974 sic
677 3915 752 3991 sieri,
769 3920 804 3973 ut
815 3915 966 3973 sociorum
982 3914 1107 3974 dissidia
1121 3903 1422 3997 prorsus'ertiuguat,
1437 3938 1487 3982 eo

408 4036 537 4098 rumque
561 4023 677 4078 mentes
700 4015 807 4075 ultimo
830 4019 999 4090 componat.
1022 4017 1118 4090 turne
1133 4015 1197 4075 hec
1209 4019 1357 4079 urentium
1378 4019 1487 4082 ultima

408 4119 573 4182 conciliatio
594 4117 699 4202 nequit
716 4111 854 4193 obtineri,
876 4113 1023 4192 quamdiu
1048 4115 1301 4194 scutorumque
1322 4123 1394 4197 jura
1415 4120 1488 4182 hinc

408 4221 478 4286 inde
492 4215 682 4288 determinet,
694 4221 791 4292 partes
800 4213 982 4277 decertantes
1000 4210 1137 4272 reluctari
1153 4212 1232 4276 licite
1245 4223 1381 4293 possunt.
1393 4221 1486 4299 Atqui

407 4322 502 4385 solius
514 4329 661 4393 suprema
676 4311 796 4372 socialis
814 4309 998 4370 auctoritatis
1012 4316 1058 4370 cst
1070 4328 1175 4370 verum
1190 4321 1220 4373 et
1230 4317 1284 4391 jus
1297 4318 1337 4376 ita
1347 4317 1488 4380 determi-

406 4439 490 4493 nare,
503 4426 536 4476 ut
550 4411 665 4476 nemini
675 4411 741 4485 jam
757 4409 842 4468 liceat
854 4409 903 4468 tuli
922 4407 1164 4468 determinationi
1179 4409 1334 4474 obsistere.
1350 4417 1391 4474 lla
1402 4433 1489 4476 narn.

406 4537 465 4600 que
479 4515 541 4576 sole
549 4516 602 4589 Jus
613 4508 705 4569 habet
714 4506 808 4566 socios
819 4505 925 4566 ultimo
939 4505 1104 4581 obligandi.
1120 4508 1197 4582 Ergo
1212 4515 1341 4586 potestas
1353 4511 1487 4590 illaque

405 4631 512 4682 rerum
526 4618 555 4672 et
565 4614 618 4687 jus
639 4608 715 4667 inter
733 4605 883 4682 litigantes
902 4604 1077 4681 ‹obligatorie
1092 4611 1121 4664 et
1134 4605 1271 4666 absolute
1293 4607 1487 4690 determinat,

403 4730 551 4802 suprema
570 4709 687 4774 socialis
706 4705 889 4768 auctoritatis
911 4705 1029 4784 propria
1050 4710 1103 4766 est.
1120 4705 1246 4766 locatur
1264 4713 1365 4768 autem
1380 4727 1416 4772 ea
1429 4729 1487 4794 po.
