3559 5675
552 773 659 817 seruus.
693 792 713 801 -
745 773 826 816 mean
851 772 971 818 oncruus
1241 764 1299 825 31¹1

261 884 296 936 tas
307 881 478 937 externamm
491 876 625 953 ejusdem
638 877 757 951 generis
771 877 915 936 mercium
932 856 1186 955 imputationem,
1214 882 1302 943 recti·

259 974 356 1049 gaiibus
369 976 522 1054 impositis,
532 974 742 1048 difficiliorem,
755 974 888 1053 adeoque
904 977 1052 1037 internam
1065 996 1169 1039 earum
1178 980 1302 1058 produc·

259 1074 350 1133 tionem
370 1074 555 1134 lnemsiorem
584 1070 711 1133 efficere.
735 1073 829 1148 igitur
851 1074 887 1133 in
910 1074 1028 1135 tributis
1048 1075 1238 1154 imponendis
1263 1079 1302 1140 ita

258 1174 341 1233 omnia
352 1175 490 1236 societatis
511 1174 666 1235 commoda
687 1192 747 1253 prae
759 1174 855 1235 oeulis
868 1174 1005 1236 habenda
1021 1182 1110 1255 sunt,
1124 1184 1234 1243 utnon
1256 1197 1302 1241 so·

257 1271 309 1332 lum
324 1273 488 1349 honestatis,
501 1273 553 1335 sed
568 1274 696 1335 aliorum
711 1290 832 1352 quoque
848 1275 996 1367 bonorum
1011 1278 1160 1354 omnium,
1175 1284 1241 1356 quae
1256 1296 1303 1341 so·

257 1370 334 1431 eietati
347 1372 541 1453 comparanda
555 1372 601 1434 vei
616 1372 756 1448 augenda
765 1378 848 1444 sunt,
865 1374 940 1434 ratio
951 1373 1080 1451 diligens
1093 1374 1250 1439 habeatur.

632 1578 846 1644 'ARthbLus
868 1583 917 1642 IV.

488 1751 534 1815 De
550 1752 724 1815 tributorum
742 1754 893 1834 posteribus
911 1760 1042 1817 summis.

285 1960 359 2018 1102.
371 1958 437 2018 Pes.
451 1955 578 2017 541·.-
589 1953 782 2014 Tributorum
792 1952 1006 2031 exigendoru'ro
1022 1954 1132 2034 duplex
1147 1956 1222 2016 ratio
1230 1961 1278 2029 est
1292 1970 1300 2016 ε

254 2056 353 2134 directa,
370 2074 435 2134 ques
457 2057 493 2115 in
514 2054 636 2116 divitias
648 2054 686 2114 ab
703 2070 886 2132 unoquoque
907 2071 1073 2133 possessos,
1098 2061 1127 2116 et
1146 2056 1302 2131 indirecta,

254 2171 306 2231 qrre
317 2157 346 2215 in
357 2172 468 2216 meroes
480 2154 521 2213 ab
532 2168 714 2230 unoquoque
728 2158 929 2231 comsumptas
944 2152 1032 2215 cedit.

284 2255 540 2318 uren-Tribus
549 2272 566 2312 a
575 2252 705 2328 singulis
718 2253 818 2329 sociis,
831 2252 907 2313 vela
920 2254 1047 2330 singulis
1061 2254 1211 2313 sociorum
1225 2256 1305 2316 rosti-

253 2353 296 2414 bus
305 2357 413 2416 unicam
424 2354 577 2433 politicam
590 2367 750 2431 personam
763 2350 990 2413 edormautibus
1003 2357 1145 2430 petuntur
1149 2366 1159 2428 ;
1174 2358 1245 2413 sunt
1255 2354 1305 2413 ni·

253 2455 343 2514 minim
353 2456 404 2515 illa
416 2451 629 2533 parsquaedam
639 2451 827 2511 fortunarum
838 2466 915 2528 quas
925 2452 1053 2528 quisque
1063 2452 1304 2531 possidetadjrem

252 2553 381 2630 publicam
397 2550 631 2614 sustentandam
650 2551 827 2611 contributa.
849 2552 917 2611 iam
934 2566 1004 2612 vero
1017 2568 1085 2629 pars
1104 2550 1159 2611 ista
1171 2550 1306 2612 fortuna·

252 2668 305 2712 rom
321 2652 550 2715 individualium
572 2650 620 2711 vel
639 2650 807 2711 desumitur
821 2666 839 2710 a
851 2651 1040 2715 fortunarum
1060 2668 1191 2731 summa,
1214 2668 1305 2731 quam

253 2751 358 2830 qusque
370 2753 524 2833 possidere
536 2751 736 2826 cognoscitur,
753 2750 888 2811 absolute
903 2752 979 2811 etin
993 2768 1024 2811 se
1040 2756 1178 2829 spectate,
1194 2754 1244 2813 vel
1257 2754 1306 2813 de·

252 2854 359 2912 mmitur
370 2853 471 2913 sotum
490 2866 639 2910 asumma
651 2850 841 2910 fortunarum
855 2865 948 2926 quam
960 2851 1090 2927 quisque
1104 2851 1135 2910 in
1148 2867 1218 2912 suos
1232 2869 1306 2913 usus

252 2949 383 3030 impendit.
407 2954 495 3013 Prior
510 2950 562 3010 ille
577 2950 685 3011 modus
703 2955 826 3012 vocatur
841 2947 985 3024 diret-tus,
999 2952 1072 3026 quia
1086 2951 1144 3011 tate
1159 2953 1306 3012 tributum

253 3047 360 3113 fortunis
373 3056 525 3130 cujusque
538 3050 609 3110 socii
622 3050 731 3110 directe
742 3050 923 3128 imponitur3
933 3050 1077 3128 posterior
1090 3047 1248 3110 r’udiremus
1258 3069 1308 3130 ap-

250 3149 367 3226 pellatur,
379 3153 453 3231 quia
464 3151 523 3211 tale
536 3148 683 3210 tributum
693 3148 803 3212 directe
818 3148 982 3226 imponitur
996 3146 1144 3209 mercibus
1159 3151 1243 3227 ipsis,
1254 3167 1307 3210 seu

251 3252 482 3325 petitumercium
492 3236 994 3330 productoribusouoniamamem
1004 3247 1306 3328 productioresqumu

250 3362 307 3408 suas
325 3369 435 3414 merces
454 3350 601 3425 venduut,
615 3349 807 3426 vectigalium
822 3351 963 3427 quaejam
976 3350 1033 3428 ipsi
1048 3349 1201 3428 solverint,
1219 3353 1308 3413 ratio·

251 3461 307 3509 nem
319 3452 348 3510 in
361 3453 456 3531 pretio
478 3450 650 3522 statuendo,
664 3449 774 3510 bebere
796 3449 915 3526 debent,
939 3447 1046 3511 ideirco
1060 3449 1122 3511 hmo
1137 3452 1246 3513 tribute
1260 3451 1304 3513 di·

248 3555 311 3609 rece
327 3552 478 3612 mercibus
491 3549 639 3627 imposita,
655 3549 687 3607 in
701 3553 833 3609 ementes
846 3547 988 3608 indirecte
1002 3549 1150 3625 recidunt,
1165 3555 1193 3612 et
1207 3551 1304 3628 aequi·

249 3647 331 3707 ment
359 3651 472 3712 tributo
499 3646 608 3710 directe
642 3648 781 3727 imposito
809 3665 862 3728 pro
887 3649 1002 3708 ratione
1027 3655 1202 3728 sumptuum
1227 3665 1303 3728 qnos

248 3751 359 3828 quisque
374 3755 407 3812 in
428 3752 575 3812 mercium
599 3753 751 3812 variarum
775 3767 833 3811 usu
856 3751 953 3810 taeiet.

281 3853 360 3914 1103.
375 3855 444 3914 t‘os.
463 3848 587 3911 itit&-
597 3849 959 3928 Tributedireotatriplioi
970 3851 1059 3909 ruodo
1069 3851 1145 3926 erigi
1159 3857 1301 3928 possunt:
1390 3917 1394 3928 ,

248 3949 405 4012 miratione
420 3951 514 4012 annui
526 3949 660 4011 redditus
673 3966 764 4027 quiem
778 3950 906 4026 quisque
920 3964 955 4006 er
967 3948 1030 4006 suis
1041 3947 1142 4008 tundis
1150 3951 1303 4028 pereipiat,

248 4048 284 4106 iet
298 4053 408 4112 ratione
417 4051 510 4112 annui
519 4057 656 4129 sumptus
668 4067 759 4128 quem
770 4051 899 4127 quisque
911 4049 1007 4118 faeiat,
1023 4048 1071 4107 vet
1083 4047 1196 4109 ratione
1210 4050 1303 4108 annui

248 4144 321 4224 litori,
331 4151 409 4228 quod
424 4150 534 4227 cuique
544 4150 626 4210 iliius
642 4151 789 4211 industrie
798 4151 905 4230 pariat.

281 4251 364 4312 Erec.
380 4283 420 4296 -
434 4250 554 4311 Tributa
568 4249 677 4312 directa
699 4251 886 4311 fortunarum
907 4263 1055 4308 summam
1071 4263 1161 4326 quam
1176 4247 1305 4326 quisque

247 4350 374 4426 possidet,
385 4350 520 4412 absolute
540 4356 568 4410 et
581 4351 611 4410 in
631 4367 662 4411 se
675 4357 848 4429 spectatam,
862 4349 1009 4410 afficiunt.
1024 4351 1100 4424 Ergo
1117 4353 1193 4425 opus
1210 4352 1255 4407 est
1272 4355 1305 4409 ut

248 4450 352 4511 sociatis
363 4453 534 4525 auotoritas,
549 4465 616 4528 qum
627 4453 835 4512 tributoruma
851 4449 978 4527 siugulis
991 4451 1078 4510 sociis
1092 4447 1303 4511 solvendorum

250 4552 432 4621 suauitatem
454 4549 640 4628 determinat,
663 4551 938 4629 prudentiorem
960 4550 1154 4610 estimatione
1177 4549 1303 4630 judicet,

248 4656 382 4721 quantum
395 4649 450 4709 ior·
670 4668 724 4712 'ere
738 4651 893 4732 possideat.
915 4650 981 4710 tam
1003 4649 1134 4728 prudens
1149 4649 1212 4710 hmo
1225 4653 1306 4712 assti-

249 4748 328 4808 matio
340 4749 403 4817 trir'
710 4751 808 4813 *edere
821 4756 925 4831 potest.
942 4749 973 4810 1⁰
993 4749 1051 4822 Qui
1065 4747 1118 4809 tali
1138 4748 1199 4810 loeo
1213 4749 1306 4814 talem
