<?xml version="1.0" encoding="UTF-8"?>
<!DOCTYPE html PUBLIC "-//W3C//DTD XHTML 1.0 Transitional//EN"
    "http://www.w3.org/TR/xhtml1/DTD/xhtml1-transitional.dtd">
<html xmlns="http://www.w3.org/1999/xhtml" xml:lang="en" lang="en">
 <head>
  <title>
</title>
<meta http-equiv="Content-Type" content="text/html;charset=utf-8" />
  <meta name='ocr-system' content='tesseract 3.04.00' />
  <meta name='ocr-capabilities' content='ocr_page ocr_carea ocr_par ocr_line ocrx_word'/>
</head>
<body>
  <div class='ocr_page' id='page_1' title='image "./jurisnaturalisu00bensgoog_0546.png"; bbox 0 0 3559 5675; ppageno 0'>
   <div class='ocr_carea' id='block_1_1' title="bbox 453 668 1120 733">
    <p class='ocr_par' dir='ltr' id='par_1_1' title="bbox 453 668 1120 733">
     <span class='ocr_line' id='line_1_1' title="bbox 453 668 1120 733; baseline -0.003 0"><span class='ocrx_word' id='word_1_1' title='bbox 453 668 513 733; x_wconf 74' lang='grc'>538</span> <span class='ocrx_word' id='word_1_2' title='bbox 859 684 940 733; x_wconf 75' lang='lat' dir='ltr'>aoru-¹</span> <span class='ocrx_word' id='word_1_3' title='bbox 961 684 1120 732; x_wconf 75' lang='lat' dir='ltr'>nemarcos</span> 
     </span>
    </p>
   </div>
   <div class='ocr_carea' id='block_1_2' title="bbox 452 792 1569 4594">
    <p class='ocr_par' dir='ltr' id='par_1_2' title="bbox 452 792 1497 1175">
     <span class='ocr_line' id='line_1_2' title="bbox 453 792 1494 874; baseline 0.003 -20"><span class='ocrx_word' id='word_1_4' title='bbox 453 794 651 869; x_wconf 73' lang='lat' dir='ltr'>erudientes,</span> <span class='ocrx_word' id='word_1_5' title='bbox 671 800 702 858; x_wconf 86' lang='lat' dir='ltr'>et</span> <span class='ocrx_word' id='word_1_6' title='bbox 724 795 820 857; x_wconf 89' lang='lat' dir='ltr'>nolite</span> <span class='ocrx_word' id='word_1_7' title='bbox 833 795 1023 874; x_wconf 78' lang='lat' dir='ltr'>intelligere;</span> <span class='ocrx_word' id='word_1_8' title='bbox 1044 800 1074 855; x_wconf 90' lang='lat' dir='ltr'>et</span> <span class='ocrx_word' id='word_1_9' title='bbox 1097 792 1194 855; x_wconf 85' lang='lat' dir='ltr'>ridete</span> <span class='ocrx_word' id='word_1_10' title='bbox 1215 792 1368 869; x_wconf 75' lang='lat' dir='ltr'>visionem,</span> <span class='ocrx_word' id='word_1_11' title='bbox 1383 798 1410 855; x_wconf 88' lang='lat' dir='ltr'>et</span> <span class='ocrx_word' id='word_1_12' title='bbox 1422 794 1494 857; x_wconf 84' lang='lat' dir='ltr'>nolite</span> 
     </span>
     <span class='ocr_line' id='line_1_3' title="bbox 452 895 1496 975; baseline 0.002 -22"><span class='ocrx_word' id='word_1_13' title='bbox 452 916 468 953; x_wconf 75' lang='lat' dir='ltr'>a</span> <span class='ocrx_word' id='word_1_14' title='bbox 486 912 673 972; x_wconf 56' lang='lat' dir='ltr'>cognoscere.</span> <span class='ocrx_word' id='word_1_15' title='bbox 689 898 808 958; x_wconf 81' lang='lat' dir='ltr'>Excaera</span> <span class='ocrx_word' id='word_1_16' title='bbox 821 902 871 957; x_wconf 76' lang='lat' dir='ltr'>c‘or</span> <span class='ocrx_word' id='word_1_17' title='bbox 885 896 987 975; x_wconf 93' lang='lat' dir='ltr'>populi</span> <span class='ocrx_word' id='word_1_18' title='bbox 1002 895 1108 972; x_wconf 86' lang='lat' dir='ltr'>bujus,</span> <span class='ocrx_word' id='word_1_19' title='bbox 1123 900 1152 954; x_wconf 90' lang='lat' dir='ltr'>et</span> <span class='ocrx_word' id='word_1_20' title='bbox 1166 910 1252 955; x_wconf 87' lang='lat' dir='ltr'>aures</span> <span class='ocrx_word' id='word_1_21' title='bbox 1266 896 1333 973; x_wconf 83' lang='lat' dir='ltr'>ejus</span> <span class='ocrx_word' id='word_1_22' title='bbox 1344 910 1464 971; x_wconf 75' lang='lat' dir='ltr'>aggrara,</span> <span class='ocrx_word' id='word_1_23' title='bbox 1475 904 1496 955; x_wconf 89' lang='lat' dir='ltr'>et</span> 
     </span>
     <span class='ocr_line' id='line_1_4' title="bbox 453 993 1497 1075; baseline 0.001 -21"><span class='ocrx_word' id='word_1_24' title='bbox 453 1018 470 1054; x_wconf 79' lang='lat' dir='ltr'>o</span> <span class='ocrx_word' id='word_1_25' title='bbox 486 996 589 1058; x_wconf 88' lang='lat' dir='ltr'>oculos</span> <span class='ocrx_word' id='word_1_26' title='bbox 602 998 669 1074; x_wconf 83' lang='lat' dir='ltr'>ejus</span> <span class='ocrx_word' id='word_1_27' title='bbox 684 997 812 1075; x_wconf 86' lang='lat' dir='ltr'>alaude;</span> <span class='ocrx_word' id='word_1_28' title='bbox 828 1014 866 1058; x_wconf 88' lang='lat' dir='ltr'>ne</span> <span class='ocrx_word' id='word_1_29' title='bbox 877 998 953 1057; x_wconf 85' lang='lat' dir='ltr'>torto</span> <span class='ocrx_word' id='word_1_30' title='bbox 969 996 1067 1056; x_wconf 87' lang='lat' dir='ltr'>videat</span> <span class='ocrx_word' id='word_1_31' title='bbox 1084 993 1179 1055; x_wconf 85' lang='lat' dir='ltr'>oculis</span> <span class='ocrx_word' id='word_1_32' title='bbox 1193 996 1267 1069; x_wconf 88' lang='lat' dir='ltr'>suis,</span> <span class='ocrx_word' id='word_1_33' title='bbox 1282 1000 1312 1055; x_wconf 92' lang='lat' dir='ltr'>et</span> <span class='ocrx_word' id='word_1_34' title='bbox 1328 996 1439 1055; x_wconf 89' lang='lat' dir='ltr'>auribus</span> <span class='ocrx_word' id='word_1_35' title='bbox 1449 998 1497 1055; x_wconf 86' lang='lat' dir='ltr'>suis</span> 
     </span>
     <span class='ocr_line' id='line_1_5' title="bbox 455 1092 1497 1175; baseline -0.004 -20"><span class='ocrx_word' id='word_1_36' title='bbox 455 1119 472 1155; x_wconf 79' lang='lat' dir='ltr'>o</span> <span class='ocrx_word' id='word_1_37' title='bbox 485 1098 597 1174; x_wconf 84' lang='lat' dir='ltr'>audiat,</span> <span class='ocrx_word' id='word_1_38' title='bbox 611 1099 737 1160; x_wconf 89' lang='lat' dir='ltr'>eteorde</span> <span class='ocrx_word' id='word_1_39' title='bbox 746 1099 969 1175; x_wconf 70' lang='lat' dir='ltr'>suoiutelligat</span> <span class='ocrx_word' id='word_1_40' title='bbox 982 1102 1011 1159; x_wconf 91' lang='lat' dir='ltr'>et</span> <span class='ocrx_word' id='word_1_41' title='bbox 1020 1101 1355 1159; x_wconf 83' lang='lat' dir='ltr'>convertaturatsanem</span> <span class='ocrx_word' id='word_1_42' title='bbox 1365 1112 1426 1157; x_wconf 87' lang='lat' dir='ltr'>eum</span> <span class='ocrx_word' id='word_1_43' title='bbox 1437 1092 1497 1174; x_wconf 75' lang='lat' dir='ltr'>lul».</span> 
     </span>
    </p>

    <p class='ocr_par' dir='ltr' id='par_1_3' title="bbox 455 1193 1569 3380">
     <span class='ocr_line' id='line_1_6' title="bbox 496 1193 1500 1278; baseline -0.006 -19"><span class='ocrx_word' id='word_1_44' title='bbox 496 1202 586 1259; x_wconf 73' lang='lat' dir='ltr'>l‘orro</span> <span class='ocrx_word' id='word_1_45' title='bbox 596 1205 699 1260; x_wconf 90' lang='lat' dir='ltr'>autem</span> <span class='ocrx_word' id='word_1_46' title='bbox 710 1199 773 1260; x_wconf 72' lang='lat' dir='ltr'>bare</span> <span class='ocrx_word' id='word_1_47' title='bbox 784 1200 850 1278; x_wconf 89' lang='lat' dir='ltr'>ipsa</span> <span class='ocrx_word' id='word_1_48' title='bbox 864 1199 977 1259; x_wconf 89' lang='lat' dir='ltr'>mentis</span> <span class='ocrx_word' id='word_1_49' title='bbox 987 1198 1143 1275; x_wconf 78' lang='lat' dir='ltr'>animique</span> <span class='ocrx_word' id='word_1_50' title='bbox 1160 1197 1276 1257; x_wconf 76' lang='lat' dir='ltr'>caecitas</span> <span class='ocrx_word' id='word_1_51' title='bbox 1291 1194 1429 1255; x_wconf 80' lang='lat' dir='ltr'>borreum</span> <span class='ocrx_word' id='word_1_52' title='bbox 1439 1193 1500 1253; x_wconf 88' lang='lat' dir='ltr'>uude</span> 
     </span>
     <span class='ocr_line' id='line_1_7' title="bbox 455 1294 1501 1373; baseline -0.009 -13"><span class='ocrx_word' id='word_1_53' title='bbox 455 1299 577 1361; x_wconf 72' lang='lat' dir='ltr'>medem</span> <span class='ocrx_word' id='word_1_54' title='bbox 588 1302 712 1371; x_wconf 86' lang='lat' dir='ltr'>oriatur,</span> <span class='ocrx_word' id='word_1_55' title='bbox 732 1300 811 1360; x_wconf 88' lang='lat' dir='ltr'>idem</span> <span class='ocrx_word' id='word_1_56' title='bbox 828 1299 966 1359; x_wconf 81' lang='lat' dir='ltr'>Christus</span> <span class='ocrx_word' id='word_1_57' title='bbox 980 1298 1127 1359; x_wconf 78' lang='lat' dir='ltr'><strong>Dominus</strong></span> <span class='ocrx_word' id='word_1_58' title='bbox 1143 1298 1215 1359; x_wconf 83' lang='lat' dir='ltr'>satis</span> <span class='ocrx_word' id='word_1_59' title='bbox 1236 1294 1372 1371; x_wconf 77' lang='lat' dir='ltr'>ostendit,</span> <span class='ocrx_word' id='word_1_60' title='bbox 1386 1310 1468 1373; x_wconf 89' lang='lat' dir='ltr'>quun</span> <span class='ocrx_word' id='word_1_61' title='bbox 1480 1296 1501 1351; x_wconf 89' lang='lat' dir='ltr'>iu</span> 
     </span>
     <span class='ocr_line' id='line_1_8' title="bbox 455 1392 1502 1477; baseline -0.009 -19"><span class='ocrx_word' id='word_1_62' title='bbox 455 1397 518 1459; x_wconf 75' lang='lat' dir='ltr'>boc</span> <span class='ocrx_word' id='word_1_63' title='bbox 547 1399 725 1475; x_wconf 76' lang='lat' dir='ltr'>gravissima</span> <span class='ocrx_word' id='word_1_64' title='bbox 748 1399 1000 1469; x_wconf 73' lang='lat' dir='ltr'>verba,=i’atrom</span> <span class='ocrx_word' id='word_1_65' title='bbox 1024 1395 1149 1473; x_wconf 84' lang='lat' dir='ltr'>aliatus,</span> <span class='ocrx_word' id='word_1_66' title='bbox 1174 1396 1311 1477; x_wconf 75' lang='lat' dir='ltr'><strong>prorupit</strong></span> <span class='ocrx_word' id='word_1_67' title='bbox 1332 1410 1340 1453; x_wconf 75' lang='grc' dir='ltr'><strong>ι</strong></span> <span class='ocrx_word' id='word_1_68' title='bbox 1360 1392 1502 1455; x_wconf 85' lang='lat' dir='ltr'>rConiteor</span> 
     </span>
     <span class='ocr_line' id='line_1_9' title="bbox 455 1494 1567 1577; baseline -0.004 -22"><span class='ocrx_word' id='word_1_69' title='bbox 455 1518 471 1555; x_wconf 76' lang='lat' dir='ltr'>i</span> <span class='ocrx_word' id='word_1_70' title='bbox 489 1498 555 1575; x_wconf 91' lang='lat' dir='ltr'>tibi,</span> <span class='ocrx_word' id='word_1_71' title='bbox 569 1503 653 1561; x_wconf 74' lang='lat' dir='ltr'>Pater</span> <span class='ocrx_word' id='word_1_72' title='bbox 663 1500 788 1561; x_wconf 87' lang='lat' dir='ltr'>Domine</span> <span class='ocrx_word' id='word_1_73' title='bbox 799 1500 865 1559; x_wconf 86' lang='lat' dir='ltr'>ooeli</span> <span class='ocrx_word' id='word_1_74' title='bbox 877 1506 907 1560; x_wconf 91' lang='lat' dir='ltr'>et</span> <span class='ocrx_word' id='word_1_75' title='bbox 921 1506 1017 1573; x_wconf 79' lang='lat' dir='ltr'>terrm,</span> <span class='ocrx_word' id='word_1_76' title='bbox 1031 1500 1105 1577; x_wconf 88' lang='lat' dir='ltr'>quia</span> <span class='ocrx_word' id='word_1_77' title='bbox 1118 1495 1299 1559; x_wconf 70' lang='lat' dir='ltr'>abscondisti</span> <span class='ocrx_word' id='word_1_78' title='bbox 1310 1496 1399 1555; x_wconf 79' lang='lat' dir='ltr'>baca</span> <span class='ocrx_word' id='word_1_79' title='bbox 1414 1494 1503 1572; x_wconf 79' lang='lat' dir='ltr'>sapien</span> <span class='ocrx_word' id='word_1_80' title='bbox 1566 1508 1567 1527; x_wconf 61' lang='lat'>¹</span> 
     </span>
     <span class='ocr_line' id='line_1_10' title="bbox 459 1596 1567 1680; baseline -0.003 -25"><span class='ocrx_word' id='word_1_81' title='bbox 459 1600 570 1661; x_wconf 74' lang='lat' dir='ltr'>»ribus</span> <span class='ocrx_word' id='word_1_82' title='bbox 581 1608 612 1661; x_wconf 88' lang='lat' dir='ltr'>et</span> <span class='ocrx_word' id='word_1_83' title='bbox 632 1600 843 1680; x_wconf 72' lang='lat' dir='ltr'>prudentibus,</span> <span class='ocrx_word' id='word_1_84' title='bbox 855 1606 886 1661; x_wconf 91' lang='lat' dir='ltr'>et</span> <span class='ocrx_word' id='word_1_85' title='bbox 900 1600 1037 1661; x_wconf 78' lang='lat' dir='ltr'>mrelasti</span> <span class='ocrx_word' id='word_1_86' title='bbox 1057 1616 1091 1659; x_wconf 89' lang='lat' dir='ltr'>ea</span> <span class='ocrx_word' id='word_1_87' title='bbox 1107 1598 1250 1677; x_wconf 84' lang='lat' dir='ltr'>parvulis.</span> <span class='ocrx_word' id='word_1_88' title='bbox 1270 1600 1326 1671; x_wconf 86' lang='lat' dir='ltr'>lta,</span> <span class='ocrx_word' id='word_1_89' title='bbox 1341 1596 1433 1671; x_wconf 84' lang='lat' dir='ltr'>Pater;</span> <span class='ocrx_word' id='word_1_90' title='bbox 1445 1610 1503 1672; x_wconf 90' lang='lat' dir='ltr'>quo·</span> <span class='ocrx_word' id='word_1_91' title='bbox 1566 1598 1567 1653; x_wconf 66' lang='lat' dir='ltr'>i</span> 
     </span>
     <span class='ocr_line' id='line_1_11' title="bbox 457 1668 1567 1781; baseline -0.005 -25"><span class='ocrx_word' id='word_1_92' title='bbox 457 1721 473 1756; x_wconf 76' lang='grc' dir='ltr'><strong><em>ι</em></strong></span> <span class='ocrx_word' id='word_1_93' title='bbox 489 1701 570 1761; x_wconf 86' lang='lat' dir='ltr'>uiam</span> <span class='ocrx_word' id='word_1_94' title='bbox 584 1702 627 1763; x_wconf 89' lang='lat' dir='ltr'>sie</span> <span class='ocrx_word' id='word_1_95' title='bbox 640 1702 699 1762; x_wconf 84' lang='lat' dir='ltr'>luit</span> <span class='ocrx_word' id='word_1_96' title='bbox 712 1702 858 1781; x_wconf 82' lang='lat' dir='ltr'>placitum</span> <span class='ocrx_word' id='word_1_97' title='bbox 874 1706 943 1761; x_wconf 85' lang='lat' dir='ltr'>ante</span> <span class='ocrx_word' id='word_1_98' title='bbox 957 1706 985 1759; x_wconf 85' lang='lat' dir='ltr'>te</span> <span class='ocrx_word' id='word_1_99' title='bbox 999 1697 1051 1777; x_wconf 80' lang='lat' dir='ltr'>(b).</span> <span class='ocrx_word' id='word_1_100' title='bbox 1064 1719 1080 1755; x_wconf 84' lang='lat' dir='ltr'>u</span> <span class='ocrx_word' id='word_1_101' title='bbox 1093 1699 1247 1778; x_wconf 76' lang='lat' dir='ltr'>Sapientes</span> <span class='ocrx_word' id='word_1_102' title='bbox 1263 1695 1314 1758; x_wconf 82' lang='lat' dir='ltr'>isti</span> <span class='ocrx_word' id='word_1_103' title='bbox 1334 1702 1362 1757; x_wconf 87' lang='lat' dir='ltr'>et</span> <span class='ocrx_word' id='word_1_104' title='bbox 1375 1694 1505 1775; x_wconf 80' lang='lat' dir='ltr'>prudentes</span> <span class='ocrx_word' id='word_1_105' title='bbox 1566 1668 1567 1703; x_wconf 56' lang='lat'>¹</span> 
     </span>
     <span class='ocr_line' id='line_1_12' title="bbox 458 1794 1504 1882; baseline -0.01 -21"><span class='ocrx_word' id='word_1_106' title='bbox 458 1817 519 1862; x_wconf 89' lang='lat' dir='ltr'>uon</span> <span class='ocrx_word' id='word_1_107' title='bbox 538 1801 559 1861; x_wconf 92' lang='lat' dir='ltr'>ii</span> <span class='ocrx_word' id='word_1_108' title='bbox 577 1808 650 1862; x_wconf 87' lang='lat' dir='ltr'>aunt</span> <span class='ocrx_word' id='word_1_109' title='bbox 674 1802 803 1882; x_wconf 87' lang='lat' dir='ltr'>prolecto</span> <span class='ocrx_word' id='word_1_110' title='bbox 821 1802 876 1879; x_wconf 92' lang='lat' dir='ltr'>qui</span> <span class='ocrx_word' id='word_1_111' title='bbox 896 1818 964 1863; x_wconf 84' lang='lat' dir='ltr'>rara</span> <span class='ocrx_word' id='word_1_112' title='bbox 984 1798 1131 1879; x_wconf 78' lang='lat' dir='ltr'>sapientia</span> <span class='ocrx_word' id='word_1_113' title='bbox 1158 1796 1377 1877; x_wconf 75' lang='lat' dir='ltr'>prudentiaque</span> <span class='ocrx_word' id='word_1_114' title='bbox 1392 1794 1504 1875; x_wconf 88' lang='lat' dir='ltr'>polleant,</span> 
     </span>
     <span class='ocr_line' id='line_1_13' title="bbox 461 1892 1506 1983; baseline -0.011 -22"><span class='ocrx_word' id='word_1_115' title='bbox 461 1900 513 1961; x_wconf 87' lang='lat' dir='ltr'>sed</span> <span class='ocrx_word' id='word_1_116' title='bbox 525 1902 581 1979; x_wconf 87' lang='lat' dir='ltr'>qui</span> <span class='ocrx_word' id='word_1_117' title='bbox 593 1902 741 1981; x_wconf 72' lang='lat' dir='ltr'>aenianica</span> <span class='ocrx_word' id='word_1_118' title='bbox 756 1919 790 1963; x_wconf 75' lang='lat' dir='ltr'>re</span> <span class='ocrx_word' id='word_1_119' title='bbox 810 1902 867 1983; x_wconf 83' lang='lat' dir='ltr'>ipsi</span> <span class='ocrx_word' id='word_1_120' title='bbox 887 1918 922 1963; x_wconf 86' lang='lat' dir='ltr'>ac</span> <span class='ocrx_word' id='word_1_121' title='bbox 944 1899 1117 1981; x_wconf 89' lang='lat' dir='ltr'>prudentes,</span> <span class='ocrx_word' id='word_1_122' title='bbox 1139 1897 1334 1975; x_wconf 86' lang='lat' dir='ltr'>ultraquam</span> <span class='ocrx_word' id='word_1_123' title='bbox 1358 1912 1407 1975; x_wconf 85' lang='lat' dir='ltr'>par</span> <span class='ocrx_word' id='word_1_124' title='bbox 1427 1892 1506 1965; x_wconf 72' lang='lat' dir='ltr'>aqu</span> 
     </span>
     <span class='ocr_line' id='line_1_14' title="bbox 461 1995 1506 2081; baseline -0.011 -18"><span class='ocrx_word' id='word_1_125' title='bbox 461 2002 605 2063; x_wconf 87' lang='lat' dir='ltr'>rebusad</span> <span class='ocrx_word' id='word_1_126' title='bbox 628 2002 698 2063; x_wconf 90' lang='lat' dir='ltr'>lidei</span> <span class='ocrx_word' id='word_1_127' title='bbox 716 2003 883 2064; x_wconf 83' lang='lat' dir='ltr'>doctrinam</span> <span class='ocrx_word' id='word_1_128' title='bbox 907 2000 1127 2081; x_wconf 87' lang='lat' dir='ltr'>pcrtinentibus</span> <span class='ocrx_word' id='word_1_129' title='bbox 1141 1999 1344 2075; x_wconf 82' lang='lat' dir='ltr'>arbitrantur,</span> <span class='ocrx_word' id='word_1_130' title='bbox 1361 1995 1506 2057; x_wconf 72' lang='lat' dir='ltr'>collicello·</span> 
     </span>
     <span class='ocr_line' id='line_1_15' title="bbox 459 2094 1508 2182; baseline -0.011 -19"><span class='ocrx_word' id='word_1_131' title='bbox 459 2102 558 2182; x_wconf 83' lang='lat' dir='ltr'>perdi.</span> <span class='ocrx_word' id='word_1_132' title='bbox 574 2106 609 2165; x_wconf 92' lang='lat' dir='ltr'>lu</span> <span class='ocrx_word' id='word_1_133' title='bbox 621 2103 677 2165; x_wconf 90' lang='lat' dir='ltr'>boc</span> <span class='ocrx_word' id='word_1_134' title='bbox 690 2105 781 2181; x_wconf 77' lang='lat' dir='ltr'>igitur</span> <span class='ocrx_word' id='word_1_135' title='bbox 792 2105 888 2165; x_wconf 86' lang='lat' dir='ltr'>animi</span> <span class='ocrx_word' id='word_1_136' title='bbox 900 2104 973 2164; x_wconf 83' lang='lat' dir='ltr'>vitio</span> <span class='ocrx_word' id='word_1_137' title='bbox 984 2103 1126 2182; x_wconf 79' lang='lat' dir='ltr'>pessimo,</span> <span class='ocrx_word' id='word_1_138' title='bbox 1142 2102 1173 2161; x_wconf 91' lang='lat' dir='ltr'>ln</span> <span class='ocrx_word' id='word_1_139' title='bbox 1186 2101 1243 2161; x_wconf 86' lang='lat' dir='ltr'>hac</span> <span class='ocrx_word' id='word_1_140' title='bbox 1254 2094 1508 2181; x_wconf 84' lang='lat' dir='ltr'>superbiamnsistit</span> 
     </span>
     <span class='ocr_line' id='line_1_16' title="bbox 462 2192 1507 2282; baseline -0.013 -19"><span class='ocrx_word' id='word_1_141' title='bbox 462 2202 594 2281; x_wconf 87' lang='lat' dir='ltr'>denique</span> <span class='ocrx_word' id='word_1_142' title='bbox 611 2210 670 2265; x_wconf 85' lang='lat' dir='ltr'>iota</span> <span class='ocrx_word' id='word_1_143' title='bbox 687 2203 809 2265; x_wconf 69' lang='lat' dir='ltr'>heresis</span> <span class='ocrx_word' id='word_1_144' title='bbox 831 2207 1059 2282; x_wconf 81' lang='lat' dir='ltr'>cujuscunque,</span> <span class='ocrx_word' id='word_1_145' title='bbox 1074 2218 1109 2263; x_wconf 84' lang='lat' dir='ltr'>ac</span> <span class='ocrx_word' id='word_1_146' title='bbox 1126 2200 1274 2280; x_wconf 69' lang='lat' dir='ltr'>precipue</span> <span class='ocrx_word' id='word_1_147' title='bbox 1298 2192 1507 2278; x_wconf 85' lang='lat' dir='ltr'>protestantismi,</span> 
     </span>
     <span class='ocr_line' id='line_1_17' title="bbox 465 2296 1509 2381; baseline -0.011 -18"><span class='ocrx_word' id='word_1_148' title='bbox 465 2308 595 2364; x_wconf 85' lang='lat' dir='ltr'>natura:</span> <span class='ocrx_word' id='word_1_149' title='bbox 617 2320 678 2381; x_wconf 88' lang='lat' dir='ltr'>qua</span> <span class='ocrx_word' id='word_1_150' title='bbox 691 2304 834 2381; x_wconf 85' lang='lat' dir='ltr'>superbia</span> <span class='ocrx_word' id='word_1_151' title='bbox 849 2300 974 2363; x_wconf 79' lang='lat' dir='ltr'>indatus</span> <span class='ocrx_word' id='word_1_152' title='bbox 993 2302 1085 2362; x_wconf 82' lang='lat' dir='ltr'>miser</span> <span class='ocrx_word' id='word_1_153' title='bbox 1106 2300 1286 2371; x_wconf 84' lang='lat' dir='ltr'>homuncio,</span> <span class='ocrx_word' id='word_1_154' title='bbox 1305 2296 1445 2358; x_wconf 84' lang='lat' dir='ltr'>imbecilla</span> <span class='ocrx_word' id='word_1_155' title='bbox 1459 2308 1509 2351; x_wconf 91' lang='lat' dir='ltr'>mu·</span> 
     </span>
     <span class='ocr_line' id='line_1_18' title="bbox 465 2394 1568 2482; baseline -0.009 -19"><span class='ocrx_word' id='word_1_156' title='bbox 465 2402 590 2463; x_wconf 77' lang='lat' dir='ltr'>liermla</span> <span class='ocrx_word' id='word_1_157' title='bbox 607 2420 784 2482; x_wconf 88' lang='lat' dir='ltr'>supremum</span> <span class='ocrx_word' id='word_1_158' title='bbox 797 2422 830 2465; x_wconf 87' lang='lat' dir='ltr'>se</span> <span class='ocrx_word' id='word_1_159' title='bbox 848 2420 951 2465; x_wconf 88' lang='lat' dir='ltr'>rerum</span> <span class='ocrx_word' id='word_1_160' title='bbox 975 2401 1221 2463; x_wconf 84' lang='lat' dir='ltr'>difficillimarum</span> <span class='ocrx_word' id='word_1_161' title='bbox 1241 2406 1271 2461; x_wconf 90' lang='lat' dir='ltr'>et</span> <span class='ocrx_word' id='word_1_162' title='bbox 1294 2398 1509 2477; x_wconf 67' lang='lat' dir='ltr'>gunsinum</span> <span class='ocrx_word' id='word_1_163' title='bbox 1567 2394 1568 2397; x_wconf 75' lang='grc'>’</span> 
     </span>
     <span class='ocr_line' id='line_1_19' title="bbox 464 2498 1568 2583; baseline 0 -22"><span class='ocrx_word' id='word_1_164' title='bbox 464 2502 598 2580; x_wconf 86' lang='lat' dir='ltr'>judicem</span> <span class='ocrx_word' id='word_1_165' title='bbox 612 2505 775 2578; x_wconf 81' lang='lat' dir='ltr'>constituit,</span> <span class='ocrx_word' id='word_1_166' title='bbox 790 2503 941 2579; x_wconf 77' lang='lat' dir='ltr'>lin-lasiae,</span> <span class='ocrx_word' id='word_1_167' title='bbox 956 2519 1047 2580; x_wconf 89' lang='lat' dir='ltr'>quarn</span> <span class='ocrx_word' id='word_1_168' title='bbox 1071 2502 1149 2561; x_wconf 86' lang='lat' dir='ltr'>Deus</span> <span class='ocrx_word' id='word_1_169' title='bbox 1173 2498 1319 2580; x_wconf 83' lang='lat' dir='ltr'>peculiari</span> <span class='ocrx_word' id='word_1_170' title='bbox 1343 2501 1510 2577; x_wconf 69' lang='lat' dir='ltr'>perpetuoque</span> <span class='ocrx_word' id='word_1_171' title='bbox 1567 2554 1568 2583; x_wconf 62' lang='lat'>,</span> 
     </span>
     <span class='ocr_line' id='line_1_20' title="bbox 466 2597 1568 2685; baseline -0.009 -23"><span class='ocrx_word' id='word_1_172' title='bbox 466 2601 692 2679; x_wconf 76' lang='lat' dir='ltr'>auxiliodirigit</span> <span class='ocrx_word' id='word_1_173' title='bbox 703 2620 738 2665; x_wconf 90' lang='lat' dir='ltr'>ac</span> <span class='ocrx_word' id='word_1_174' title='bbox 756 2603 853 2681; x_wconf 89' lang='lat' dir='ltr'>docet,</span> <span class='ocrx_word' id='word_1_175' title='bbox 870 2610 970 2685; x_wconf 86' lang='lat' dir='ltr'>spreta</span> <span class='ocrx_word' id='word_1_176' title='bbox 984 2606 1154 2681; x_wconf 80' lang='lat' dir='ltr'>rejectoque</span> <span class='ocrx_word' id='word_1_177' title='bbox 1169 2600 1354 2661; x_wconf 77' lang='lat' dir='ltr'>aur-tortum.</span> <span class='ocrx_word' id='word_1_178' title='bbox 1368 2597 1459 2675; x_wconf 79' lang='lat' dir='ltr'>dignit</span> <span class='ocrx_word' id='word_1_179' title='bbox 1470 2610 1510 2653; x_wconf 87' lang='lat' dir='ltr'>au·</span> <span class='ocrx_word' id='word_1_180' title='bbox 1567 2600 1568 2621; x_wconf 67' lang='lat'>¹</span> 
     </span>
     <span class='ocr_line' id='line_1_21' title="bbox 467 2696 1510 2783; baseline -0.011 -20"><span class='ocrx_word' id='word_1_181' title='bbox 467 2704 699 2765; x_wconf 87' lang='lat' dir='ltr'>temnecessariu</span> <span class='ocrx_word' id='word_1_182' title='bbox 707 2705 848 2783; x_wconf 87' lang='lat' dir='ltr'>superbia</span> <span class='ocrx_word' id='word_1_183' title='bbox 856 2706 1065 2779; x_wconf 86' lang='lat' dir='ltr'>temeritatem,</span> <span class='ocrx_word' id='word_1_184' title='bbox 1074 2700 1326 2781; x_wconf 88' lang='lat' dir='ltr'>imprudentiam,</span> <span class='ocrx_word' id='word_1_185' title='bbox 1336 2696 1510 2779; x_wconf 82' lang='lat' dir='ltr'>petulantiam,</span> 
     </span>
     <span class='ocr_line' id='line_1_22' title="bbox 469 2798 1510 2885; baseline -0.006 -23"><span class='ocrx_word' id='word_1_186' title='bbox 469 2802 659 2866; x_wconf 73' lang='lat' dir='ltr'>immodicam</span> <span class='ocrx_word' id='word_1_187' title='bbox 675 2804 885 2868; x_wconf 80' lang='lat' dir='ltr'>confidentiam</span> <span class='ocrx_word' id='word_1_188' title='bbox 899 2851 909 2882; x_wconf 94' lang='lat'>,</span> <span class='ocrx_word' id='word_1_189' title='bbox 922 2806 1078 2868; x_wconf 86' lang='lat' dir='ltr'>audaciam</span> <span class='ocrx_word' id='word_1_190' title='bbox 1093 2803 1274 2885; x_wconf 69' lang='lat' dir='ltr'>precipitem</span> <span class='ocrx_word' id='word_1_191' title='bbox 1288 2809 1320 2864; x_wconf 87' lang='lat' dir='ltr'>et</span> <span class='ocrx_word' id='word_1_192' title='bbox 1338 2798 1510 2882; x_wconf 80' lang='lat' dir='ltr'>pertinaciam</span> 
     </span>
     <span class='ocr_line' id='line_1_23' title="bbox 467 2899 1569 2986; baseline -0.013 -23"><span class='ocrx_word' id='word_1_193' title='bbox 467 2903 527 2978; x_wconf 81' lang='lat' dir='ltr'>Qui</span> <span class='ocrx_word' id='word_1_194' title='bbox 541 2919 646 2965; x_wconf 90' lang='lat' dir='ltr'>omnes</span> <span class='ocrx_word' id='word_1_195' title='bbox 658 2905 754 2968; x_wconf 88' lang='lat' dir='ltr'>morbi</span> <span class='ocrx_word' id='word_1_196' title='bbox 766 2907 898 2969; x_wconf 79' lang='lat' dir='ltr'>morales</span> <span class='ocrx_word' id='word_1_197' title='bbox 910 2923 979 2968; x_wconf 89' lang='lat' dir='ltr'>oum</span> <span class='ocrx_word' id='word_1_198' title='bbox 991 2905 1132 2986; x_wconf 86' lang='lat' dir='ltr'>superbia</span> <span class='ocrx_word' id='word_1_199' title='bbox 1145 2904 1300 2982; x_wconf 88' lang='lat' dir='ltr'>conjuncti</span> <span class='ocrx_word' id='word_1_200' title='bbox 1321 2908 1394 2964; x_wconf 82' lang='lat' dir='ltr'>tetra</span> <span class='ocrx_word' id='word_1_201' title='bbox 1405 2899 1512 2962; x_wconf 86' lang='lat' dir='ltr'>eninm</span> <span class='ocrx_word' id='word_1_202' title='bbox 1568 2943 1569 2950; x_wconf 75' lang='grc'>,</span> 
     </span>
     <span class='ocr_line' id='line_1_24' title="bbox 469 2995 1569 3090; baseline -0.011 -24"><span class='ocrx_word' id='word_1_203' title='bbox 469 3005 598 3066; x_wconf 74' lang='lat' dir='ltr'>mertare</span> <span class='ocrx_word' id='word_1_204' title='bbox 618 3008 777 3068; x_wconf 81' lang='lat' dir='ltr'>involvunt</span> <span class='ocrx_word' id='word_1_205' title='bbox 789 3008 852 3082; x_wconf 89' lang='lat' dir='ltr'>ita,</span> <span class='ocrx_word' id='word_1_206' title='bbox 866 3013 902 3068; x_wconf 88' lang='lat' dir='ltr'>ut</span> <span class='ocrx_word' id='word_1_207' title='bbox 915 3023 1046 3086; x_wconf 90' lang='lat' dir='ltr'>quorum</span> <span class='ocrx_word' id='word_1_208' title='bbox 1062 3021 1148 3067; x_wconf 85' lang='lat' dir='ltr'>mons</span> <span class='ocrx_word' id='word_1_209' title='bbox 1161 3003 1310 3082; x_wconf 78' lang='lat' dir='ltr'>singulari</span> <span class='ocrx_word' id='word_1_210' title='bbox 1327 3004 1415 3064; x_wconf 88' lang='lat' dir='ltr'>etiam</span> <span class='ocrx_word' id='word_1_211' title='bbox 1428 2995 1512 3074; x_wconf 76' lang='lat' dir='ltr'>inperii</span> <span class='ocrx_word' id='word_1_212' title='bbox 1568 3055 1569 3090; x_wconf 26' lang='grc'>1</span> 
     </span>
     <span class='ocr_line' id='line_1_25' title="bbox 468 3095 1512 3184; baseline -0.011 -18"><span class='ocrx_word' id='word_1_213' title='bbox 468 3104 748 3182; x_wconf 79' lang='lat' dir='ltr'>doctrinasquoluoe</span> <span class='ocrx_word' id='word_1_214' title='bbox 761 3109 792 3167; x_wconf 92' lang='lat' dir='ltr'>in</span> <span class='ocrx_word' id='word_1_215' title='bbox 807 3108 951 3169; x_wconf 76' lang='lat' dir='ltr'>humarus</span> <span class='ocrx_word' id='word_1_216' title='bbox 962 3106 1090 3184; x_wconf 80' lang='lat' dir='ltr'>negotiis</span> <span class='ocrx_word' id='word_1_217' title='bbox 1104 3117 1133 3166; x_wconf 89' lang='lat' dir='ltr'>et</span> <span class='ocrx_word' id='word_1_218' title='bbox 1146 3104 1260 3164; x_wconf 88' lang='lat' dir='ltr'>artibus</span> <span class='ocrx_word' id='word_1_219' title='bbox 1270 3103 1463 3173; x_wconf 80' lang='lat' dir='ltr'>collustratur,</span> <span class='ocrx_word' id='word_1_220' title='bbox 1478 3095 1512 3154; x_wconf 88' lang='lat' dir='ltr'>ubi</span> 
     </span>
     <span class='ocr_line' id='line_1_26' title="bbox 471 3204 1513 3284; baseline -0.01 -19"><span class='ocrx_word' id='word_1_221' title='bbox 471 3204 510 3265; x_wconf 87' lang='lat' dir='ltr'>ad</span> <span class='ocrx_word' id='word_1_222' title='bbox 529 3207 598 3267; x_wconf 83' lang='lat' dir='ltr'>idei</span> <span class='ocrx_word' id='word_1_223' title='bbox 617 3208 784 3270; x_wconf 84' lang='lat' dir='ltr'>doctrinam</span> <span class='ocrx_word' id='word_1_224' title='bbox 804 3215 928 3270; x_wconf 87' lang='lat' dir='ltr'>rentum</span> <span class='ocrx_word' id='word_1_225' title='bbox 946 3209 997 3284; x_wconf 90' lang='lat' dir='ltr'>sit,</span> <span class='ocrx_word' id='word_1_226' title='bbox 1022 3207 1153 3283; x_wconf 76' lang='lat' dir='ltr'>caligent</span> <span class='ocrx_word' id='word_1_227' title='bbox 1174 3205 1195 3264; x_wconf 92' lang='lat' dir='ltr'>ii</span> <span class='ocrx_word' id='word_1_228' title='bbox 1208 3219 1345 3283; x_wconf 88' lang='lat' dir='ltr'>prorsus,</span> <span class='ocrx_word' id='word_1_229' title='bbox 1366 3207 1394 3262; x_wconf 89' lang='lat' dir='ltr'>et</span> <span class='ocrx_word' id='word_1_230' title='bbox 1407 3213 1513 3261; x_wconf 82' lang='lat' dir='ltr'>rereau·</span> 
     </span>
     <span class='ocr_line' id='line_1_27' title="bbox 470 3305 1175 3380; baseline 0 -14"><span class='ocrx_word' id='word_1_231' title='bbox 470 3305 587 3368; x_wconf 82' lang='lat' dir='ltr'>dientes</span> <span class='ocrx_word' id='word_1_232' title='bbox 597 3324 659 3368; x_wconf 90' lang='lat' dir='ltr'>non</span> <span class='ocrx_word' id='word_1_233' title='bbox 670 3309 805 3380; x_wconf 85' lang='lat' dir='ltr'>audiant,</span> <span class='ocrx_word' id='word_1_234' title='bbox 817 3310 954 3371; x_wconf 86' lang='lat' dir='ltr'>ridentes</span> <span class='ocrx_word' id='word_1_235' title='bbox 968 3324 1029 3370; x_wconf 90' lang='lat' dir='ltr'>non</span> <span class='ocrx_word' id='word_1_236' title='bbox 1044 3307 1175 3368; x_wconf 86' lang='lat' dir='ltr'>videant.</span> 
     </span>
    </p>

    <p class='ocr_par' dir='ltr' id='par_1_4' title="bbox 468 3402 1515 3894">
     <span class='ocr_line' id='line_1_28' title="bbox 511 3402 1513 3490; baseline -0.007 -24"><span class='ocrx_word' id='word_1_237' title='bbox 511 3406 639 3484; x_wconf 73' lang='lat' dir='ltr'>aceedit,</span> <span class='ocrx_word' id='word_1_238' title='bbox 651 3409 731 3485; x_wconf 91' lang='lat' dir='ltr'>quod</span> <span class='ocrx_word' id='word_1_239' title='bbox 744 3411 823 3471; x_wconf 86' lang='lat' dir='ltr'>beus</span> <span class='ocrx_word' id='word_1_240' title='bbox 833 3411 910 3490; x_wconf 84' lang='lat' dir='ltr'>ipae,</span> <span class='ocrx_word' id='word_1_241' title='bbox 920 3408 960 3469; x_wconf 80' lang='lat' dir='ltr'>ad</span> <span class='ocrx_word' id='word_1_242' title='bbox 970 3408 1047 3468; x_wconf 83' lang='lat' dir='ltr'>banc</span> <span class='ocrx_word' id='word_1_243' title='bbox 1057 3406 1230 3486; x_wconf 83' lang='lat' dir='ltr'>superbiam</span> <span class='ocrx_word' id='word_1_244' title='bbox 1242 3421 1337 3482; x_wconf 87' lang='lat' dir='ltr'>quarn</span> <span class='ocrx_word' id='word_1_245' title='bbox 1348 3402 1513 3476; x_wconf 80' lang='lat' dir='ltr'>maximopere</span> 
     </span>
     <span class='ocr_line' id='line_1_29' title="bbox 472 3503 1514 3589; baseline -0.012 -21"><span class='ocrx_word' id='word_1_246' title='bbox 472 3505 546 3582; x_wconf 88' lang='lat' dir='ltr'>odit,</span> <span class='ocrx_word' id='word_1_247' title='bbox 563 3509 759 3586; x_wconf 85' lang='lat' dir='ltr'>puniendam,</span> <span class='ocrx_word' id='word_1_248' title='bbox 774 3527 837 3589; x_wconf 87' lang='lat' dir='ltr'>eos,</span> <span class='ocrx_word' id='word_1_249' title='bbox 852 3513 932 3572; x_wconf 83' lang='lat' dir='ltr'>sium</span> <span class='ocrx_word' id='word_1_250' title='bbox 944 3510 1013 3571; x_wconf 86' lang='lat' dir='ltr'>illos</span> <span class='ocrx_word' id='word_1_251' title='bbox 1030 3509 1165 3570; x_wconf 84' lang='lat' dir='ltr'>ethnicos</span> <span class='ocrx_word' id='word_1_252' title='bbox 1176 3507 1214 3566; x_wconf 88' lang='lat' dir='ltr'>de</span> <span class='ocrx_word' id='word_1_253' title='bbox 1226 3506 1340 3584; x_wconf 86' lang='lat' dir='ltr'>quibus</span> <span class='ocrx_word' id='word_1_254' title='bbox 1351 3503 1385 3566; x_wconf 86' lang='lat' dir='ltr'>sd</span> <span class='ocrx_word' id='word_1_255' title='bbox 1398 3506 1514 3564; x_wconf 84' lang='lat' dir='ltr'>Romanos</span> 
     </span>
     <span class='ocr_line' id='line_1_30' title="bbox 473 3599 1515 3690; baseline -0.01 -24"><span class='ocrx_word' id='word_1_256' title='bbox 473 3607 606 3668; x_wconf 73' lang='lat' dir='ltr'>sombens</span> <span class='ocrx_word' id='word_1_257' title='bbox 620 3610 732 3671; x_wconf 77' lang='lat' dir='ltr'>Paulus</span> <span class='ocrx_word' id='word_1_258' title='bbox 751 3611 897 3690; x_wconf 87' lang='lat' dir='ltr'>loquitur,</span> <span class='ocrx_word' id='word_1_259' title='bbox 915 3607 1017 3670; x_wconf 75' lang='lat' dir='ltr'>erodat</span> <span class='ocrx_word' id='word_1_260' title='bbox 1030 3613 1061 3670; x_wconf 83' lang='lat' dir='ltr'>in</span> <span class='ocrx_word' id='word_1_261' title='bbox 1075 3605 1379 3688; x_wconf 70' lang='lat' dir='ltr'>commemorarem,-</span> <span class='ocrx_word' id='word_1_262' title='bbox 1393 3618 1448 3682; x_wconf 92' lang='lat' dir='ltr'>quo</span> <span class='ocrx_word' id='word_1_263' title='bbox 1460 3599 1484 3658; x_wconf 90' lang='lat' dir='ltr'>tit</span> <span class='ocrx_word' id='word_1_264' title='bbox 1493 3601 1515 3652; x_wconf 86' lang='lat' dir='ltr'>ot</span> 
     </span>
     <span class='ocr_line' id='line_1_31' title="bbox 468 3693 1513 3792; baseline -0.005 -26"><span class='ocrx_word' id='word_1_265' title='bbox 468 3704 596 3768; x_wconf 74' lang='lat' dir='ltr'>dicenter</span> <span class='ocrx_word' id='word_1_266' title='bbox 608 3728 637 3770; x_wconf 81' lang='lat' dir='ltr'>re</span> <span class='ocrx_word' id='word_1_267' title='bbox 647 3728 706 3772; x_wconf 82' lang='lat' dir='ltr'>erre</span> <span class='ocrx_word' id='word_1_268' title='bbox 720 3711 874 3792; x_wconf 71' lang='lat' dir='ltr'>supienter,</span> <span class='ocrx_word' id='word_1_269' title='bbox 894 3711 983 3774; x_wconf 79' lang='lat' dir='ltr'>stulti</span> <span class='ocrx_word' id='word_1_270' title='bbox 995 3709 1080 3792; x_wconf 77' lang='lat' dir='ltr'>ficut,</span> <span class='ocrx_word' id='word_1_271' title='bbox 1095 3714 1124 3770; x_wconf 88' lang='lat' dir='ltr'>et</span> <span class='ocrx_word' id='word_1_272' title='bbox 1134 3715 1303 3770; x_wconf 77' lang='lat' dir='ltr'>rvaaercmrt</span> <span class='ocrx_word' id='word_1_273' title='bbox 1317 3707 1348 3766; x_wconf 85' lang='lat' dir='ltr'>iu</span> <span class='ocrx_word' id='word_1_274' title='bbox 1361 3693 1513 3785; x_wconf 82' lang='lat' dir='ltr'>copitotr&#39;rat&#39;·</span> 
     </span>
     <span class='ocr_line' id='line_1_32' title="bbox 472 3803 1325 3894; baseline 0.001 -27"><span class='ocrx_word' id='word_1_275' title='bbox 472 3803 523 3867; x_wconf 79' lang='lat' dir='ltr'>dae</span> <span class='ocrx_word' id='word_1_276' title='bbox 533 3807 605 3882; x_wconf 66' lang='lat' dir='ltr'>curi,</span> <span class='ocrx_word' id='word_1_277' title='bbox 618 3815 647 3872; x_wconf 86' lang='lat' dir='ltr'>et</span> <span class='ocrx_word' id='word_1_278' title='bbox 662 3811 747 3891; x_wconf 87' lang='lat' dir='ltr'>plane</span> <span class='ocrx_word' id='word_1_279' title='bbox 761 3811 933 3873; x_wconf 78' lang='lat' dir='ltr'>obscuretur</span> <span class='ocrx_word' id='word_1_280' title='bbox 945 3811 1087 3894; x_wconf 80' lang='lat' dir='ltr'>r&#39;nripieua</span> <span class='ocrx_word' id='word_1_281' title='bbox 1100 3828 1151 3871; x_wconf 88' lang='lat' dir='ltr'>ror</span> <span class='ocrx_word' id='word_1_282' title='bbox 1160 3828 1262 3872; x_wconf 83' lang='lat' dir='ltr'>eorum</span> <span class='ocrx_word' id='word_1_283' title='bbox 1275 3807 1325 3886; x_wconf 85' lang='lat' dir='ltr'>(r).</span> 
     </span>
    </p>

    <p class='ocr_par' dir='ltr' id='par_1_5' title="bbox 470 3899 1515 4594">
     <span class='ocr_line' id='line_1_33' title="bbox 514 3899 1513 3991; baseline 0 -23"><span class='ocrx_word' id='word_1_284' title='bbox 514 3909 615 3987; x_wconf 84' lang='lat' dir='ltr'>liujus</span> <span class='ocrx_word' id='word_1_285' title='bbox 634 3913 784 3988; x_wconf 78' lang='lat' dir='ltr'>cecitatis,</span> <span class='ocrx_word' id='word_1_286' title='bbox 797 3913 891 3991; x_wconf 89' lang='lat' dir='ltr'>hujus</span> <span class='ocrx_word' id='word_1_287' title='bbox 904 3913 997 3974; x_wconf 87' lang='lat' dir='ltr'>divini</span> <span class='ocrx_word' id='word_1_288' title='bbox 1013 3910 1178 3986; x_wconf 86' lang='lat' dir='ltr'>maledicti,</span> <span class='ocrx_word' id='word_1_289' title='bbox 1193 3911 1270 3972; x_wconf 90' lang='lat' dir='ltr'>sicut</span> <span class='ocrx_word' id='word_1_290' title='bbox 1287 3909 1371 3969; x_wconf 90' lang='lat' dir='ltr'>illius</span> <span class='ocrx_word' id='word_1_291' title='bbox 1390 3899 1513 3983; x_wconf 59' lang='lat' dir='ltr'>soperbia,</span> 
     </span>
     <span class='ocr_line' id='line_1_34' title="bbox 475 3997 1515 4091; baseline -0.003 -23"><span class='ocrx_word' id='word_1_292' title='bbox 475 4025 499 4068; x_wconf 82' lang='lat' dir='ltr'>u·</span> <span class='ocrx_word' id='word_1_293' title='bbox 508 4011 634 4072; x_wconf 88' lang='lat' dir='ltr'>anilesta</span> <span class='ocrx_word' id='word_1_294' title='bbox 643 4011 755 4074; x_wconf 86' lang='lat' dir='ltr'>indicia</span> <span class='ocrx_word' id='word_1_295' title='bbox 765 4029 871 4074; x_wconf 85' lang='lat' dir='ltr'>omues</span> <span class='ocrx_word' id='word_1_296' title='bbox 882 4013 1109 4091; x_wconf 81' lang='lat' dir='ltr'>protestantium</span> <span class='ocrx_word' id='word_1_297' title='bbox 1124 4010 1194 4070; x_wconf 88' lang='lat' dir='ltr'>libri</span> <span class='ocrx_word' id='word_1_298' title='bbox 1205 4008 1406 4090; x_wconf 82' lang='lat' dir='ltr'>prmseloruot,</span> <span class='ocrx_word' id='word_1_299' title='bbox 1417 3997 1515 4080; x_wconf 81' lang='lat' dir='ltr'>quoties</span> 
     </span>
     <span class='ocr_line' id='line_1_35' title="bbox 474 4105 1513 4194; baseline -0.008 -25"><span class='ocrx_word' id='word_1_300' title='bbox 474 4125 595 4189; x_wconf 88' lang='lat' dir='ltr'>cunque</span> <span class='ocrx_word' id='word_1_301' title='bbox 613 4113 660 4173; x_wconf 90' lang='lat' dir='ltr'>illi</span> <span class='ocrx_word' id='word_1_302' title='bbox 673 4117 854 4192; x_wconf 63' lang='lat' dir='ltr'>questiones</span> <span class='ocrx_word' id='word_1_303' title='bbox 875 4114 944 4174; x_wconf 91' lang='lat' dir='ltr'>lidei</span> <span class='ocrx_word' id='word_1_304' title='bbox 963 4112 1067 4194; x_wconf 88' lang='lat' dir='ltr'>procul</span> <span class='ocrx_word' id='word_1_305' title='bbox 1080 4109 1257 4174; x_wconf 84' lang='lat' dir='ltr'>acatholica</span> <span class='ocrx_word' id='word_1_306' title='bbox 1275 4107 1406 4170; x_wconf 87' lang='lat' dir='ltr'>doctrina</span> <span class='ocrx_word' id='word_1_307' title='bbox 1419 4105 1513 4182; x_wconf 77' lang='lat' dir='ltr'>pertut-</span> 
     </span>
     <span class='ocr_line' id='line_1_36' title="bbox 473 4199 1514 4291; baseline -0.003 -22"><span class='ocrx_word' id='word_1_308' title='bbox 473 4217 537 4272; x_wconf 85' lang='lat' dir='ltr'>tare</span> <span class='ocrx_word' id='word_1_309' title='bbox 550 4211 722 4275; x_wconf 88' lang='lat' dir='ltr'>instituunt.</span> <span class='ocrx_word' id='word_1_310' title='bbox 732 4214 885 4276; x_wconf 75' lang='lat' dir='ltr'>absurdas</span> <span class='ocrx_word' id='word_1_311' title='bbox 893 4215 974 4276; x_wconf 87' lang='lat' dir='ltr'>euim</span> <span class='ocrx_word' id='word_1_312' title='bbox 985 4219 1075 4291; x_wconf 85' lang='lat' dir='ltr'>atque</span> <span class='ocrx_word' id='word_1_313' title='bbox 1087 4213 1165 4272; x_wconf 87' lang='lat' dir='ltr'>inter</span> <span class='ocrx_word' id='word_1_314' title='bbox 1174 4227 1206 4274; x_wconf 88' lang='lat' dir='ltr'>se</span> <span class='ocrx_word' id='word_1_315' title='bbox 1217 4208 1372 4272; x_wconf 80' lang='lat' dir='ltr'>manifeste</span> <span class='ocrx_word' id='word_1_316' title='bbox 1382 4199 1514 4285; x_wconf 62' lang='lat' dir='ltr'>panidis</span> 
     </span>
     <span class='ocr_line' id='line_1_37' title="bbox 476 4297 1513 4392; baseline -0.007 -24"><span class='ocrx_word' id='word_1_317' title='bbox 476 4313 638 4371; x_wconf 69' lang='lat' dir='ltr'>sententias</span> <span class='ocrx_word' id='word_1_318' title='bbox 650 4315 728 4374; x_wconf 89' lang='lat' dir='ltr'>mira</span> <span class='ocrx_word' id='word_1_319' title='bbox 741 4315 834 4374; x_wconf 87' lang='lat' dir='ltr'>animi</span> <span class='ocrx_word' id='word_1_320' title='bbox 849 4314 1009 4375; x_wconf 85' lang='lat' dir='ltr'>securitate</span> <span class='ocrx_word' id='word_1_321' title='bbox 1024 4313 1070 4372; x_wconf 87' lang='lat' dir='ltr'>isti</span> <span class='ocrx_word' id='word_1_322' title='bbox 1086 4311 1197 4392; x_wconf 85' lang='lat' dir='ltr'>passim</span> <span class='ocrx_word' id='word_1_323' title='bbox 1211 4311 1366 4370; x_wconf 73' lang='lat' dir='ltr'>intexunt:</span> <span class='ocrx_word' id='word_1_324' title='bbox 1379 4297 1513 4366; x_wconf 70' lang='lat' dir='ltr'>absumis·</span> 
     </span>
     <span class='ocr_line' id='line_1_38' title="bbox 476 4395 1513 4500; baseline -0.005 -30"><span class='ocrx_word' id='word_1_325' title='bbox 476 4415 537 4470; x_wconf 88' lang='lat' dir='ltr'>tem</span> <span class='ocrx_word' id='word_1_326' title='bbox 551 4411 661 4474; x_wconf 89' lang='lat' dir='ltr'>barum</span> <span class='ocrx_word' id='word_1_327' title='bbox 670 4415 880 4492; x_wconf 90' lang='lat' dir='ltr'>opinationum</span> <span class='ocrx_word' id='word_1_328' title='bbox 894 4421 1094 4492; x_wconf 83' lang='lat' dir='ltr'>mutuamque</span> <span class='ocrx_word' id='word_1_329' title='bbox 1107 4410 1351 4493; x_wconf 77' lang='lat' dir='ltr'>repugnantiam,</span> <span class='ocrx_word' id='word_1_330' title='bbox 1365 4409 1454 4469; x_wconf 81' lang='lat' dir='ltr'>contra</span> <span class='ocrx_word' id='word_1_331' title='bbox 1461 4395 1513 4500; x_wconf 63' lang='lat' dir='ltr'>illd</span> 
     </span>
     <span class='ocr_line' id='line_1_39' title="bbox 470 4499 1504 4594; baseline -0.008 -21"><span class='ocrx_word' id='word_1_332' title='bbox 470 4507 669 4590; x_wconf 83' lang='lat' dir='ltr'>disputando,</span> <span class='ocrx_word' id='word_1_333' title='bbox 682 4515 837 4594; x_wconf 79' lang='lat' dir='ltr'>perspicue</span> <span class='ocrx_word' id='word_1_334' title='bbox 847 4515 1071 4592; x_wconf 79' lang='lat' dir='ltr'>demonstrent3</span> <span class='ocrx_word' id='word_1_335' title='bbox 1086 4519 1151 4576; x_wconf 92' lang='lat' dir='ltr'>tum</span> <span class='ocrx_word' id='word_1_336' title='bbox 1164 4511 1271 4574; x_wconf 89' lang='lat' dir='ltr'>iisdem</span> <span class='ocrx_word' id='word_1_337' title='bbox 1282 4505 1456 4589; x_wconf 87' lang='lat' dir='ltr'>opinionibus</span> <span class='ocrx_word' id='word_1_338' title='bbox 1466 4499 1504 4576; x_wconf 77' lang='lat' dir='ltr'>ip⁵¹</span> 
     </span>
    </p>
   </div>
   <div class='ocr_carea' id='block_1_3' title="bbox 510 4719 1225 4787">
    <p class='ocr_par' dir='ltr' id='par_1_6' title="bbox 510 4719 1225 4787">
     <span class='ocr_line' id='line_1_40' title="bbox 510 4719 1225 4787; baseline 0.003 -17"><span class='ocrx_word' id='word_1_339' title='bbox 510 4719 544 4783; x_wconf 74' lang='lat' dir='ltr'>(a)</span> <span class='ocrx_word' id='word_1_340' title='bbox 555 4719 590 4771; x_wconf 78' lang='lat' dir='ltr'>le.</span> <span class='ocrx_word' id='word_1_341' title='bbox 600 4733 635 4786; x_wconf 83' lang='lat' dir='ltr'>rr,</span> <span class='ocrx_word' id='word_1_342' title='bbox 647 4727 719 4772; x_wconf 87' lang='lat' dir='ltr'>tu.-</span> <span class='ocrx_word' id='word_1_343' title='bbox 734 4721 771 4787; x_wconf 83' lang='lat' dir='ltr'>(bl</span> <span class='ocrx_word' id='word_1_344' title='bbox 784 4722 874 4776; x_wconf 69' lang='lat' dir='ltr'>Uerria</span> <span class='ocrx_word' id='word_1_345' title='bbox 883 4737 909 4784; x_wconf 86' lang='lat' dir='ltr'>r,</span> <span class='ocrx_word' id='word_1_346' title='bbox 920 4727 959 4774; x_wconf 82' lang='lat' dir='ltr'>ll.</span> <span class='ocrx_word' id='word_1_347' title='bbox 972 4749 1002 4762; x_wconf 89' lang='lat'>-</span> <span class='ocrx_word' id='word_1_348' title='bbox 1017 4723 1050 4784; x_wconf 83' lang='lat' dir='ltr'>lc)</span> <span class='ocrx_word' id='word_1_349' title='bbox 1061 4721 1107 4772; x_wconf 72' lang='lat' dir='ltr'>Ad.</span> <span class='ocrx_word' id='word_1_350' title='bbox 1118 4721 1194 4772; x_wconf 73' lang='lat' dir='ltr'>dom.</span> <span class='ocrx_word' id='word_1_351' title='bbox 1208 4733 1225 4772; x_wconf 88' lang='lat' dir='ltr'>r.</span> 
     </span>
    </p>
   </div>
   <div class='ocr_carea' id='block_1_4' title="bbox 0 0 1812 5675">
    <p class='ocr_par' dir='ltr' id='par_1_7' title="bbox 0 0 1812 5675">
     <span class='ocr_line' id='line_1_41' title="bbox 0 0 1812 5675; baseline 0 0"><span class='ocrx_word' id='word_1_352' title='bbox 0 0 1812 5675; x_wconf 95' lang='lat' dir='ltr'> </span> 
     </span>
    </p>
   </div>
  </div>
 </body>
</html>
