3559 5675
464 746 504 811 oti
862 764 943 815 runs
963 766 1124 817 urrunnun

464 870 672 935 educationem
691 889 746 936 ens
761 874 794 935 in
814 876 923 938 morali
943 874 1049 939 ordine
1064 882 1131 956 apte
1145 872 1322 954 dispositum
1338 869 1375 933 ed
1392 870 1518 933 creatoris

461 971 643 1036 intentiones
665 974 873 1054 perficiendas,
894 982 929 1037 ut
948 976 1080 1038 vidimus
1098 992 1130 1038 n.
1151 976 1220 1037 808.
1244 972 1375 1049 Physica
1387 976 1479 1032 autem
1497 977 1519 1031 et
1570 991 1571 1027 f

461 1074 569 1135 morali
585 1075 717 1136 tiliorum
732 1092 859 1137 suorum
873 1075 1043 1138 educationi
1054 1074 1256 1138 communiter
1268 1062 1437 1135 constanter
1448 1070 1520 1133 edla·
1571 1087 1572 1131 t

461 1175 570 1236 horare
591 1178 734 1253 conjuges
749 1182 918 1255 nequeunt,
939 1178 999 1238 nisi
1021 1184 1194 1239 constanter
1207 1175 1282 1237 alter
1301 1191 1370 1235 cum
1386 1173 1521 1233 alteroco·
1572 1185 1573 1223 t

462 1273 608 1337 habitent.
624 1278 702 1353 Ergo
719 1277 815 1357 pactio
824 1293 886 1353 qna
900 1279 1045 1356 conjuges
1059 1277 1288 1337 matrimonium
1311 1276 1427 1350 incunt,
1441 1272 1522 1349 giguit
1573 1281 1574 1297 ¹

463 1374 553 1437 etiam
568 1376 600 1435 in
615 1374 677 1436 illis
689 1374 904 1453 obligationem
918 1378 948 1437 in
964 1376 1068 1439 eadem
1089 1376 1178 1437 domo
1197 1372 1384 1436 convivendi.
1398 1372 1470 1448 Ergo
1486 1386 1522 1431 so
1574 1377 1575 1401 ι

463 1474 554 1535 cietas
565 1476 734 1554 conjugalis
748 1480 854 1557 suapte
868 1482 978 1537 natura
993 1483 1037 1537 est
1047 1477 1170 1537 societas
1183 1473 1355 1536 domestica.

501 1576 601 1649 Quare
614 1576 726 1637 lactum
740 1576 815 1637 illud
831 1574 1035 1638 associationis
1050 1575 1218 1654 conjugalis
1240 1574 1372 1655 applicat
1393 1569 1490 1633 sociali
1501 1576 1522 1629 et

462 1678 608 1737 constanti
628 1677 718 1737 modo
733 1677 913 1754 conjugibus
927 1676 1025 1738 cilicia
1042 1682 1072 1737 et
1088 1680 1160 1755 jura
1177 1674 1325 1737 societatis
1340 1671 1521 1745 uniuersalis3

461 1775 541 1853 quod
557 1774 622 1837 lieri
636 1776 767 1837 vidimus
782 1778 813 1838 in
828 1778 967 1839 societate
980 1778 1088 1855 quavis
1098 1776 1259 1838 domestica
1274 1774 1375 1854 (790).
1391 1772 1523 1835 Nimirum

462 1876 539 1938 bona
558 1876 739 1953 materialia,
760 1876 840 1939 bono
855 1878 983 1939 moralia
1003 1883 1249 1956 stultorumque
1267 1876 1421 1955 reciproca
1435 1870 1523 1947 tutela,

464 1976 620 2055 snutsnris
638 1975 796 2055 naturalis,
816 1979 954 2057 quamvis
973 1978 1184 2053 secundarius,
1203 1976 1375 2056 conjugalis
1396 1976 1525 2052 conjunc-

465 2078 567 2138 tionis.
589 2079 664 2152 Quae
687 2078 744 2139 tria
764 2078 844 2139 bona
860 2085 933 2139 sunt
950 2078 1038 2157 plane
1057 2078 1127 2139 linis
1149 2078 1297 2139 societatis
1319 2078 1523 2154 cujuscunque.

465 2178 514 2248 At,
528 2178 673 2257 quoniam
688 2178 916 2239 matrimonium
928 2183 973 2239 est
986 2176 1075 2240 modo
1088 2178 1305 2259 specialissimo
1319 2178 1443 2239 societas
1456 2177 1526 2234 natu·

465 2276 557 2352 ralis,
582 2277 691 2340 idcirco
721 2280 810 2340 etiam
835 2280 925 2341 modo
948 2280 1165 2361 specialissimo
1188 2280 1233 2341 illi
1256 2280 1413 2353 conuenit,
1446 2282 1477 2336 ut
1497 2272 1524 2333 ad

466 2377 614 2456 triplicem
627 2378 710 2439 illam
725 2378 874 2441 bonorum
889 2381 1020 2459 speciem
1037 2380 1148 2442 tendat.

504 2478 598 2540 l‘non.
614 2482 646 2539 ι’
658 2494 741 2541 rans.
756 2512 792 2525 -
802 2480 886 2540 Finis
896 2480 1063 2559 conjugalis
1075 2478 1279 2542 associationis
1290 2478 1432 2558 proprius
1443 2479 1527 2549 est,er

467 2582 583 2637 nature
599 2578 714 2656 ordine,
730 2579 952 2641 remotissimus
969 2598 986 2641 a
1007 2580 1127 2661 propria
1152 2580 1302 2657 cujusque
1323 2576 1461 2655 conjugis
1479 2572 1528 2633 uti·

465 2676 549 2738 litate
574 2692 582 2736 ε
604 2682 650 2737 εει
673 2678 755 2739 enim
775 2677 906 2740 duorum
925 2677 1151 2741 individuorum
1176 2680 1253 2740 iuter
1268 2696 1301 2740 se
1321 2678 1448 2739 antehac
1461 2672 1529 2735 inde·

466 2776 663 2858 pendentium
684 2779 864 2860 conspiratio
885 2779 922 2840 ad
937 2778 1121 2842 existentiam
1137 2778 1206 2841 aliis
1228 2776 1393 2840 individuis
1413 2775 1529 2837 tribuen-

465 2873 555 2953 dam,
579 2894 706 2956 eamque
733 2881 765 2938 in
789 2879 852 2941 illis
881 2887 910 2940 et
934 2879 1167 2942 conservandam
1191 2885 1219 2940 ct
1242 2877 1455 2958 perficiendam
1479 2873 1530 2934 suis

467 2981 496 3038 ct
509 2977 609 3039 labore
621 2985 651 3039 ot
664 2981 800 3060 pecunia.
814 2980 903 3058 dtqni
918 2957 986 3040 talt‘s
998 2979 1176 3059 conspiratio
1191 2979 1395 3058 prrcsupponit
1407 2977 1530 3037 intimam

465 3081 631 3156 conjugum
660 3079 908 3141 consuetudinem
931 3080 1107 3158 equalitatis
1131 3085 1160 3140 ει
1186 3079 1326 3139 amicitim
1353 3077 1438 3155 (802,
1460 3071 1529 3145 808),

466 3180 496 3236 ει
519 3177 553 3237 ad
586 3177 663 3240 hanc
694 3179 857 3240 amicitiam
887 3179 1044 3241 arctiorem
1068 3195 1186 3257 semper
1214 3175 1405 3239 eliciendam
1437 3171 1528 3235 tendit.

467 3277 544 3352 Ergo
559 3276 655 3354 (791),
671 3283 726 3338 etc.

509 3375 578 3433 812.
597 3373 731 3438 Conoun.
752 3408 793 3422 -
819 3377 972 3450 Quoniam
991 3379 1220 3440 matrimonium
1241 3383 1285 3438 est
1309 3375 1404 3437 simul
1424 3373 1532 3436 societis

469 3472 631 3535 domestica
649 3481 679 3535 ει
695 3473 840 3552 amicalis,
857 3477 995 3538 intimam
1020 3495 1090 3554 ergo
1113 3485 1141 3538 et
1160 3475 1322 3539 affectuum
1342 3483 1371 3537 et
1396 3475 1531 3536 bonorum

471 3574 658 3635 intercoelos
679 3577 923 3638 communionem
950 3580 1064 3654 statuit,
1085 3576 1217 3656 adeoque
1236 3583 1280 3638 est
1300 3577 1427 3640 societas
1449 3569 1531 3636 nude·

470 3691 588 3752 quaque
601 3673 755 3755 completo.
773 3677 916 3756 Quinque
930 3679 1022 3756 igitur
1041 3679 1187 3739 societatis
1201 3676 1369 3754 conjugalis
1387 3672 1533 3754 qualitates

471 3774 645 3835 essentiales
658 3777 723 3852 jam
744 3775 903 3857 habemus,
926 3795 994 3856 qum
1016 3794 1121 3840 omnes
1139 3783 1168 3838 et
1182 3775 1310 3854 singulm
1327 3783 1399 3836 sunt
1415 3772 1533 3834 marimo

471 3871 694 3934 considerandas
718 3875 757 3936 ob
783 3892 887 3952 graves
912 3877 1136 3954 conclusiones,
1164 3893 1231 3954 quar
1255 3875 1325 3936 inde
1354 3873 1533 3935 educuntur:

471 3972 583 4034 scilicet
602 3977 829 4037 matrimonium
850 3983 894 4038 est
922 3977 1045 4038 societas
1074 3975 1264 4052 noluntaria,
1288 3973 1411 4034 lomoni
1432 3965 1535 4054 perierit

466 4074 676 4153 propopotric,
689 4076 844 4155 completo,
857 4073 990 4135 amiculis
1003 4081 1032 4136 ct
1044 4091 1138 4134 cocro.

513 4173 580 4234 tam
594 4191 628 4234 er
650 4171 699 4234 his
713 4173 910 4252 qualitatibus
925 4191 993 4252 quae
1012 4171 1197 4234 matrimonii
1212 4179 1351 4233 naturam
1371 4169 1535 4251 explicitius

475 4272 648 4348 ostendunt,
662 4273 828 4354 precipuas
849 4272 930 4351 leges
946 4273 1058 4352 quibus
1079 4271 1154 4332 illud
1171 4271 1232 4348 regi
1248 4269 1348 4347 debut,
1363 4271 1446 4331 lacilc
1463 4265 1535 4328 deri·

476 4369 614 4432 nubimus
632 4389 640 4432 :
658 4389 732 4450 quas
752 4372 834 4450 leges
850 4373 1015 4453 praecipuas
1033 4371 1069 4434 ad
1093 4373 1228 4452 quinque
1252 4371 1536 4445 concedimusque

476 4478 548 4533 sunt
562 4492 569 4532 ι
583 4469 702 4532 libertos
716 4473 815 4534 inille
834 4473 977 4552 ineundo,
993 4489 1189 4553 personarum
1202 4469 1349 4553 aptitudo,
1363 4463 1536 4550 monopumin

477 4572 676 4648 simultanea,
700 4571 795 4632 citrum
814 4569 976 4632 domimum
999 4573 1209 4648 domesticum,
1230 4569 1481 4632 indissolubilttos.
1502 4567 1536 4624 lle

478 4678 606 4752 quatuor
625 4672 776 4753 prioribus
796 4672 925 4734 breviter
948 4675 979 4734 in
996 4675 1033 4734 lll
1050 4672 1190 4746 articulo,
1213 4671 1249 4732 de
1266 4679 1425 4752 postrema,
1444 4679 1536 4746 quau

478 4771 633 4833 nonnullis
646 4773 677 4832 in
690 4771 818 4833 dubium
830 4779 962 4848 uocatur,
978 4773 1008 4834 in
1024 4772 1059 4835 tt·
1072 4771 1198 4834 articulo
1210 4769 1402 4832 disseremus.
