3559 5675
428 741 487 804 tas
836 765 916 810 rrnrs
937 765 1098 810 naruunars

426 865 533 928 notate
545 870 633 945 gerit.
649 872 752 945 Quum
770 872 853 932 enim
873 869 1006 948 aliquem
1023 885 1123 931 aurare
1142 871 1182 930 sit
1197 873 1266 948 ejus
1287 869 1406 933 bonurn
1421 874 1511 952 velle,

426 965 542 1028 bonum
554 985 687 1046 personae
704 971 909 1030 auctoritatem
919 971 1049 1046 gerentis
1062 969 1122 1029 duo
1136 971 1355 1048 complectitur,
1382 977 1511 1034 auctori·

426 1066 495 1124 tatis
515 1082 624 1148 nempe
639 1072 894 1130 conservationem
916 1077 946 1131 et
969 1069 1107 1146 ejusdem
1121 1071 1346 1150 perfectionem.
1368 1073 1513 1136 lamvero

428 1165 471 1238 to,
488 1165 569 1243 quod
588 1167 625 1227 ad
638 1169 820 1228 auctoritatis
840 1170 1095 1230 conservationem
1112 1175 1234 1248 spectat,
1247 1171 1396 1247 quoniam
1411 1181 1514 1234 aucto·

426 1263 499 1324 ritas
513 1265 545 1324 in
556 1265 608 1326 tali
622 1283 745 1346 persona
754 1275 890 1330 concrete
906 1268 1034 1358 existens
1045 1273 1090 1328 est
1099 1269 1298 1348 compositum
1308 1269 1467 1346 quoddam
1479 1289 1515 1332 er

425 1362 550 1444 physica
563 1383 687 1445 persona
703 1374 732 1428 et
741 1385 778 1429 ex
792 1367 897 1430 morali
911 1374 1062 1448 potestate,
1076 1367 1153 1428 nelle
1166 1368 1281 1429 bonum
1292 1385 1429 1447 personae
1444 1387 1516 1432 auc

427 1466 576 1526 toritatem
598 1469 730 1542 gerentis
743 1474 788 1530 est
802 1469 878 1529 velle
892 1475 927 1530 ut
936 1485 972 1529 ea
981 1485 1109 1548 persona
1119 1469 1210 1544 rivet,
1224 1474 1315 1548 atque
1328 1477 1365 1529 ut
1379 1473 1517 1532 auctori·

428 1565 497 1626 tatis
515 1583 577 1628 sure
601 1569 820 1648 possessionem
833 1569 968 1630 retineat.
984 1569 1059 1628 ilinc
1073 1584 1143 1628 reru
1157 1565 1292 1627 officium
1310 1577 1453 1630 mucrete
1466 1569 1517 1629 di·

427 1667 554 1725 versum
571 1667 603 1726 in
623 1667 747 1727 dirersis
766 1667 878 1746 politici
902 1667 1057 1740 regirarinis
1075 1667 1179 1726 lormis
1201 1667 1365 1726 enascitur.
1383 1671 1463 1728 Nam
1486 1669 1517 1726 in

428 1764 600 1826 monarchia
625 1766 748 1826 electiva
777 1783 862 1824 arnor
883 1765 934 1825 ille
966 1765 1107 1844 principis
1134 1763 1260 1824 debetur
1289 1767 1452 1826 individuo
1472 1785 1519 1826 re·

428 1865 547 1940 guanti3
566 1865 597 1924 in
609 1866 783 1926 monarchia
796 1865 987 1938 hereditaria,
997 1865 1134 1941 regnanti
1146 1864 1267 1924 familiar
1281 1883 1336 1925 seu
1346 1865 1499 1942 dynastia
1506 1891 1516 1942 3

430 1963 461 2022 in
479 1962 664 2040 polyarchia,
677 1963 815 2044 pluribus
830 1963 891 2025 illis
902 1964 950 2024 vel
965 1965 1099 2043 personis
1111 1963 1159 2023 rel
1171 1963 1296 2024 familiis
1309 1965 1359 2025 rel
1373 1965 1519 2040 emlinus,

429 2061 587 2137 inquibus
611 2079 751 2141 suprema
774 2063 931 2124 auctoritas
945 2063 1066 2123 residet.
1079 2065 1185 2140 ltaque
1199 2064 1303 2140 patria
1313 2081 1402 2124 aanor
1416 2082 1521 2124 essen·

428 2158 539 2222 tialiter
552 2161 679 2222 includit
692 2161 824 2222 officinm
838 2162 1022 2224 auctoritatis
1044 2161 1255 2223 conservandae
1280 2163 1312 2222 iu
1333 2163 1518 2240 individuis

429 2257 467 2318 ad
484 2259 620 2336 quasilla
637 2263 707 2339 jure
730 2263 867 2342 pertinet.
883 2261 970 2336 Quod
984 2260 1108 2339 quidem
1134 2277 1196 2321 non
1224 2260 1326 2321 solum
1344 2261 1468 2322 ordinis
1493 2269 1522 2322 et

425 2359 551 2434 ⁴iustitia
566 2361 689 2436 ler‚sed
703 2361 928 2440 publicandam
951 2360 1064 2421 utilitas
1075 2360 1200 2420 omnino
1215 2360 1379 2440 postulant.
1393 2361 1520 2421 Stabili-

430 2463 478 2520 tas
489 2465 627 2539 'namquo
639 2460 723 2522 illius
742 2461 794 2538 qui
812 2477 875 2522 rem
890 2459 1044 2539 publicam
1055 2461 1144 2538 gerit,
1162 2460 1201 2519 ad
1224 2459 1384 2539 publicum
1400 2461 1520 2521 honum

433 2576 557 2640 prorsus
569 2560 738 2623 necessaria
748 2565 803 2620 est.

472 2661 505 2718 2·
521 2656 609 2731 Quod
620 2673 689 2718 vero
705 2659 832 2737 pertinet
843 2657 877 2718 ad
891 2658 1100 2736 perlectionem
1118 2657 1259 2737 principis
1280 2658 1521 2736 procurandam,

433 2755 574 2839 perfectio
590 2759 737 2835 cujusque
749 2757 826 2818 entis
840 2758 975 2818 consistit
992 2757 1025 2816 in
1038 2773 1073 2817 eo
1097 2755 1156 2816 tine
1173 2757 1337 2817 obtinendo
1358 2757 1398 2816 ad
1425 2774 1520 2835 quern

434 2859 509 2921 illud
524 2858 686 2921 aCreatore
701 2858 883 2918 destinatum
898 2864 952 2918 est.
973 2858 1037 2918 lam
1054 2857 1123 2917 sinis
1137 2856 1231 2933 hujns
1244 2858 1323 2917 entis
1337 2874 1374 2918 ea
1393 2856 1522 2919 homine

435 2965 464 3021 et
483 2976 519 3021 ex
544 2974 685 3037 suprema
707 2958 880 3019 auctoritate
893 2957 1048 3035 compositi
1063 2955 1177 3035 duplex
1191 2972 1256 3017 esse
1270 2955 1371 3035 dehet,
1387 2955 1469 3017 alter
1484 2958 1521 3017 ad

434 3059 601 3129 hominem,
616 3058 738 3119 altered
752 3059 954 3117 auctoritatem
966 3063 1113 3135 spectans.
1132 3058 1209 3132 Ergo
1223 3054 1337 3115 subditi
1350 3071 1461 3117 omnes
1472 3057 1522 3117 de·

435 3158 507 3220 bant
521 3159 676 3219 efficaciter
690 3162 803 3235 optare,
815 3158 844 3216 l.
860 3162 894 3214 nt
909 3172 1034 3235 persona
1047 3171 1220 3234 supremam
1234 3154 1448 3215 auctoritatem
1468 3174 1520 3234 ge·

435 3256 930 3332 rensetBonumlnhniturn,quod
941 3254 1521 3334 estlinishominis,ethonafinita,qua

437 3364 508 3421 sunt
523 3358 621 3419 media
635 3356 671 3417 ed
686 3356 841 3415 lutinitum
857 3354 1065 3431 obtinendum,
1079 3361 1258 3431 assequatur
1264 3372 1273 3431 ;
1290 3357 1320 3413 2.
1335 3360 1453 3434 atejus
1473 3376 1521 3416 sn·

437 3474 542 3541 prema
553 3456 711 3517 auctoritas
729 3454 898 3513 societatem
909 3454 947 3513 ab
961 3471 996 3513 eo
1014 3452 1211 3529 gubernatam
1223 3453 1341 3512 leliccnr
1356 3453 1388 3513 in
1404 3463 1522 3534 tempa-

439 3560 496 3621 rali
509 3556 613 3617 ordine
628 3553 734 3613 eihciat
742 3567 753 3628 ;
775 3552 811 3611 ad
827 3551 908 3613 hunc
924 3552 1006 3612 enim
1020 3552 1111 3612 linem
1125 3551 1247 3630 publica
1259 3556 1425 3614 auctoritas
1440 3558 1523 3615 ordi·

439 3666 510 3718 nata
527 3662 588 3730 est3
610 3660 700 3731 atque
722 3650 811 3711 ulad
833 3651 916 3710 hunc
938 3652 1030 3711 tinem
1053 3668 1106 3729 per
1129 3653 1193 3712 rias
1220 3652 1337 3712 ordinis
1351 3660 1380 3713 et
1396 3656 1522 3731 justitia

440 3758 618 3841 perveniat:
645 3754 743 3815 ordini
768 3756 878 3835 quippe
900 3770 934 3814 ac
947 3754 1071 3831 justitie
1091 3754 1228 3815 humana
1249 3756 1367 3830 quasvis
1395 3756 1522 3819 [elicitas

440 3854 635 3917 essentialiter
648 3858 693 3917 est
705 3852 908 3913 srrhordinata.
1375 3858 1381 3866 ·

481 3932 615 4017 Conona.
632 3954 660 4015 5.
688 3985 726 3997 -
748 3954 820 4025 Quae
843 3951 880 4010 de
902 3966 1027 4030 persona
1049 3952 1194 4031 principis
1212 3950 1373 4032 efficaciter
1396 3958 1523 4017 amanda

439 4036 583 4128 diximus,
597 4052 700 4113 eadem
713 4050 750 4109 ad
765 4066 907 4129 personas
920 4052 1091 4110 auctoritate
1105 4051 1208 4127 aliqrra
1230 4052 1372 4112 interiore
1395 4056 1524 4117 instruc-

439 4164 495 4229 tas,
516 4158 546 4213 et
569 4150 606 4211 ad
629 4150 707 4229 ipsas
729 4164 850 4224 quoque
868 4164 1016 4228 ,personas
1038 4147 1225 4209 srrbditorum
1255 4154 1471 4226 quorumlihet
1494 4173 1524 4215 er

439 4267 525 4329 aequa
547 4234 735 4327 proportione
756 4245 932 4324 applicanda
954 4252 1034 4306 sunt.
1059 4248 1212 4308 Sociorum
1237 4252 1319 4308 enirn
1346 4257 1525 4328 qnornmris

439 4348 553 4411 honum
566 4345 641 4405 velle
656 4347 711 4405 erit
723 4344 799 4403 velle
813 4351 842 4404 et
852 4346 965 4405 bonurn
977 4344 1052 4404 illud
1063 4347 1143 4423 quod
1158 4349 1241 4407 oanni
1254 4348 1374 4410 horarini
1386 4352 1524 4428 debetur,

437 4453 467 4509 st
476 4444 615 4524 peculiari
634 4442 722 4503 modo
736 4444 813 4503 illud
828 4442 942 4503 bonum
955 4460 1016 4521 quo
1029 4443 1220 4506 individuum
1234 4453 1380 4526 quodque
1400 4458 1525 4516 associa·

442 4554 508 4608 tum
521 4550 596 4621 eget.
609 4544 754 4604 Posterior
763 4542 811 4603 hic
819 4560 902 4603 arnor
914 4543 1056 4622 appellari
1068 4564 1151 4605 amor
1163 4546 1270 4607 ciuicas
1285 4558 1407 4629 potest„
1417 4558 1526 4635 quippe

444 4644 501 4727 qui
523 4642 663 4705 tundatur
682 4642 715 4704 in
737 4640 880 4703 relatione
901 4642 1007 4717 civica,
1028 4643 1176 4706 nimirum
1200 4646 1232 4707 in
1253 4666 1291 4709 eo
1312 4650 1454 4733 vinculo,
1469 4670 1528 4734 quo

447 4740 536 4825 pluro
559 4738 715 4805 individue
737 4736 910 4817 obligantur
929 4738 966 4803 ad
989 4742 1209 4807 convivendum
1223 4746 1257 4808 in
1276 4746 1387 4814 eadem
1409 4750 1528 4834 publia
