3559 5675
496 767 553 829 {titt
904 782 982 831 tuus
1004 780 1163 829 usitatus

492 890 675 965 ducerejam
693 888 864 967 superiuse
884 889 970 950 uehis
984 890 1194 951 confirmatum
1216 898 1259 951 est
1281 890 1380 968 (tate,
1394 892 1482 954 caroli.
1501 898 1529 971 l).

493 990 611 1054 liunim
640 990 739 1049 statim
762 1005 796 1050 ac
824 990 1048 1071 scripturarum
1071 989 1174 1052 diuina
1199 990 1352 1071 inspiratio
1372 999 1399 1051 et
1421 996 1531 1055 serietas

492 1088 702 1179 ifflripturis
719 1092 865 1149 tentante
882 1090 1098 1169 permittuntur
1113 1090 1354 1169 uniuscujusque
1368 1094 1464 1155 rationi
1476 1094 1533 1155 iudi

492 1188 604 1251 ctdnsu
615 1196 646 1251 et
660 1188 776 1269 judicie
792 1190 908 1271 privato
922 1188 1110 1267 definienda,
1123 1188 1267 1251 emerem
1279 1194 1343 1269 jam
1361 1198 1390 1253 et
1407 1192 1533 1254 inchoata

490 1290 714 1353 radonalismus
735 1288 859 1367 quidam
877 1288 934 1351 hoe
957 1290 1021 1369 ipso
1044 1290 1189 1351 inseritur
1209 1292 1283 1371 qui,
1304 1290 1418 1353 labente
1431 1298 1533 1373 tempere

490 1400 580 1472 atque
602 1396 729 1469 argema
753 1391 970 1471 principiorum
993 1392 1021 1453 vi
1052 1392 1167 1469 logica,
1197 1394 1231 1453 in
1256 1392 1423 1470 generalem
1442 1394 1534 1471 mplici-

487 1496 614 1570 tumque
637 1490 879 1551 retieualismum
900 1492 1067 1552 necessarie
1084 1491 1201 1553 desinet
1222 1492 1279 1563 ite,
1303 1500 1338 1552 ut
1358 1492 1429 1553 nihil
1444 1495 1496 1570 jem
1508 1494 1533 1553 de

487 1591 597 1653 lihliea
607 1590 743 1652 doctrine
756 1588 895 1652 credatur
908 1590 989 1671 qued
1000 1590 1147 1651 naturalis
1159 1592 1284 1653 rationis
1299 1598 1416 1671 captum
1429 1594 1532 1658 mandet,

486 1701 516 1756 st
529 1708 716 1771 quecunque
734 1690 899 1755 ereduntur
916 1690 1051 1752 humana
1069 1696 1186 1753 hatum
1199 1692 1391 1770 naturalique
1409 1692 1461 1753 lide
1476 1692 1533 1753 erci-

486 1794 619 1875 piantur.
631 1796 795 1855 Possumus
809 1794 914 1872 utique
930 1792 1159 1875 psychelegicle,
1176 1794 1288 1872 quihus
1308 1795 1418 1872 regitur
1430 1794 1533 1853 humana

487 1898 603 1965 nature,
613 1892 737 1969 ‘legibus
751 1892 929 1971 aliquandiu
945 1894 1081 1954 resistere
1089 1916 1098 1971 ;
1119 1908 1280 1973 pmsumus
1293 1910 1406 1955 emeres
1416 1902 1534 1955 censete·

485 1994 558 2070 rios,
576 2008 653 2070 ques
671 1992 814 2073 principle
826 2006 850 2053 a‘
862 1992 949 2055 nohis
963 1994 1059 2073 posita
1077 1992 1196 2072 panem
1209 1996 1389 2069 necessarie,
1407 1994 1533 2055 nobiscum

484 2090 541 2171 ipsi
564 2098 735 2173 pugnantes
759 2091 940 2171 aliquandiu
964 2104 1117 2174 respuere.
1138 2092 1185 2169 lt,
1214 2092 1344 2155 haeretiei
1370 2092 1469 2154 luroris
1480 2098 1532 2152 esu

484 2192 628 2271 paulatim
647 2191 970 2271 adnumerataque
989 2192 1083 2254 animi
1100 2192 1263 2272 paululum
1283 2194 1417 2255 emollita
1435 2194 1532 2273 pertina-

485 2294 543 2368 cia,
562 2292 643 2353 unde
662 2292 776 2354 caecitas
794 2290 848 2353 illa
866 2294 978 2353 mentis
1000 2299 1032 2354 et
1054 2292 1170 2354 insania
1189 2294 1344 2367 criuntur,
1365 2294 1486 2375 plerique
1501 2289 1531 2349 ul

484 2391 562 2453 ialsa
574 2390 626 2453 illa
641 2392 787 2473 principia
801 2391 926 2453 tandem
939 2392 1153 2473 repudiabunt,
1172 2390 1219 2453 tel
1233 2400 1357 2455 caeteros
1371 2408 1489 2471 quosque
1499 2406 1530 2449 er·

484 2508 577 2571 rores,
591 2492 630 2553 ah
645 2494 682 2553 iis
692 2492 847 2572 principiis
863 2500 969 2573 mente
983 2506 1040 2553 sua
1052 2492 1254 2570 dimanantes,
1272 2510 1361 2572 aequo
1373 2494 1464 2553 animo
1477 2490 1530 2550 erci-

485 2594 579 2675 piaut.
601 2594 689 2669 Ergo,
713 2593 766 2670 qui
786 2592 916 2654 liberum
935 2592 1157 2672 seripturarum
1171 2606 1299 2655 examen
1323 2590 1529 2675 protestantium

484 2692 658 2767 admittunt,
674 2690 756 2769 qued
774 2702 829 2773 per
849 2708 881 2753 se
891 2694 957 2771 jam
975 2696 1032 2769 cst,
1047 2698 1082 2752 ut
1097 2708 1191 2771 snpra
1207 2692 1361 2765 vidimus,
1378 2690 1496 2753 radicalis
1511 2692 1529 2746 ct

484 2792 642 2857 inchoatus
665 2792 901 2872 rationalium,
918 2792 955 2854 ad
976 2791 1198 2872 explicitumst
1211 2794 1385 2871 generalem
1402 2788 1529 2853 retonde

485 2910 571 2956 mum
585 2893 681 2967 hrevl,
696 2892 804 2954 saltem
813 2891 960 2972 plerique,
974 2891 1143 2954 devenient.

521 2993 563 3054 st
574 3007 656 3065 vern,
666 2987 813 3068 quamdin
822 3004 896 3050 sana
905 2995 1006 3050 mente
1020 3005 1139 3060 minus.
1153 2987 1232 3050 nihil
1242 3005 1403 3070 pessumus
1414 2995 1529 3065 amquam

483 3106 588 3153 rerum
602 3088 771 3166 admittere,
786 3088 868 3168 qued
883 3103 945 3150 uon
965 3087 1122 3151 rideamus
1142 3087 1365 3152 sufficientibus
1381 3085 1528 3166 argumentis

481 3191 717 3274 comprohatum.
729 3191 830 3270 atqui,
848 3190 946 3269 posito
957 3187 1050 3252 libero
1065 3189 1430 3271 examineprntestautico,
1440 3187 1526 3249 utillum

483 3297 574 3354 restat
588 3294 800 3367 argumentum
812 3288 1037 3368 sufficiensque
1052 3292 1272 3370 Scripturenrm
1282 3291 1445 3362 authentia,
1457 3285 1527 3348 dirim

484 3392 642 3471 inspiratio·
658 3396 688 3450 et
707 3403 796 3450 verus
817 3405 926 3451 sensus
940 3394 1020 3451 certo
1034 3397 1261 3468 cognoscantur.
1285 3389 1526 3468 tergeminum

483 3506 577 3552 sanus
591 3496 648 3566 est,
664 3495 692 3550 et
706 3489 838 3550 liberum
850 3489 928 3550 illud
943 3505 1070 3552 examen
1084 3489 1143 3550 sihi
1157 3496 1287 3566 arrogat,
1305 3489 1434 3552 divinam
1444 3483 1525 3560 Billis

482 3605 552 3652 rum
564 3590 801 3670 inspirationem,
814 3590 956 3667 mysteria
969 3589 1115 3650 divinitus
1124 3589 1265 3667 revelata,
1278 3581 1525 3668 quacunquedeni-

483 3707 543 3770 que
563 3692 595 3752 in
607 3690 769 3770 seripturis
783 3690 859 3750 ratio
873 3687 1020 3750 naturalis
1036 3705 1097 3751 uon
1109 3690 1182 3750 satis
1202 3689 1355 3766 intelligit,
1373 3690 1460 3749 serius
1470 3681 1525 3742 miti

482 3768 594 3869 ieJiciet
608 3787 776 3850 necemrle
786 3792 817 3848 st
829 3786 969 3866 explodet
983 3789 1098 3864 omnia,
1112 3789 1261 3850 nimirum
1274 3787 1406 3866 generali
1418 3803 1447 3846 se
1459 3787 1522 3843 tolus

481 3901 510 3952 et
526 3889 665 3952 absolute
678 3885 888 3950 redenalismn
900 3885 997 3948 dedet.

521 3991 612 4068 iliqui
625 3987 850 4049 rationalismus
863 3991 908 4048 est
922 3983 1086 4064 evidenter,
1109 3981 1342 4065 protestantibus
1355 3983 1425 4064 ipsis
1439 3971 1521 4042 utini·
1562 4007 1563 4031 t

479 4093 550 4168 hus,
562 4089 777 4154 christianismi
792 4087 884 4149 tetius
898 4087 1023 4149 eversio.
1040 4087 1129 4164 argo,
1144 4093 1199 4149 ete.

522 4197 556 4253 2·
576 4187 826 4252 christianismus
847 4192 893 4247 est
911 4185 1048 4248 doctrine
1060 4191 1152 4262 certa,
1175 4185 1299 4249 delinita
1312 4193 1342 4248 et
1355 4173 1520 4246 immeabilis·
1560 4177 1561 4233 l

481 4297 533 4356 Est
553 4293 636 4353 enim
652 4288 824 4351 doetrinae
846 4285 968 4349 christe
984 4285 1111 4348 Domino
1133 4285 1285 4365 apostolis
1307 4287 1370 4349 suis
1381 4273 1520 4362 jempdas

479 4393 597 4454 tradita.
611 4391 681 4452 lam
694 4389 834 4451 laturum
846 4387 1068 4470 potestatique
1087 4385 1266 4448 adhueesse
1287 4380 1519 4474 radamantus?
1558 4365 1559 4433 l

480 4501 511 4552 at
524 4507 579 4553 esc
590 4503 724 4569 presens
741 4502 798 4548 nee
816 4487 1003 4566 preteritum
1017 4489 1147 4564 possum
1164 4499 1230 4546 esse
1253 4475 1517 4546 indesinentium
1557 4483 1558 4535 l

478 4592 602 4675 ,ncipiti
622 4589 758 4650 semri:
774 4601 847 4648 nam
860 4585 1010 4665 quidquid
1029 4593 1094 4658 est,
1115 4585 1309 4647 detminata
1325 4591 1378 4646 est.
1394 4561 1516 4654 quoillud
1556 4587 1557 4635 l

478 4690 677 4772 priucipium,
696 4703 758 4766 quc
781 4687 842 4750 tcta
858 4685 1024 4750 ehristiana
1037 4685 1186 4762 tuamne,
1204 4688 1363 4766 omnisque
1382 4679 1514 4751 fluuspem
1555 4673 1556 4733 l

478 4794 511 4851 in
523 4789 653 4849 dulium
664 4789 737 4848 etin
750 4787 950 4864 quandonam
963 4791 1121 4860 secantur,
1138 4791 1169 4846 et
1178 4787 1332 4864 perpetuis
1344 4767 1514 4843 mummuli*
1554 4791 1555 4833 l

1553 4885 1554 4933 l

1552 4993 1553 5037 t
