3559 5675
564 734 681 782 annua..
701 752 737 770 -
760 736 844 783 areta
865 734 1038 783 iuuentam.
1279 717 1339 782 titi

314 844 398 905 Paua.
414 872 449 891 -
464 842 506 902 ila
516 856 581 921 poa.
593 842 761 920 615¹,uue
774 838 938 919 originaria
951 844 1094 905 omnium·
1103 848 1134 903 et
1146 841 1337 918 singularum

278 944 421 1005 nationum
440 942 674 1003 musmiatarum
692 928 858 1018 equalitate
883 943 1007 1011 nititur,
1035 957 1141 1003 omuea
1160 946 1191 1003 at
1211 942 1340 1019 singulo

276 1040 504 1118 gnatam-quibua
522 1040 697 1105 ethuarebia
714 1042 916 1119 componitur,
930 1056 1016 1117 mque
1030 1042 1103 1117 jura
1120 1040 1230 1101 dabam
1241 1040 1277 1100 ael
1292 1039 1340 1101 le-

276 1156 322 1217 gar
337 1140 540 1200 etbuaaahioaa
555 1139 693 1209 ferundae
710 1139 849 1207 andedam
863 1159 869 1199 :
885 1139 973 1206 debet
985 1140 1134 1199 nimirum
1145 1140 1224 1199 inter
1236 1140 1340 1201 emnia

276 1246 301 1299 et
316 1238 432 1314 ringula
450 1236 646 1299 ethnambiuu
671 1240 817 1301 aoeiatatia
843 1239 978 1299 membra
995 1240 1114 1317 jurium
1133 1237 1340 1316 aequilibrium

276 1344 435 1400 onustantur
444 1342 536 1415 atque
548 1339 582 1397 in
596 1338 725 1400 omni-ra
738 1338 975 1415 samaritum,
987 1340 1046 1398 nial
1056 1338 1176 1416 larium
1186 1337 1343 1415 aequaliter

277 1432 569 1509 mandiburnium
594 1431 798 1493 materialium
818 1431 982 1506 iulolatar,
1007 1446 1200 1507 nequaqam
1220 1428 1340 1509 jurium

276 1527 468 1605 mundibrium
485 1527 538 1593 diu
558 1528 671 1591 servari
691 1528 808 1605 putarit.
830 1530 873 1589 ita
892 1544 1001 1607 nempe
1019 1526 1158 1589 bumana
1174 1532 1283 1590 natura
1297 1536 1344 1588 aat

275 1633 448 1705 rumpenti,
462 1632 498 1689 ut
511 1626 660 1693 infirmior
679 1628 709 1689 in
726 1644 759 1689 re
773 1628 853 1706 ipaa,
868 1628 968 1689 annua
985 1627 1068 1697 ouiua
1076 1648 1087 1701 ,
1100 1626 1260 1705 potentiori
1272 1626 1345 1687 aub-

275 1724 364 1787 datur.
384 1726 463 1803 Ergo
481 1724 665 1791 ethnarabia
680 1718 884 1801 mambra'ita,
897 1725 1038 1804 pluribus
1056 1724 1275 1793 infirmioribua
1287 1730 1352 1802 po-·‘

274 1824 347 1903 pana
365 1831 473 1889 mutuo
491 1824 603 1889 ludera
623 1824 767 1903 praeliari
791 1826 878 1895 virae,
902 1841 974 1889 auaa
994 1824 1165 1891 mauriatae
1191 1823 1225 1886 iu
1246 1838 1345 1885 unum

275 1924 500 1997 miserentibus,
516 1929 587 1989 aunt
600 1924 820 1997 mnatituenda,
833 1930 869 1989 ut
882 1924 1002 2003 jurium
1018 1922 1057 1985 ad
1072 1936 1179 1987 emnaa
1195 1928 1226 1985 et
1239 1924 1346 1999 aincu-

276 2024 316 2087 laa
330 2026 463 2087 minnan
480 2024 577 2087 aoniaa
589 2026 806 2103 pertinentium
823 2025 1029 2103 equilibrium
1045 2025 1109 2106 pari
1127 2026 1220 2087 etiam
1232 2024 1347 2088 uirium

274 2124 471 2189 materialium
492 2122 660 2201 equititum
680 2126 875 2189 sustineatur.

306 2224 543 2288 immemori.
567 2227 594 2284 l.
618 2254 656 2267 -
671 2225 740 2285 llaen
758 2224 849 2301 igitur
865 2241 929 2285 una
945 2226 1020 2285 ratio
1039 2224 1256 2288 infirmioribus
1273 2240 1347 2298 gen-

272 2323 344 2386 tibue
357 2322 448 2386 adeat
466 2320 610 2386 libertatis
622 2338 685 2385 auu
701 2324 734 2385 in
753 2323 946 2393 ethnarebiua
964 2324 1102 2385 totietate
1119 2322 1344 2396 eunmrvandae,

271 2424 372 2487 nilico
392 2422 558 2502 pecunaria
576 2438 646 2483 oum
667 2422 782 2501 aliquot
800 2422 1103 2483 aliiainiirmiuribua
1118 2423 1238 2502 populis
1254 2420 1347 2482 laedo

272 2525 354 2598 ratiu;
370 2526 455 2585 sieut
472 2523 570 2584 medio
584 2540 646 2583 aevo
664 2524 828 2603 municipia
848 2540 902 2603 per
919 2530 1058 2587 mutatam
1077 2525 1194 2585 uirium
1203 2528 1347 2601 mutune-

272 2624 373 2685 tieuem
396 2622 577 2688 minitantes
598 2624 798 2702 potentiorum
820 2628 1019 2699 Dynaatamm
1042 2630 1073 2685 et
1093 2625 1244 2687 (inmittam
1264 2623 1345 2683 vireu

272 2740 392 2801 peraepa
421 2738 540 2798 toquere
562 2727 591 2783 et
614 2728 750 2783 minuere
772 2729 945 2800 putuerunt.
967 2728 1070 2801 ltaqam
1092 2725 1198 2799 aienti,
1221 2721 1346 2783 aublatie

271 2822 466 2902 muuioipiie,
490 2819 611 2900 politica
633 2822 815 2901 populorum
840 2824 1013 2885 uonatitartio
1035 2824 1135 2886 uiniae
1160 2818 1290 2886 libertati
1317 2829 1346 2883 el

271 2929 336 2984 tuno
352 2923 473 2998 noeuit,
486 2928 516 2981 at
532 2921 696 2998 hodiedum
710 2921 810 2982 adhue
826 2929 963 2992 noueram
980 2925 1020 2982 ito
1038 2923 1180 2983 nationali
1196 2927 1346 3001 uirtusque

270 3023 360 3100 pontia
378 3022 530 3096 libertati,
547 3021 675 3085 sublatis
694 3021 755 3080 illia
774 3021 928 3083 minorum
948 3023 1167 3100 principatuum
1181 3022 1348 3083 loederatio·

270 3123 367 3199 uibua,
380 3121 583 3184 athnarohioa
596 3121 769 3198 eonjunetiu
786 3119 955 3199 plurimum
972 3121 1143 3185 detrimenti
1155 3121 1285 3182 afferret.

305 3225 443 3285 θοιοιι.
459 3223 489 3280 i.
508 3222 706 3282 -aPoteatate
726 3219 895 3296 legislatlra
913 3220 1096 3286 ethuambiae
1112 3218 1231 3299 propria
1249 3219 1285 3280 ad
1301 3237 1347 3278 ra-

271 3322 407 3399 gularum
428 3321 502 3384 alibi
510 3325 574 3398 jam
586 3319 758 3382 traditarum
774 3319 836 3400 (lib.
853 3323 902 3399 tu,
917 3321 996 3400 rap.)
1013 3337 1152 3383 normam
1171 3322 1227 3381 rita
1239 3320 1346 3380 eonati·

271 3425 341 3492 tnta,
350 3420 406 3501 jur
421 3419 569 3500 periton,
587 3433 641 3480 seu
659 3417 760 3496 legum
781 3420 1046 3483 ethnarahiearum
1066 3421 1156 3481 codex
1173 3417 1347 3481 condendae

271 3521 332 3582 erit.
351 3523 412 3596 Qui
431 3519 558 3596 quidam
575 3518 663 3580 hodia
680 3517 757 3580 nihil
776 3519 875 3580 adhue
890 3528 936 3580 eat
953 3519 1048 3593 aliud,
1063 3537 1155 3598 quiam
1174 3519 1254 3596 quod
1272 3519 1346 3578 olim

271 3620 300 3680 in
319 3620 502 3700 populorum
522 3617 647 3680 inlantia
659 3621 714 3696 ¹jue
731 3619 818 3680 uirile
836 3626 866 3680 bt
881 3622 934 3696 lua
951 3613 1107 3699 politicum
1119 3621 1254 3694 luerunt,
1270 3619 1348 3678 indi·

270 3725 350 3795 gaeta
365 3717 482 3779 retituet
507 3715 762 3778 eonsuetudinum
783 3707 987 3794 quarumdam
1006 3719 1171 3796 congeries.
1196 3722 1234 3780 itt
1252 3719 1347 3797 pluri·

269 3831 353 3878 mum
374 3805 506 3897 prolaeta
525 3815 563 3876 ad
581 3827 775 3876 eommunem
796 3815 978 3893 populorum
997 3818 1185 3876 aaaairitatam
1202 3828 1238 3876 aa
1254 3815 1348 3875 tellei-

269 3919 357 3976 tatam
371 3912 521 3976 uonlarrat
534 3918 649 3974 aeuum
667 3911 789 3989 aliquod
803 3913 908 3990 hmini
926 3910 1187 3977 athuamliloarum
1202 3918 1347 3988 ayatenm,

268 4015 347 4090 qnod
371 4021 402 4076 et
418 3995 546 4090 juatitiaa
566 4013 710 4074 omnibua
737 4027 823 4090 aeque
845 4011 972 4093 ,pepulit
993 4011 1237 4074 administranda
1260 4012 1347 4090 plane

268 4118 457 4190 rongi-umet,
474 4117 503 4173 at
513 4109 592 4190 apud
610 4111 886 4188 burmanniana
902 4124 946 4172 aaa
961 4109 1043 4188 lagae
1057 4109 1249 4171 observande
1262 4115 1347 4183 aunt,

268 4211 390 4290 publiea
408 4215 486 4272 emet
498 4211 737 4290 promulgatum.

306 4313 448 4374 lemvaro
464 4312 522 4374 tria
539 4317 613 4372 aunt
631 4311 823 4390 potissimum
842 4312 875 4372 in
894 4311 1001 4374 ordine
1019 4310 1256 4385 internetionali‘,
1270 4309 1349 4370 eirea

267 4425 336 4487 quaa
351 4413 458 4488 legum
477 4410 556 4472 illud
574 4411 834 4487 assumitarum
852 4416 977 4490 oportet.
999 4408 1137 4473 Primum
1154 4413 1210 4485 eat,
1223 4408 1349 4470 auetori-

267 4514 325 4570 tata
335 4509 459 4588 publiea
478 4510 596 4572 munira
619 4515 650 4568 et
663 4515 836 4570 montaniae
846 4509 995 4572 custodire
1012 4509 1163 4572 eharitatia
1177 4507 1350 4570 internitio-
1398 4554 1401 4557 .

266 4609 344 4672 natis
361 4609 559 4690 principium,
569 4591 712 4686 legatque
732 4623 838 4672 omnaa
853 4609 1027 4670 immediate
1043 4610 1082 4670 ab
1095 4607 1151 4671 illo
1161 4608 1349 4670 dimanantes

267 4708 303 4768 ed
324 4709 531 4774 univomtam
550 4709 713 4770 nadonum
732 4708 902 4770 uarietatem
920 4709 1183 4787 aompingeudam.
1204 4737 1245 4754 ·-
1263 4707 1348 4769 Alta·

273 4825 342 4870 anm
365 4813 421 4885 eat,
443 4825 511 4888 qum
530 4813 564 4872 in
580 4808 708 4902 naturali
722 4811 793 4888 jura
805 4807 998 4872 atbnarabioo
1009 4808 1111 4872 adhue
1121 4808 1350 4872 indeterminata
