3559 5675
528 756 636 802 usus.
658 776 692 787 -—
719 753 803 801 crocu
824 755 1013 806 ouooscruns.
1245 740 1303 806 sto

253 858 355 922 cincto
364 861 532 923 existimas:
549 859 662 923 Euntes
671 858 925 942 prodicoteomui
936 872 1081 925 erecturos
1093 864 1149 943 (a),
1165 867 1303 942 quemuis
1315 901 1319 909 ·

252 960 393 1039 Apostolus
404 969 502 1042 aperte
522 962 651 1024 clamet:
679 982 694 1019 u
719 962 861 1024 Mulieres
883 963 914 1023 in
938 964 1070 1026 ecclesiis
1093 970 1220 1038 taceam,
1242 978 1318 1025 nout

251 1083 264 1118 s
278 1062 350 1122 enim
362 1064 596 1143 permittitureis
610 1064 707 1140 loqui,
719 1063 772 1124 sed
783 1063 920 1124 subditas
932 1082 1008 1142 esse,
1025 1065 1102 1125 sicut
1115 1071 1144 1125 et
1159 1063 1207 1125 les
1219 1063 1300 1125 dicit.

250 1163 369 1240 »Siquid
379 1171 478 1225 autem
489 1163 727 1242 voluutdiscere,
739 1164 910 1226 domiviros
920 1182 992 1227 suos
1002 1165 1195 1242 interrogent.
1206 1166 1303 1245 Turpe
1322 1168 1327 1179 “

249 1270 317 1322 nest
327 1264 404 1323 euim
417 1264 538 1325 mulieri
554 1265 636 1343 loqui
653 1265 688 1325 iu
697 1264 822 1327 eeclesia
837 1262 887 1346 (ὁ),
904 1264 1011 1326 Mulier
1030 1266 1061 1325 in
1076 1264 1200 1325 silentio·
1210 1263 1305 1323 discat

247 1364 425 1425 »cumomni
439 1364 633 1442 subjectione.
646 1368 754 1427 Docere
766 1371 866 1427 autom
882 1363 1001 1427 mulieri
1016 1382 1078 1427 non
1091 1365 1242 1445 permitto,
1253 1380 1305 1425 ne·
1415 1422 1420 1433 „

246 1480 326 1541 ique
345 1463 490 1526 dominari
510 1467 542 1525 in
563 1468 674 1538 virum,
694 1466 746 1528 sed
762 1482 826 1527 esse
849 1468 881 1526 in
900 1466 1048 1529 silentio»
1068 1466 1116 1543 (e).
1136 1466 1191 1525 Ubi
1205 1465 1302 1539 vidos,

246 1565 402 1643 Caspai-ina,
422 1566 534 1627 nobilis
554 1566 677 1642 lomina,
693 1582 728 1627 ex
741 1565 870 1645 Apostoli
885 1574 1042 1647 praecepto,
1059 1566 1180 1627 mulieri
1199 1582 1300 1626 voram

246 1660 322 1722 tidem
334 1680 351 1723 a
361 1665 423 1725 viro
437 1681 494 1725 suo
508 1664 679 1725 discendam
693 1680 769 1737 esse,
793 1680 827 1725 ac
847 1664 972 1744 proinde
986 1665 1084 1725 virum
1099 1681 1133 1725 ex
1146 1664 1303 1744 apostolica

246 1758 438 1825 doctrinaesse
460 1764 642 1841 quandoque
662 1780 748 1843 posse
770 1780 805 1825 ae
827 1763 935 1825 debere
959 1764 1060 1825 uxoris
1088 1782 1151 1825 sun
1175 1764 1205 1823 in
1232 1762 1317 1824 ficei:

245 1857 361 1924 donnica
373 1863 553 1942 magistrum
567 1880 603 1925 ac
613 1860 799 1926 directorem,

275 1963 386 2037 tttQuid
398 1968 514 2045 porrot
537 1966 568 2027 Si
592 1971 638 2038 tu,
663 1981 760 2027 sacras
779 1966 904 2026 Litteras
922 1966 1140 2045 commentans,
1156 1967 1306 2047 Spiritum

243 2060 368 2125 Sanctum
382 2066 516 2141 iuuenis,
530 2066 620 2127 etiam
635 2082 702 2145 ego,
713 2067 808 2126 etiam
817 2066 922 2127 fratres
931 2064 981 2127 alii
996 2068 1160 2146 poterimus
1170 2084 1244 2128 sane
1257 2068 1303 2127 in·

243 2164 339 2237 venire,
352 2166 580 2244 coelestiumque
598 2182 705 2227 rerum·
716 2167 880 2227 notitiama
896 2167 1010 2245 Spiritu
1030 2166 1136 2228 Sancto
1150 2170 1300 2246 acceptam

240 2262 284 2322 tibi
291 2268 462 2345 caterisque
472 2267 648 2328 hominibus
659 2283 834 2346 proponere.
850 2264 928 2341 Quid
939 2268 1021 2327 enim
1033 2265 1183 2328 obstaret?
1199 2270 1318 2328 Nonne*

239 2364 366 2442 Apostoli,
379 2384 452 2445 quae
463 2384 481 2427 a
492 2367 611 2429 Christo
623 2374 654 2428 et
666 2386 683 2428 a
696 2367 809 2446 Spiritu
823 2366 931 2427 Sancto
946 2366 1064 2426 luerunt
1081 2364 1187 2444 edocti,
1202 2366 1300 2445 pelam

238 2464 331 2527 deinde
348 2466 559 2547 praedicarunt,
572 2467 749 2547 scriptisque
764 2466 829 2525 suis
839 2465 972 2544 epistolis
989 2464 1024 2525 ad
1036 2473 1301 2551 nosusquetrans·
1317 2490 1318 2495 1

242 2565 393 2627 miserenti
404 2565 699 2627 Erautillihomiues
711 2564 851 2645 protecto,
866 2579 928 2625 non
938 2580 1025 2625 secus
1034 2568 1121 2641 atque
1135 2578 1189 2640 ego
1202 2567 1231 2623 et
1242 2569 1299 2623 tu:

238 2664 269 2724 iis
280 2673 376 2728 tamen
383 2667 513 2729 docendi
522 2670 620 2745 juset
632 2666 767 2731 officium
779 2666 1037 2746 Spiritussanctus
1050 2664 1154 2726 divino
1164 2680 1219 2726 suo
1232 2680 1300 2724 ma-

237 2766 342 2841 pistorio
354 2771 513 2831 tribuerat.
535 2771 642 2829 Nonus
655 2766 806 2833 Luthsms
826 2767 1010 2829 etCalsinus
1025 2766 1182 2845 coeterique
1203 2770 1301 2846 patres

237 2869 284 2943 tui,
297 2887 369 2947 quos
387 2877 543 2948 tantopere
555 2867 695 2928 dilaudas
708 2864 762 2945 (d),
775 2867 932 2944 magistros
950 2883 982 2928 se
997 2883 1031 2927 ao
1046 2863 1202 2926 directores
1221 2881 1300 2945 prac-

235 2965 366 3030 bueruntt
378 2972 412 3032 Si
430 2975 545 3046 ergoet
564 2985 619 3029 uos
639 2967 784 3048 Spiritum
797 2967 965 3042 Sanctum,
983 2982 1078 3028 sacras
1094 2966 1207 3026 litteras
1224 2981 1300 3026 unas

234 3068 404 3147 meditando,
421 3069 605 3142 invenimus,
616 3067 671 3146 qui
680 3083 735 3126 nos
750 3065 788 3126 ab
804 3067 887 3126 omni
902 3066 1003 3128 alieno
1017 3067 1125 3144 spiritu
1143 3065 1174 3124 in
1195 3079 1298 3125 earum

235 3168 424 3249 intelligentia
443 3171 562 3244 liberat,
576 3167 681 3246 quidni
696 3167 801 3227 iratres
812 3166 986 3242 doceamus,
999 3165 1053 3243 qui
1065 3165 1190 3226 fortasse
1202 3179 1301 3224 sacras

235 3267 338 3332 litteras
347 3269 490 3333 nondum
504 3268 652 3346 legerunt,
664 3265 798 3326 nondum
819 3266 953 3327 meditati
973 3271 1056 3341 sunt,
1076 3271 1129 3326 aut
1149 3264 1248 3340 legere
1264 3279 1298 3324 ao

233 3370 359 3432 meditari
377 3388 443 3432 non
463 3375 606 3449 possunt,
629 3369 690 3428 otio
711 3367 759 3427 sel
780 3368 946 3428 necessaria
959 3366 1128 3428 eruditione
1145 3363 1298 3427 carentes?

233 3470 405 3550 Quareergo
425 3478 507 3532 tanto
521 3470 637 3549 impetu
650 3468 812 3548 ministros,
825 3476 969 3549 pastores,
981 3467 1124 3547 doctores,
1139 3465 1299 3528 directores

232 3585 323 3634 omnes
335 3571 530 3652 aggrederis?

265 3674 351 3754 (Νι,
360 3678 524 3753 postquam
534 3670 791 3748 tidenterdixeris,
801 3669 1015 3749 adScripturas
1025 3685 1103 3730 unas
1111 3669 1298 3747 confugienti

230 3770 364 3850 Spiritum
389 3776 534 3835 sonetum
556 3770 636 3832 haud
659 3771 751 3831 dubie
770 3770 825 3830 tibi
839 3770 954 3847 adesse,
981 3770 1019 3830 ab
1036 3787 1133 3848 eoque
1154 3776 1181 3830 te
1200 3771 1300 3830 omnis

229 3873 445 3954 alieuispiritus
454 3875 622 3935 immunem
634 3871 713 3947 fieri,
726 3871 786 3932 alio
795 3869 933 3948 quadarn
944 3870 1105 3948 subjungis
1119 3870 1219 3940 verba,
1230 3885 1298 3948 quoe

228 3988 272 4036 ure
289 3979 412 4055 penitus
431 3972 685 4054 perterrefaciunt.
701 3971 860 4047 Aisenim,
879 3970 1055 4049 Gasparina,
1070 3967 1216 4046 Agenoris
1227 3969 1301 4029 Gus-

227 4077 318 4150 parini
339 4093 428 4152 uxor,
445 4075 653 4153 rescripturus
675 4071 869 4133 meditantem
885 4085 970 4150 posse
986 4069 1137 4129 interdum
1152 4065 1225 4127 bonu
1239 4066 1302 4150 fide

228 4173 387 4237 indirecto
401 4177 511 4239 sentire
525 4174 673 4236 contraria
686 4172 748 4233 illis
766 4189 834 4250 quar
852 4170 991 4232 Christus
1006 4169 1112 4248 jubet3
1128 4185 1212 4250 posse
1225 4175 1252 4230 te
1264 4169 1298 4230 ad

227 4273 331 4338 thusci
354 4275 446 4358 pedes
470 4274 648 4336 assiderent
670 4271 827 4334 diabolum
855 4269 977 4348 audias3
1008 4267 1132 4331 nullum
1155 4284 1301 4349 errorem,

253 4491 289 4553 (oi
299 4510 311 4535 ι
320 4491 409 4554 Quaud
418 4490 491 4540 lesus
501 4502 565 4538 nous
575 4487 625 4537 dit:
635 4483 709 4535 atter
718 4489 742 4533 ct
754 4482 925 4536 conuertitur
937 4479 972 4531 lec
983 4479 1099 4540 notione,
1107 4477 1123 4528 il
1138 4477 1192 4530 o'en
1204 4485 1306 4544 excepte

226 4575 267 4625 pas
277 4566 297 4613 le
310 4568 372 4628 pert·
386 4564 475 4627 pcup'e
485 4563 515 4611 de
528 4573 572 4610 nos
588 4558 705 4608 relations
714 4557 815 4606 scutatos
827 4574 840 4598 ι
852 4555 891 4618 (lb
911 4567 967 4617 pag.
981 4555 1030 4615 to).

255 4637 342 4698 «Quill
354 4649 385 4685 co
396 4649 425 4685 ss
437 4643 492 4685 tout
502 4636 643 4683 autument
654 4640 716 4696 pour
732 4629 755 4677 tc
767 4629 907 4690 nupsitquet
927 4626 994 4676 l'olcr
1005 4634 1062 4676 oreo
1078 4627 1142 4678 daus
1152 4627 1175 4678 lo
1191 4623 1259 4678 erote
1269 4637 1304 4680 nu

224 4720 238 4758 o
250 4711 291 4760 dre
300 4708 479 4772 d'evoupetiscr
490 4708 525 4757 les
534 4707 658 4765 hommes,
671 4723 684 4746 ι
693 4705 742 4751 etc.
753 4698 804 4764 (lb.
817 4711 872 4762 pag.
882 4697 933 4762 to).

254 4782 289 4848 (b)
299 4782 309 4834 l
321 4781 380 4834 Cu.
396 4784 431 4835 ti.
443 4807 470 4816 -
483 4779 513 4846 (r)
526 4775 536 4826 1
548 4775 615 4831 Tim.
626 4777 650 4828 2.
662 4801 691 4810 -
701 4771 735 4841 (d)
746 4769 869 4838 Quciptm
881 4768 993 4836 dtsouls,
1005 4783 1018 4822 e
1030 4783 1051 4820 r.
1066 4783 1123 4838 pop.
1136 4773 1190 4834 307,
1204 4783 1271 4834 sequ.
