3559 5675
488 816 496 828 ·
591 816 698 862 sunna.
723 837 759 851 -
784 818 869 864 mem
889 818 1036 865 seminus.
1312 802 1350 863 53

267 911 471 991 adhibendas,
484 922 514 977 et
535 916 572 977 ad
585 919 697 995 gratias
722 920 851 982 Creatori
879 938 933 1000 pro
961 920 1022 981 illis
1043 924 1186 999 perpetuo
1208 918 1348 995 agendas.

268 1016 358 1078 Solus
370 1018 459 1078 enirn
473 1017 565 1079 homo
578 1017 750 1081 facultatem
762 1020 853 1085 habet
872 1020 923 1081 illa
938 1016 1106 1081 admirandi
1122 1024 1151 1080 et
1175 1019 1283 1096 gratias
1297 1034 1351 1096 pro

269 1118 329 1179 illis
352 1118 491 1196 agendi:
508 1123 619 1181 caeterae
633 1126 734 1182 autem
755 1138 860 1183 omnes
886 1128 991 1183 creatae
1011 1138 1071 1198 res,
1094 1121 1154 1181 nisi
1176 1118 1267 1180 homo
1291 1119 1351 1179 illis

268 1225 374 1279 utatur
390 1226 461 1279 turn
485 1219 523 1279 ad
547 1220 639 1281 vitam
666 1222 894 1283 sustentandam
915 1228 980 1283 tum
996 1222 1033 1283 ad
1055 1222 1107 1285 Dei
1131 1220 1275 1281 attributa
1298 1210 1351 1281 coss

268 1318 445 1395 gnoscenda
459 1324 488 1379 et
505 1319 668 1395 laudanda,
682 1320 790 1383 idoneo
810 1322 871 1384 tine
896 1328 1008 1394 carent,
1024 1328 1112 1399 atque
1133 1320 1252 1381 inutilia
1280 1336 1352 1381 era-

267 1420 367 1490 dunt;
384 1421 461 1497 quia
473 1437 581 1481 omnes
598 1422 715 1483 illares
730 1422 861 1485 adhunc
873 1425 964 1483 finem
985 1422 1110 1483 conditae
1124 1420 1274 1483 evidenter
1282 1427 1354 1481 sunt

267 1529 300 1581 ut
318 1521 444 1582 homini
468 1521 635 1582 inserviant
655 1540 787 1601 eumque
801 1523 837 1584 ad
852 1526 1021 1586 Creatorem
1037 1522 1210 1600 perducant.
1226 1524 1273 1595 nt,
1292 1522 1351 1581 nisi

269 1620 413 1682 homines
428 1638 483 1700 per
496 1621 666 1682 societatem
684 1624 877 1702 conjugalem
889 1624 964 1685 alios
979 1622 1117 1683 homines
1127 1622 1262 1698 gignant,
1269 1620 1351 1681 brevi

269 1726 366 1781 totum
381 1736 483 1798 genus
498 1720 669 1782 humanum
683 1721 810 1784 deliciet.
826 1727 917 1803 Ergo,
933 1722 1051 1784 utfinis
1076 1720 1261 1781 terrestrium
1282 1736 1352 1780 om-

269 1818 356 1881 nium
368 1838 478 1881 rerum
493 1827 619 1896 constet,
634 1823 834 1901 etglorialleo
845 1825 944 1886 dehita
957 1828 1127 1885 constanter
1138 1822 1183 1881 illi
1195 1818 1349 1892 reddatur,

271 1922 344 1983 ratio
363 1920 476 1983 suadet
496 1923 665 1984 societatem
684 1924 872 2003 conjugatem
896 1926 934 1987 ab
958 1924 1132 1987 hominibus
1153 1940 1218 1985 esse
1243 1921 1350 1983 incun-

273 2021 351 2084 (ιω.
495 2042 502 2049 .
533 2048 538 2053 .

310 2126 342 2183 2⁶
356 2124 460 2184 llomo
473 2123 660 2203 naturaliter,
676 2124 722 2185 vel
743 2124 869 2200 invitus,
885 2126 1067 2186 acerrimum
1079 2116 1203 2185 leminea¹
1218 2136 1350 2183 amorem

274 2224 634 2299 persentit‚etvehemens
643 2222 825 2285 desiderium
838 2226 885 2287 sui
899 2226 1030 2305 corporis
1044 2240 1113 2285 cum
1127 2224 1181 2284 illa
1190 2218 1350 2300 copulandi

278 2328 305 2380 et
318 2324 414 2403 prolis
426 2323 536 2384 exinde
551 2324 730 2385 obtinendae.
742 2326 836 2402 Atqui
850 2324 900 2386 liic
915 2325 1036 2385 femina
1051 2340 1136 2384 amor
1150 2329 1179 2383 et
1197 2321 1253 2383 hoc
1273 2318 1351 2381 desi·

283 2418 389 2482 derium
418 2422 588 2501 conjugalis
612 2423 833 2502 conjunctionis
851 2441 884 2485 ac
909 2424 1003 2503 prolis
1029 2422 1238 2502 suscipienda,
1253 2436 1350 2499 quum

283 2522 428 2583 naturales
458 2523 530 2599 sint,
555 2541 574 2584 a
601 2525 662 2584 Deo
687 2529 759 2584 sunt
781 2524 894 2584 indita.
921 2522 1074 2585 Naturalis
1101 2529 1200 2585 autem
1222 2536 1350 2600 quaeque

278 2622 426 2683 tendentia
451 2624 649 2686 intentionem
678 2626 825 2687 Creatoris
848 2626 960 2687 revelat
986 2620 1059 2704 (80).
1084 2626 1161 2702 Ergo
1186 2626 1265 2685 Deus
1286 2623 1349 2702 ipse

275 2721 466 2799 conjugalem
480 2723 641 2784 hominum
654 2726 898 2804 conjunctionem
910 2726 986 2787 vult.

310 2823 343 2884 ³⁰
363 2824 502 2884 sexumn
522 2823 687 2901 (liternino,
704 2843 723 2886 a
742 2827 875 2887 creatore
893 2826 1028 2886 instituta
1046 2824 1155 2887 inviro
1178 2829 1206 2886 et
1221 2823 1343 2900 lomina,

272 2922 354 2983 sicuti
374 2933 463 3002 aptos
477 2924 545 2986 illos
565 2923 653 2986 efficit
666 2925 703 2986 ad
723 2924 913 3004 conjugalem
933 2926 1183 3002 conjunctionem,
1199 2925 1239 2984 ita
1253 2924 1349 2982 mani·

271 3022 341 3086 leste
356 3024 492 3086 declarat
505 3025 644 3087 homines
657 3044 721 3088 esse
739 3023 904 3086 acreatore
919 3026 982 3104 ipso
1000 3023 1036 3083 ad
1054 3024 1142 3084 talem
1160 3022 1348 3105 conjunctio-

271 3139 339 3183 nem
353 3123 531 3187 destinatos.
544 3127 664 3188 Frustra
682 3143 811 3205 namque
825 3127 903 3186 licus
918 3125 996 3185 hanc
1011 3123 1206 3203 aptitudinem
1224 3134 1347 3197 organo-

270 3239 338 3284 rum
353 3225 418 3285 illis
430 3225 569 3303 dedisset,
584 3228 642 3288 nisi
656 3234 739 3289 actus
750 3227 785 3288 ad
802 3242 894 3304 quem
907 3225 980 3286 tales
992 3224 1052 3285 duo
1064 3223 1170 3284 diversi
1183 3220 1346 3299 organismi

270 3324 330 3402 apti
353 3330 438 3394 sunt,
464 3321 528 3405 ipse
548 3326 653 3404 rellet3
674 3327 754 3404 quod
779 3329 844 3404 iarn
871 3327 1010 3387 universe
1034 3324 1112 3386 libro
1133 3322 1166 3382 l⁰
1194 3320 1254 3401 (80)
1278 3321 1345 3381 ani·

271 3423 497 3487 madvertimus.
515 3426 592 3504 Ergo
607 3429 686 3488 Deus
697 3427 761 3488 vult
774 3427 964 3504 conjugalem
975 3423 1215 3504 conjunctionem
1227 3428 1256 3483 et
1271 3421 1346 3482 silio·

271 3539 337 3584 rum
358 3528 596 3605 procreationem
610 3532 639 3588 et
657 3527 862 3589 educationem
881 3526 1030 3587 idoneam.
1054 3525 1145 3604 Atqui
1161 3524 1223 3584 haec
1244 3521 1346 3582 omnia

271 3625 426 3704 postulant
440 3628 627 3704 conjugalem
642 3629 821 3690 societatem.
837 3629 926 3705 Ergo,
942 3634 997 3688 cto.

310 3727 382 3787 803.
400 3729 469 3788 l‘os.
485 3728 567 3787 385¹.
583 3761 623 3772 -
640 3728 862 3789 Matrimonium
882 3743 1074 3805 nequaquam
1094 3733 1136 3788 est
1154 3722 1295 3787 omnsstus
1317 3731 1348 3786 et

272 3826 402 3904 singulis
417 3824 594 3888 hominibus
606 3818 830 3905 obligatorium.

310 3929 406 3988 Prion.
425 3960 464 3970 —
481 3928 517 3986 Ut
531 3929 756 3990 matrimonium
774 3933 850 3990 esset
867 3927 1009 3989 omnibus
1023 3933 1052 3988 ct
1070 3924 1199 4004 singulis
1212 3925 1347 3986 homini·
1447 3995 1453 4007 Ι

273 4025 329 4087 bus
344 4022 572 4104 obligatorium,
587 4028 707 4089 deberet
721 4028 858 4089 omnium
873 4034 902 4090 et
913 4028 1103 4105 singulorum
1121 4025 1347 4087 matrimonium

272 4143 334 4188 esse
359 4128 569 4188 necessarium
586 4128 634 4190 rel
656 4128 695 4190 ob
715 4129 812 4207 legem
825 4130 972 4194 creatoris
992 4128 1102 4190 directe
1124 4127 1198 4188 illud
1220 4127 1348 4203 singuiis

275 4227 510 4307 precipientem,
531 4227 579 4288 rel
593 4227 737 4289 indirecte
752 4247 788 4289 ex
801 4245 837 4290 eo
850 4227 930 4305 quod
951 4229 1016 4305 sine
1036 4227 1223 4288 matrimonio
1245 4227 1349 4288 nullus

273 4327 360 4389 homo
375 4329 470 4408 possit
488 4324 563 4402 legis
580 4329 724 4390 naturalis
737 4335 878 4409 praeopta
894 4330 995 4390 omnia
1007 4327 1171 4405 observare,
1192 4329 1241 4390 vel
1262 4347 1297 4390 en
1314 4346 1349 4390 eo

273 4429 351 4507 quod
365 4429 505 4490 alienum
521 4428 641 4507 aliquod
655 4431 706 4507 jus
718 4430 929 4508 obligationem
944 4431 1127 4492 matrimonii
1144 4431 1273 4507 singulis
1287 4431 1348 4490 im·

275 4534 361 4608 ponat
373 4546 384 4610 ‚³
401 4547 476 4591 nam
490 4530 591 4590 omnia
605 4522 738 4592 hominis
751 4529 849 4592 officia
861 4529 900 4592 ad
911 4539 970 4592 tres
983 4533 1052 4592 istas
1066 4530 1175 4592 classes
1190 4532 1350 4611 pertinent,

274 4629 309 4690 ad
323 4630 423 4693 otiicia
437 4646 509 4707 erga
524 4632 633 4707 iteum,
647 4648 717 4709 arga
731 4633 878 4711 seipsum,
890 4647 958 4709 erga
975 4631 1049 4692 alios
1064 4630 1201 4693 homines
1212 4631 1308 4710 (387).

311 4731 404 4810 Atqui
431 4733 443 4790 Ι
478 4730 599 4791 nullum
624 4733 769 4794 Creatoris
793 4737 971 4813 praceptnm
995 4731 1103 4792 directe
1125 4732 1350 4792 matrimonium

277 4833 405 4911 singulis
420 4832 598 4894 hominibus
608 4833 704 4910 jubel.
718 4835 905 4896 l'olunlatem
921 4835 1002 4896 onim
1015 4833 1170 4912 lineatoris,
1182 4837 1215 4893 ut
1230 4833 1352 4894 societas
