3559 5675
501 758 562 823 384
912 768 990 817 stibis
1011 768 1170 816 ttttt'ntttt

496 878 684 964 appellamus
699 890 913 957 quamcunque
925 878 1086 954 rationem,
1100 892 1168 957 qua
1182 873 1220 937 ad
1239 874 1377 937 socialem
1388 878 1498 936 merten
1508 891 1532 936 er

497 974 593 1044 altero
601 977 714 1060 populo
727 976 764 1040 ad
779 976 910 1041 aiterum
921 976 1185 1039 transmittendam
1198 975 1372 1039 adhibeatur
1385 992 1394 1038 ι
1405 976 1533 1037 innumera

497 1096 631 1159 namque
653 1080 807 1141 rationum
824 1078 953 1141 istarum
966 1078 1070 1140 termae
1084 1084 1114 1141 et
1135 1079 1261 1140 nomina
1278 1078 1401 1138 maxime
1412 1079 1534 1138 sanasse

496 1185 634 1263 possunt.
658 1180 695 1243 Et
714 1178 762 1241 lex
779 1177 904 1257 quidem
923 1178 1070 1241 naturalis
1087 1184 1183 1241 certos
1203 1178 1293 1253 ritus,
1309 1176 1534 1255 canasqueobser·

495 1281 625 1353 eandm,
640 1278 739 1341 inhec
753 1277 874 1340 socialis
887 1277 999 1341 mentis
1008 1284 1115 1341 mutum
1124 1278 1391 1341 communicatione
1403 1274 1535 1337 reddendas

499 1380 601 1444 nullas
614 1378 788 1460 prescribit.
797 1380 847 1456 st,
861 1380 941 1441 sicut
954 1378 1006 1441 ilia
1027 1380 1167 1443 omnium
1180 1380 1316 1457 gentium
1330 1378 1535 1459 conspirationem

498 1480 536 1543 sd
548 1494 709 1543 commune
723 1480 839 1542 bonum
849 1478 994 1559 precipit,
1009 1480 1052 1541 ita
1070 1478 1159 1561 plane
1176 1482 1255 1541 uetat
1270 1478 1381 1555 legatus
1393 1482 1420 1538 et
1431 1474 1534 1543 nuncios,

499 1582 538 1643 ob
552 1581 647 1643 alters
662 1585 753 1659 gente
775 1585 929 1656 utcunque
953 1579 1074 1654 missos,
1094 1578 1160 1640 sine
1173 1584 1255 1641 certa
1274 1578 1536 1655 graviquecausan·

499 1682 615 1744 cusan.
639 1683 739 1743 Potest
755 1680 879 1758 quidem
899 1678 1072 1759 aliquando,
1095 1684 1129 1740 nt
1152 1684 1284 1758 tempore
1303 1677 1374 1739 beili
1394 1677 1434 1755 tit,
1450 1674 1536 1736 nunciis

500 1796 555 1844 seu
566 1782 672 1860 legatis
681 1774 1198 1842 alteriusnadonisiacultasdiutius
1207 1774 1537 1853 commorandi,antetian

499 1880 576 1941 lines
589 1878 777 1958 ingrediendi
792 1880 895 1957 negari
911 1892 919 1938 ε
936 1894 1056 1959 semper
1071 1882 1172 1941 tamen
1192 1876 1288 1939 lacilis
1299 1878 1349 1939 via
1361 1876 1478 1956 partim
1488 1890 1538 1935 cou-

499 1979 700 2057 sentibusque
719 1980 797 2041 inter
809 1979 937 2059 populos
953 1980 1044 2040 etiam
1063 1978 1275 2056 belligerantes
1289 1976 1431 2040 servanda
1443 1982 1487 2037 est

538 2074 629 2139 ista
651 2080 720 2141 Poe.
736 2080 869 2141 578·.-
882 2079 1009 2156 legatus
1022 2094 1077 2140 seu
1095 2079 1222 2140 nuntius
1237 2077 1378 2155 quilibet,
1400 2071 1538 2145 nationiad

497 2194 591 2257 qum
606 2178 851 2241 abalienatione
872 2184 918 2241 est
937 2178 1063 2255 rubens,
1087 2177 1175 2240 debet
1188 2179 1315 2240 omnino
1329 2184 1359 2240 et
1376 2192 1480 2255 semper
1496 2188 1538 2234 esc

497 2276 694 2341 inviolabilis.

549 2380 641 2441 Paos
653 2414 690 2427 -
710 2380 875 2457 l⁹legatns
889 2394 943 2442 seu
958 2380 1085 2442 nuntius
1098 2382 1272 2459 quicunque
1293 2379 1333 2441 ad
1354 2380 1490 2440 nationem
1500 2371 1539 2435 di·

498 2496 593 2559 quam
606 2478 646 2539 ab
658 2478 718 2540 aiis
729 2485 818 2556 gente
828 2479 953 2555 missus,
964 2480 1074 2559 gentis,
1084 2496 1178 2565 aqua
1190 2480 1334 2553 mittitur,
1348 2492 1491 2559 personum
1502 2490 1540 2553 pu·

498 2578 578 2641 blico
597 2577 677 2659 apud
692 2594 760 2640 eam
781 2578 934 2640 nationem
949 2582 1036 2659 gerit.
1052 2582 1130 2658 Ergo
1144 2582 1225 2641 natio
1243 2580 1279 2641 ad
1293 2596 1388 2659 quarn
1402 2584 1442 2640 est
1451 2577 1539 2645 nbsu,

498 2678 587 2741 debet
609 2694 681 2757 erga
708 2676 797 2739 illum
811 2680 923 2741 amoris
948 2680 1188 2742 internetionalis
1211 2679 1315 2742 eadem
1336 2678 1431 2742 officia
1448 2688 1539 2743 serrare

498 2778 612 2858 quibus
625 2794 694 2859 erga
707 2784 799 2841 totam
819 2778 904 2841 illam
917 2786 1037 2860 gentem
1059 2786 1188 2845 tenetur.
1211 2782 1404 2860 Quocunque
1415 2784 1498 2842 auten
1509 2788 1541 2833 tt·
1568 2766 1569 2814 ¹

498 2879 573 2942 doni
586 2879 623 2942 ad
642 2897 733 2960 quam
745 2881 885 2953 mittitur,
909 2881 948 2943 sit
963 2883 1047 2960 justa
1067 2898 1158 2944 causa
1179 2883 1230 2942 irm
1251 2881 1395 2944 adversus
1409 2897 1466 2942 ean
1481 2875 1540 2937 alian

497 2987 632 3062 gentem,
644 2979 831 3060 ultionisque
844 2981 876 3042 in
889 2981 972 3042 illam
988 2983 1171 3059 exercende,
1187 2983 1305 3061 legatus
1322 2989 1420 3044 umen
1433 2997 1478 3043 seu
1488 2993 1540 3038 uuu-

497 3081 575 3157 cius,
589 3097 626 3143 ex
645 3085 729 3160 pactu
747 3079 880 3159 quodam
895 3080 1042 3160 implicito
1056 3087 1086 3143 et
1099 3081 1253 3143 communi
1273 3097 1432 3156 consensu,
1450 3077 1540 3139 babitu

496 3185 532 3242 ut
544 3179 669 3241 omnino
682 3186 841 3243 extranens
855 3180 1025 3258 cuicunque
1038 3179 1186 3258 ejusmodi
1201 3197 1296 3242 canses
1312 3181 1427 3242 irarum
1445 3183 1471 3238 et
1482 3171 1540 3234 uitio

498 3283 547 3344 nis
551 3303 562 3359 3
578 3281 652 3360 quia
665 3287 695 3344 et
706 3281 836 3342 mittitur
848 3288 877 3343 et
887 3281 1034 3361 excipitur
1046 3281 1255 3344 tantummodo
1268 3286 1302 3344 ut
1313 3281 1445 3343 medinm
1457 3269 1540 3336 suitlit

497 3385 894 3464 communicationisnrgo,
904 3399 1094 3464 quacunque
1105 3385 1219 3446 irarum
1233 3399 1325 3446 causa
1339 3383 1417 3445 inter
1426 3371 1540 3441 duodo

499 3483 636 3546 nationes
660 3484 792 3560 ierreat,
828 3484 906 3546 nihil
930 3501 965 3546 ea
988 3487 1116 3565 pertinet
1138 3485 1175 3546 ad
1196 3485 1348 3562 legatum
1373 3501 1405 3546 sc
1425 3485 1541 3560 propitiet
1565 3527 1566 3532 1

497 3585 581 3646 natio
600 3583 744 3664 adquam
758 3585 900 3662 mittitur,
926 3588 1060 3667 excipere
1086 3587 1174 3648 illum
1200 3593 1228 3650 et
1245 3586 1357 3648 babere
1383 3587 1423 3646 ita
1441 3583 1541 3643 consid·
1565 3547 1566 3629 i

500 3691 545 3746 ter
557 3683 657 3765 debet,
671 3691 706 3746 ut
719 3687 924 3750 omnimodam
944 3689 1059 3748 irarum
1073 3687 1224 3766 ejusmodi
1238 3687 1460 3750 abstractionem
1471 3675 1538 3738 facist.

498 3787 583 3848 Tunc
604 3791 717 3866 auum,
740 3786 797 3850 bac
815 3789 989 3867 precisiono
1003 3791 1092 3867 laub,
1112 3796 1268 3853 remanent
1288 3791 1389 3852 solum
1406 3777 1539 3849 murmuris

498 3888 609 3950 amoris
634 3889 876 3952 intemationalis
894 3889 992 3954 officia
1014 3908 1086 3969 erga
1107 3890 1196 3953 illum
1214 3889 1408 3954 observanda.
1420 3889 1494 3962 Ergo,
1504 3883 1538 3937 etc.

538 3991 572 4050 2⁰
595 3990 663 4052 tam
691 3990 726 4051 in
747 3989 925 4070 precedenti
952 3991 1100 4070 positione
1126 3991 1314 4054 ostendimus
1330 3991 1438 4068 cuique
1459 3975 1539 4045 nationi

497 4106 616 4170 semper
638 4093 692 4169 jus
714 4089 805 4168 legati
831 4089 868 4152 ad
893 4091 986 4152 aliam
1000 4093 1155 4155 nationem
1177 4092 1324 4164 mittendi,
1351 4091 1476 4166 adeoquo
1493 4075 1539 4138 hoie

498 4191 551 4252 alii
566 4185 684 4253 nationi
697 4208 764 4252 esse
776 4190 913 4253 odicium
927 4191 1017 4270 legati
1031 4191 1068 4256 ad
1083 4211 1115 4257 se
1129 4194 1214 4254 missi
1229 4191 1404 4271 excipiendi.
1425 4181 1539 4262 ,ecquijc‘

497 4290 576 4352 iliud
589 4296 680 4372 atque
697 4291 754 4352 boc
767 4291 903 4354 odicium
917 4299 1042 4356 eatenm
1061 4295 1162 4356 solum
1178 4294 1337 4356 consistere
1351 4295 1476 4372 possunt,
1487 4295 1538 4359 qui-

497 4395 587 4451 tenus
607 4389 725 4467 legatus
746 4390 874 4468 quilibet
901 4393 979 4474 apud
1002 4411 1053 4456 cos
1074 4393 1112 4456 ad
1137 4411 1214 4472 quos
1235 4393 1375 4470 mittitur,
1398 4377 1539 4451 inviolabilis

497 4489 587 4570 plane
600 4496 767 4552 censeatur.
782 4493 847 4554 Nisi
855 4494 938 4556 enirn
953 4493 1010 4556 boc
1022 4493 1115 4572 probe
1128 4501 1316 4575 compertum
1330 4495 1380 4568 sit,
1393 4485 1539 4559 nihilique

497 4589 576 4670 apud
590 4589 682 4653 sliam
695 4599 829 4671 genum,
843 4596 984 4674 quamvis
997 4613 1059 4656 som
1070 4596 1186 4658 nationi
1198 4597 1358 4670 intensam,
1373 4586 1486 4656 sementi
1496 4594 1539 4642 ese

498 4707 635 4770 unquam
658 4693 841 4771 timendum,
865 4695 1040 4775 perdifficile
1058 4695 1238 4776 plerumque
1252 4700 1310 4758 erit
1323 4693 1451 4756 invenire
1472 4687 1539 4748 citet]

499 4791 642 4870 aliquem,
660 4797 823 4872 praesertin}
842 4814 878 4860 er
891 4815 996 4858 corum
1018 4813 1145 4858 numero
1158 4797 1210 4876 qui
1224 4797 1354 4858 doctrine
1365 4801 1393 4854 et
1406 4803 1491 4854 reruin
1500 4793 1538 4840 usu
