3559 5675
465 714 505 774 ts
643 740 647 745 ·
737 741 740 745 ι
870 720 953 767 tuuis
973 720 1131 765 ttaruuans

465 831 588 893 semotas
601 829 633 887 in
647 838 768 887 suntme
778 839 841 891 non
853 828 899 883 est
912 821 994 882 aliutl
1007 840 1100 900 quam
1114 824 1237 885 societas
1247 822 1387 901 quedam
1401 824 1532 887 utilitatis

464 926 623 1006 inequalis
646 926 741 1002 (677),
766 924 800 983 in
820 939 881 1000 qua
899 938 1004 983 serens
1031 939 1152 1003 operam
1176 938 1264 985 suam
1281 929 1419 1003 praestat,
1444 923 1530 987 herus

463 1046 500 1091 ex
512 1029 576 1089 suis
589 1026 698 1104 opibus
711 1040 783 1085 eum
799 1027 1019 1083 remuneratur.
1035 1022 1171 1085 l'idimus
1182 1030 1281 1086 autem
1294 1024 1435 1103 superius
1452 1023 1530 1100 (684)

461 1126 610 1191 serviendi
625 1125 786 1187 essentiam
796 1122 957 1185 consistere
972 1123 1004 1183 in
1021 1138 1053 1183 se
1067 1123 1132 1201 ipso
1144 1124 1180 1185 ad
1191 1123 1314 1185 alterius
1329 1124 1444 1185 bonum
1457 1122 1531 1183 orali-

501 1226 572 1289 ndo.
821 1277 823 1282 .

393 1393 396 1397 ,
460 1246 571 1391 Ῐιὶι795.
587 1330 657 1409 Pos.
674 1328 756 1401 380¹.
777 1355 810 1397 :-
824 1322 934 1385 lt'ullus
957 1322 1048 1385 bomo
1070 1328 1167 1405 potest
1183 1322 1310 1387 alterius
1322 1322 1456 1387 hominis
1469 1340 1529 1385 esse

460 1427 589 1492 totaliter
600 1425 752 1489 dominus.

499 1531 644 1591 Peon-
664 1523 796 1589 lintius
814 1523 1020 1585 bominiseese
1037 1522 1170 1601 aliquem
1183 1523 1313 1587 totaliter
1324 1520 1528 1587 dominumsi·

458 1629 580 1709 quillcat
598 1627 689 1689 licere
713 1623 786 1685 buis
809 1623 934 1699 domino
957 1624 1046 1703 illum
1067 1622 1222 1693 bominem
1241 1626 1278 1687 ad
1301 1642 1398 1689 suum
1420 1624 1527 1685 bonum

459 1728 590 1808 totaliter
599 1726 750 1790 ordinare.
765 1723 858 1801 aqut
868 1724 948 1785 nulli
966 1724 1082 1786 homiui
1103 1725 1170 1787 lieet
1181 1725 1480 1813 alterum‘hominem
1492 1719 1525 1783 ad

457 1846 548 1891 suum
561 1827 678 1889 bonum
690 1824 822 1909 totabter
833 1821 983 1885 ordinare.
1000 1826 1074 1885 lt'am
1084 1826 1212 1903 quilibet
1224 1826 1316 1889 bomo
1330 1832 1377 1889 est
1386 1822 1524 1886 essentia·

455 1926 698 1991 literordinatns
711 1923 750 1985 atl
764 1923 878 1986 bonnm
900 1924 1067 2002 infinitum,
1088 1926 1120 1985 in
1145 1928 1235 2005 cujus
1259 1926 1445 2007 possessione
1464 1935 1525 2002 pro·

455 2030 557 2110 prium
569 2042 661 2089 suum
674 2025 790 2086 bonum
802 2039 936 2101 quaerere
951 2024 1015 2101 lege
1036 2026 1169 2087 naturali
1190 2026 1374 2091 immutabili
1400 2028 1519 2107 tenetur.

454 2132 533 2206 Ergo
542 2126 649 2189 nullus
660 2124 752 2185 homo
763 2130 859 2203 potest
870 2124 969 2202 quoatl
984 2126 1084 2205 ipsum
1104 2113 1196 2187 suum
1209 2144 1278 2207 esse,
1289 2126 1371 2208 quod
1384 2130 1479 2187 totum
1488 2118 1521 2181 atl

454 2229 570 2291 bonum
589 2225 892 2289 inlinitumanetura
903 2224 1074 2289 ordinatum
1094 2226 1199 2301 estad
1224 2227 1339 2289 bonum
1359 2222 1521 2303 cuiuspiam

453 2328 589 2391 bominis
600 2342 665 2406 esse
677 2326 844 2387 ordinatus.
859 2326 949 2403 Ergo,
965 2332 1020 2389 etc.

492 2429 564 2491 796.
578 2429 708 2492 conom-
724 2458 759 2471 -
775 2426 927 2499 Quoniam
943 2424 1085 2487 dominus
1099 2432 1242 2489 etservus
1252 2436 1325 2491 suut
1335 2428 1396 2497 duo
1407 2416 1519 2485 ermini

452 2528 631 2603 sementivi,
644 2527 723 2586 sicut
732 2524 839 2585 nullus
849 2523 942 2585 bomo
962 2530 1058 2603 potest
1070 2525 1340 2603 alteriusbominis
1354 2541 1420 2589 csse
1431 2518 1519 2585 totali·

451 2638 498 2693 ter
511 2626 665 2701 dominus,
681 2626 723 2685 ita
734 2624 826 2685 eb'am
839 2624 946 2685 nullus
959 2624 1052 2689 bomo
1066 2630 1162 2705 potest
1172 2628 1296 2691 nunus
1311 2626 1442 2691 bominis
1460 2634 1519 2683 esse

451 2728 582 2817 totaliter
604 2741 709 2789 servus
723 2740 732 2785 :
746 2725 842 2802 bujtts
863 2741 994 2805 namque
1011 2744 1073 2787 esta
1096 2726 1134 2789 ad
1155 2730 1251 2791 mum
1270 2731 1371 2793 solum
1396 2720 1517 2789 ordinari

447 2836 555 2912 potest„
747 2842 752 2848 ·

488 2929 607 3009 Duplex
626 2929 728 3006 itaque
753 2927 880 2992 sonitus
893 2927 1072 3004 generaliter
1091 2927 1306 3008 distinguenda
1330 2937 1375 2994 est
1395 2944 1403 2990 ι
1430 2923 1514 2988 altem

448 3029 590 3112 completo
601 3026 852 3105 stabulumque
864 3027 968 3106 bomo,
982 3033 1062 3090 totus
1071 3037 1203 3107 quantus
1218 3037 1274 3111 est,
1288 3033 1326 3094 ad
1339 3026 1452 3092 domini
1463 3024 1513 3086 bo·

447 3149 523 3197 num
534 3131 707 3202 ordinatum
717 3129 812 3190 altera
823 3123 998 3208 incompleta
1015 3129 1191 3210 stratatico,
1205 3149 1267 3210 qua
1280 3109 1418 3206 hominis
1430 3127 1513 3190 attin

447 3253 502 3298 nea
515 3234 587 3296 solas
600 3233 639 3294 ad
654 3231 770 3292 domini
791 3229 951 3290 utilitatem
966 3229 1008 3290 ita
1021 3227 1259 3308 ordinantur,.ut¹
1273 3233 1399 3296 laeultas
1420 3237 1513 3292 tamon

446 3353 533 3398 serso
555 3333 655 3412 reipsa
679 3335 832 3391 remaneat
860 3330 1024 3390 existentiae
1047 3345 1122 3420 sua,
1144 3339 1293 3410 quantum
1315 3327 1391 3414 opus
1414 3321 1511 3404 est,atl

409 3476 418 3488 ·
447 3439 555 3510 Deum,
569 3433 713 3496 mimum
724 3445 816 3492 suum
829 3429 935 3504 linem,
944 3428 1157 3492 ordinandum.

482 3537 551 3596 lam
561 3550 598 3596 ea
607 3531 696 3594 dions
706 3529 901 3594 manifestum
915 3534 961 3590 est
973 3529 1146 3599 seruitutem
1165 3516 1341 3612 completam
1356 3538 1387 3596 et
1399 3525 1511 3593 absolu·
1595 3543 1596 3547 ¹

445 3641 520 3711 mm,
533 3632 635 3713 qualis
650 3630 733 3711 apud
753 3629 888 3690 ethninos
911 3628 1056 3706 quostiam
1077 3631 1275 3711 populosluit
1288 3633 1364 3696 olim
1389 3629 1508 3708 recepit,
1594 3661 1595 3668 ¹

440 3737 505 3816 iuri
511 3733 644 3798 naturali
652 3747 777 3812 prorsus
784 3743 963 3810 repugnare.

482 3837 578 3914 igitur
594 3836 648 3913 qui
672 3833 747 3894 olim
773 3849 896 3894 serrum
910 3832 1078 3896 inhumane
1094 3834 1267 3913 spectabant
1288 3843 1323 3898 ut
1333 3850 1399 3900 esse
1414 3823 1505 3910 quod·

441 3939 513 4000 dam
534 3937 573 3998 ad
588 3935 704 3999 domini
722 3933 838 3996 bonnm
857 3934 982 3994 omniuo
1006 3933 1191 4010 ordinatum,
1212 3953 1314 4000 rocem
1338 3934 1507 3998 abstractam

440 4043 553 4102 sevire
570 4034 796 4100 contundebant
817 4050 888 4096 cum
905 4049 975 4096 voce
999 4041 1135 4098 concreta
1154 4036 1403 4114 resumendam
1421 4030 1502 4111 ptam

440 4138 530 4200 modo
551 4153 613 4217 quo
632 4136 811 4228 rmntiores
833 4134 923 4194 multi
943 4137 1023 4214 juris
1037 4137 1151 4216 publici
1164 4136 1297 4200 doctores
1310 4133 1505 4201 inebriatam
1590 4135 1591 4139 ’

439 4239 584 4302 abstracte
608 4243 760 4316 sumptam
781 4253 852 4298 cum
874 4237 1009 4318 principe
1023 4245 1159 4300 murrata
1170 4241 1315 4302 existente
1329 4229 1503 4300 emundare

437 4345 667 4400 consueverunt.
683 4337 997 4416 thuoniamseroire
1010 4338 1048 4400 ad
1065 4339 1182 4401 'bonum
1206 4341 1321 4404 domini
1345 4344 1438 4400 totum
1462 4343 1504 4390 or·

438 4441 569 4512 watur,
580 4439 618 4500 ab
631 4455 728 4516 eoque
749 4437 878 4498 tonliter
901 4438 1060 4517 dependet,
1072 4448 1226 4519 propterea
1249 4443 1338 4504 etiam
1356 4435 1502 4499 homnem

438 4541 492 4618 qui
507 4537 863 4601 serviteaistimaruntad
880 4537 996 4601 domini
1008 4541 1122 4602 bonum
1133 4540 1264 4604 totaliter
1273 4539 1414 4605 ordinari.
1432 4531 1502 4594 fflssl

436 4649 625 4702 reroerortte
650 4647 722 4702 aunt
738 4641 942 4702 immanitates
963 4642 1023 4703 illm
1048 4643 1242 4706 dominorum
1264 4648 1296 4707 in
1311 4655 1419 4715 senos,
1440 4641 1501 4710 i¹¹ae

437 4741 605 4802 maximum
628 4742 734 4802 votens
760 4741 909 4802 societatis
931 4758 1055 4821 pagane
1079 4745 1261 4824 vituperium
1282 4749 1364 4817 sunt,
1378 4743 1463 4814 atque
1485 4739 1500 4784 ³
