3559 5675
562 756 670 806 some.
694 770 733 794 ·-
754 755 839 803 orere
859 752 1049 807 occuramus.
1291 744 1351 811 5t3

178 859 180 938 ζ
283 866 421 939 potestate
443 863 611 941 reformari,
629 870 664 924 ut
678 880 774 942 nuper
799 865 998 941 ostendimus,
1018 882 1134 946 semper
1154 866 1246 945 igitur
1258 874 1354 947 potest

177 958 185 969 '
281 961 404 1039 quilibet
416 964 455 1025 ab
463 964 677 1046 Episcoporum
686 964 800 1043 judicio
810 964 848 1027 ed
859 966 1171 1049 Sedemdpostolicam
1184 984 1352 1047 provocare.

177 1134 184 1144 1
282 1060 396 1124 Scilicet
413 1062 623 1145 appellationes
637 1064 675 1125 ad
690 1066 861 1128 Romanum
884 1066 1058 1129 Pontificem
1072 1074 1140 1147 post
1149 1084 1214 1130 rem
1235 1068 1272 1131 ab
1286 1070 1355 1149 lipi-

280 1162 376 1240 seopia
392 1163 560 1240 judicatam
577 1164 729 1243 pertinent
742 1162 780 1225 ad
799 1164 940 1227 diuinum
954 1166 1054 1245 iprum
1076 1167 1202 1247 jusque
1216 1168 1353 1231 Ecclesia

177 1249 181 1350 ζ
280 1261 450 1324 constitutio
462 1262 587 1325 definita
596 1270 652 1326 eet.

321 1364 469 1441 Attamen,
483 1365 509 1425 si
517 1364 551 1424 in
558 1379 741 1441 quaeamus
750 1380 783 1425 re
796 1364 898 1428 liceret
911 1364 948 1425 ab
962 1366 1100 1445 Episcopi
1110 1364 1223 1447 judicio
1236 1368 1273 1430 ad
1285 1372 1356 1431 Pro·

281 1462 389 1524 tsrchn
400 1467 573 1541 potestatem
585 1479 757 1544 provocare,
773 1465 952 1543 episcopalis
966 1470 1093 1545 potestas
1107 1466 1138 1526 in
1153 1482 1185 1528 re
1199 1468 1354 1549 ipsapror·

177 1572 186 1641 ζ
280 1578 335 1625 ens
349 1564 526 1643 concideret,
538 1568 569 1624 et
578 1562 770 1642 singularum
780 1564 975 1627 ecclesianam
987 1564 1164 1641 gubernatio
1173 1566 1256 1628 lieret
1269 1567 1357 1647 plane

177 1645 192 1685 Γ·
281 1661 488 1741 impossibilis.
505 1663 619 1724 idcirco
635 1662 723 1724 debet
736 1664 862 1725 omnino
875 1665 929 1741 jue
952 1664 1186 1744 appellationum
1210 1666 1358 1729 limitibus

177 1751 189 1788 ³*
280 1762 463 1842 quibusdam
473 1762 511 1825 ab
524 1764 589 1843 ipso
598 1762 758 1824 Protarcho
768 1762 974 1825 determinatis
988 1764 1128 1840 coerceri,
1141 1772 1170 1825 et
1182 1758 1220 1827 ad
1231 1768 1359 1843 majores
1452 1826 1457 1839 .

187 1859 191 1870 '
282 1847 400 1923 mnium
423 1880 540 1940 causas,
553 1877 621 1941 quae
636 1863 788 1939 longiores
799 1862 959 1926 dilationes
981 1865 1046 1926 sino
1061 1865 1144 1942 gravi
1170 1866 1359 1929 incommodo

282 1978 346 2022 non
357 1963 521 2041 patiantur,
531 1962 688 2025 reservari.
1277 1988 1279 1993 ¹

177 2053 187 2062 “
324 2062 384 2119 2⁰¹⁰
401 2062 546 2135 Quamvis
567 2061 780 2142 Episcopornm
795 2069 926 2144 potestas
945 2064 984 2124 sit
1000 2064 1110 2141 majori
1126 2063 1247 2125 cuidem
1259 2072 1360 2127 aucto·

177 2154 190 2193 '³
282 2159 365 2219 ritati
378 2159 584 2234 subordinate,
597 2165 751 2221 esttamen
761 2161 844 2222 illins
857 2162 1013 2241 praeceptis
1020 2160 1208 2242 decretisque
1220 2164 1361 2226 obedien-

177 2256 191 2296 ἱ
282 2258 371 2330 dnm,
386 2259 446 2319 nisi
458 2258 531 2335 quid
545 2259 696 2321 evidenter
707 2258 846 2320 illicitum
855 2260 973 2336 jubeat.
983 2262 1093 2337 Atque,
1102 2260 1156 2321 ubi
1167 2262 1203 2322 de
1213 2278 1246 2321 re
1256 2275 1361 2339 agatur

177 2371 188 2399 ··
284 2359 318 2418 in
327 2373 389 2435 qua
402 2360 568 2437 provocatio
582 2356 619 2418 ad
641 2358 829 2436 superiorem
847 2358 1054 2420 auctoritatem
1075 2358 1257 2433 conceditur,
1271 2360 1361 2421 etiam

177 2461 190 2501 ἱ
284 2465 359 2519 tnnc
373 2456 488 2535 jndicio
509 2458 646 2538 Episcopi
668 2458 794 2519 omuino
811 2463 858 2519 eet
870 2458 1155 2537 obtemperandum,
1171 2457 1264 2519 donee
1284 2458 1362 2520 illud

177 2568 184 2606 i
285 2560 363 2621 roro
372 2560 463 2620 inerit
477 2560 657 2636 rescissum3
673 2560 734 2620 nisi
747 2576 796 2620 res
808 2558 861 2619 illa
874 2560 914 2621 sit
925 2559 1073 2637 ejusmodi
1088 2565 1134 2635 ut,
1148 2560 1284 2640 Episcopi
1295 2576 1362 2621 sen·

177 2664 189 2704 τ’
285 2660 380 2720 tentia
392 2659 576 2721 exsecutioni
586 2659 742 2735 mandata,
753 2659 950 2740 impossibilis
962 2659 1015 2721 fiat
1036 2660 1206 2740 appellatio,
1221 2676 1288 2737 quae
1309 2676 1363 2739 per

177 2769 191 2809 'a
282 2761 357 2837 jnre
371 2757 670 2820 tamenconoedatur.

325 2859 388 2920 3⁰¹³
407 2859 541 2921 Consilia
558 2859 773 2938 Episcopornm
796 2856 920 2938 triplicis
947 2860 1067 2936 generis
1085 2864 1178 2919 snut:
1201 2857 1362 2938 praeculta,

177 2982 179 2997 2
282 2955 675 3037 monasteriorum.
688 2959 767 3037 iam,
780 2957 1036 3037 quemadmodum
1050 2957 1209 3034 generalis,
1221 2959 1264 3019 sic
1275 2960 1364 3020 etiam

177 3076 185 3112 ·.
284 3057 478 3138 provincialis
501 3057 741 3120 antdioecesanae
761 3056 867 3135 synodi
896 3056 1025 3131 decreta,
1038 3057 1222 3118 enituerint
1246 3056 1368 3136 publica

178 3190 188 3213 ,-
288 3159 418 3221 Romani
431 3157 584 3220 Pontificio
595 3157 808 3237 approbatione
832 3156 1030 3231 communita,
1044 3152 1165 3216 nullum
1179 3163 1302 3234 possunt
1316 3173 1367 3217 er-

177 3282 180 3313 ι
285 3274 390 3319 rorem
409 3257 444 3318 in
457 3254 516 3318 fide
529 3257 577 3320 uel
601 3256 736 3318 moribus
756 3256 919 3318 continere.
936 3255 1054 3316 liabent
1069 3257 1151 3317 euim
1175 3255 1232 3317 sibi
1244 3271 1368 3322 consen-

177 3382 187 3419 >
286 3359 413 3418 tientem
427 3359 561 3437 Petrum,
571 3359 660 3435 cujus
677 3357 764 3432 fides,
782 3355 901 3418 Christo
915 3355 1042 3419 Domino
1057 3359 1196 3436 testante,
1209 3371 1366 3435 uunquam

177 3512 183 3521 ,
285 3456 416 3518 deliciet.

690 3642 896 3705 suniericus
917 3642 965 3702 lV.

663 3819 708 3883 De
730 3819 986 3884 Proteatentiono.
1096 3871 1102 3876 .

328 4033 423 4096 1310.
440 4034 611 4094 dorsuonrr
632 4034 712 4092 l.-
732 4030 947 4092 Auctoritatem
965 4025 1113 4088 adhrieto
1128 4026 1256 4088 Domino
1269 4024 1371 4086 Eccle

283 4135 342 4196 siae
356 4132 499 4195 docendas
522 4136 553 4193 et
575 4131 777 4209 gubernanda
792 4129 980 4210 propositam
1003 4141 1110 4188 omnes
1123 4125 1205 4186 omni
1226 4125 1372 4186 memorie

283 4231 428 4294 haretici
454 4235 719 4310 morempsorunu
742 4228 882 4310 plerique
909 4228 1002 4290 etiam
1025 4230 1126 4306 aperte
1150 4222 1276 4304 professi
1300 4229 1373 4284 sunt

283 4333 415 4396 nullam
428 4332 592 4394 christiano
603 4328 720 4393 homini
733 4331 940 4392 anctoritatem
955 4328 1047 4390 aliam
1055 4330 1160 4406 prater
1174 4339 1271 4386 semes
1281 4323 1373 4402 scrip-

283 4445 376 4496 turas
399 4449 465 4495 esse
487 4432 716 4507 admittendam,
742 4429 860 4492 nullam
882 4430 1052 4491 christianae
1075 4425 1216 4488 doctrina
1243 4431 1372 4504 partem,

281 4535 413 4596 nnllam
427 4532 565 4612 cjnsdem
586 4532 860 4610 interpretationem
871 4529 993 4590 aliunde
1006 4543 1102 4606 quam
1121 4543 1138 4586 e
1155 4525 1249 4588 sacris
1269 4525 1376 4587 litteris

279 4634 397 4713 colligi
407 4649 505 4713 posse.
519 4633 603 4696 lianc
613 4630 738 4693 docendi
751 4628 920 4709 agendique
935 4627 1082 4690 rationem
1100 4626 1302 4706 antiquissimi
1315 4625 1379 4690 ha-

280 4735 379 4798 retici
401 4734 433 4794 in
451 4731 673 4813 ipsielaeoimin
693 4729 867 4814 primordiis
880 4729 1048 4791 solemnem
1073 4724 1380 4886 habuergrsntstlertnl·

397 4849 430 4898 n.
