3559 5675
810 749 889 797 lunis
909 749 1070 800 mvndi-18

819 967 1027 1031 Androclus
1047 971 1082 1030 V.

740 1152 784 1216 lle
805 1153 894 1234 depuli
911 1155 1146 1236 proemriptr'one.

451 1363 521 1424 941.
538 1363 759 1424 Nonianum-
771 1359 816 1420 ac
828 1361 952 1422 civicam
964 1359 1178 1440 perficiendam
1186 1361 1357 1424 felicitatem
1368 1364 1492 1426 divitia-

411 1479 479 1523 rum
490 1459 673 1522 abundantia
684 1475 745 1520 non
755 1458 874 1520 sufficit.
886 1461 1057 1521 Necessaria
1073 1461 1190 1522 civibus
1206 1468 1252 1523 est
1271 1463 1417 1524 securitas
1427 1469 1493 1525 orta

411 1560 628 1624 excertitudine
637 1558 935 1638 retinendipsrpetuo
947 1575 1015 1637 quas
1026 1560 1156 1637 quisque
1165 1561 1306 1639 possidet.
1314 1559 1406 1640 Atqui
1417 1563 1493 1626 huic

291 1641 301 1660 '
410 1669 615 1739 possessorum
635 1655 971 1735 tranquillitati,p'rmter
981 1657 1099 1732 delicta,
1117 1659 1275 1736 dequibus
1292 1662 1394 1720 statim
1414 1661 1494 1722 dice-

411 1757 583 1834 mus‚aliud
599 1757 784 1818 obstaculum
796 1757 827 1816 in
838 1751 956 1835 publica
963 1758 1100 1818 societate
1109 1758 1376 1820 cbestasocietatis
1385 1766 1494 1825 natura

411 1859 476 1940 ipsa
487 1857 664 1937 proveniens
680 1855 781 1932 :quod
793 1855 916 1932 quidem
925 1856 1114 1917 obstaculum
1124 1859 1321 1934 eomaJ'ustlt,
1332 1860 1495 1937 quolatins

412 1961 560 2022 societatis
571 1959 701 2020 evolutio
710 1964 740 2020 et
749 1960 926 2020 corumercia
940 1966 1087 2020 crescunt.
1102 1961 1198 2037 Atque
1210 1960 1267 2022 lioc
1278 1963 1381 2041 ipsum
1395 1963 1496 2024 obsta·

412 2060 516 2122 culum
531 2060 625 2120 oritur
638 2065 667 2118 et
680 2059 782 2120 crescit
796 2059 853 2118 sub
862 2059 926 2137 ipsa
937 2060 1013 2136 jarria
1022 2065 1053 2119 ct
1063 2062 1187 2137 justitia
1198 2062 1304 2124 tutela.
1325 2064 1446 2123 Etenim
1461 2065 1495 2123 in

413 2167 490 2222 statu
501 2159 660 2220 hominum
674 2175 748 2238 pure
767 2158 929 2218 domestico
941 2157 1019 2236 apud
1032 2158 1179 2218 familiam
1191 2177 1344 2238 utramque
1367 2163 1496 2241 patriar·

413 2260 530 2322 chalem
552 2276 632 2320 rinus
648 2265 692 2320 est
702 2257 866 2337 possidens,
883 2259 916 2317 in
930 2275 1026 2319 unum
1040 2275 1146 2320 omnes
1157 2261 1284 2320 lortrrnae
1297 2267 1404 2321 coacta
1420 2278 1496 2322 cou-

413 2361 534 2422 sistunt.
546 2361 582 2421 dt
595 2361 627 2420 in
641 2357 721 2420 civili
736 2359 872 2420 societate
886 2357 1071 2438 possidentes
1081 2359 1171 2419 multi
1183 2363 1272 2435 sunt3
1296 2365 1327 2419 at
1337 2359 1392 2419 alii
1402 2377 1496 2438 propa

414 2457 487 2522 alios
502 2463 734 2536 commorantur,
747 2462 776 2517 et
797 2473 939 2532 agrorum
954 2457 1111 2518 limitasse
1125 2463 1231 2519 mutuo
1240 2463 1379 2534 tangunt.
1402 2458 1496 2519 Com-

415 2559 533 2619 merciis
550 2575 619 2618 vcro
633 2556 914 2632 intervenientibus,
928 2555 1046 2617 infinita
1056 2563 1264 2618 contractuum
1279 2558 1410 2618 varietas
1425 2557 1498 2620 binc

415 2657 501 2720 illinc
522 2659 695 2729 alternatur,
711 2661 739 2717 ct
753 2657 901 2717 sociorum
928 2673 1017 2735 opes,
1043 2661 1108 2718 tum
1127 2656 1254 2718 mobiles
1276 2665 1341 2718 tum
1359 2657 1496 2735 stabiles,

415 2765 574 2841 perpetuos
587 2766 685 2820 ructus
703 2756 740 2817 ab
758 2757 826 2817 aliis
847 2757 879 2816 in
899 2755 973 2817 alios
988 2774 1170 2836 possessores
1180 2758 1301 2819 habent.
1313 2759 1455 2820 Jamvem
1465 2760 1498 2820 in
1603 2771 1605 2790 ¹

416 2856 535 2923 assidua
562 2860 618 2919 ieta
642 2862 848 2919 contractuum
864 2862 893 2916 et
913 2858 1103 2934 negotiorum
1129 2858 1349 2930 vicissitudine,
1377 2858 1411 2919 in
1434 2865 1497 2919 tam
1603 2936 1605 2945 γ

416 2966 495 3023 arcto
506 2960 653 3021 bonorum
669 2954 976 3035 contactu,'lacillime
993 2956 1058 3017 fieri
1071 2962 1177 3036 potest,
1193 2964 1228 3017 ut
1238 2958 1322 3018 trans
1333 2958 1438 3035 aliqua
1450 2957 1499 3019 vel

417 3059 551 3121 errorvel
564 3058 698 3137 deceptio
712 3059 854 3135 irrepant,
864 3056 977 3134 quibus
985 3056 1125 3137 deinceps
1136 3057 1225 3117 multi
1238 3064 1410 3119 contradus
1418 3058 1500 3119 bona

415 3160 474 3221 lide
490 3160 560 3220 iacti
582 3158 738 3219 vitientur.
761 3158 845 3216 Tunc
857 3173 939 3233 vero,
955 3157 1014 3216 nisi
1026 3156 1196 3217 remedium
1209 3156 1314 3218 efficax
1329 3156 1403 3218 huic
1417 3157 1499 3218 malo

416 3258 565 3335 alteratur,
580 3258 612 3316 in
627 3260 770 3335 perpetua
782 3254 984 3316 sollicitudine
1006 3260 1096 3333 atque
1122 3256 1269 3317 anxietate
1290 3256 1372 3316 cives
1383 3257 1497 3317 versari

417 3352 577 3436 oportebit,
585 3360 613 3415 et
623 3353 787 3429 unicuique
797 3352 971 3430 possidenti,
983 3353 1149 3429 unicnique
1159 3354 1337 3430 negotiatori
1348 3370 1405 3414 seu
1418 3370 1498 3415 mer·

416 3456 506 3519 calori
521 3452 688 3514 timendum
704 3452 759 3512 crit
770 3458 924 3531 perpetuo,
936 3470 974 3513 ne
988 3453 1119 3531 illaque
1132 3452 1264 3532 possidet
1274 3451 1323 3514 vel
1334 3460 1497 3528 mercetur,
1604 3512 1605 3519 ,

417 3556 520 3632 aliquo
533 3558 669 3614 veterum
682 3558 887 3613 contractuum
899 3554 971 3614 vitio
985 3553 1091 3613 iniecta
1109 3554 1181 3627 sint,
1203 3569 1370 3631 earumque
1382 3569 1499 3631 posses
1603 3604 1605 3609 .

418 3656 512 3727 sione,
529 3669 626 3730 quum
640 3652 766 3721 minime
779 3653 898 3729 cogitat,
914 3651 1077 3732 spoliatum
1092 3669 1124 3713 se
1137 3652 1257 3714 videat:
1271 3662 1407 3731 quorum
1421 3660 1500 3715 vete

417 3770 487 3813 rum
500 3756 704 3812 contractuum
716 3756 894 3828 argumenta
907 3749 1005 3812 afferri
1020 3758 1049 3811 et
1061 3753 1241 3830 propugnari
1254 3751 1503 3814 tantodiiticilius

417 3855 547 3931 possent,
561 3856 673 3927 quanto
687 3854 716 3910 et
727 3850 945 3928 complicatione
955 3856 985 3910 et
996 3851 1164 3927 antiquiora
1179 3848 1301 3911 illorum
1318 3850 1503 3913 documenta

418 3955 527 4011 essent.
542 3950 603 4010 lloc
623 3950 713 4026 igitur
734 3948 917 4029 periculum,
931 3965 991 4026 quc
1006 3948 1224 4028 possidentium
1249 3954 1279 4009 et
1295 3958 1503 4012 mercatorum

418 4050 568 4126 omnium,
583 4050 693 4111 scilicet
709 4049 857 4109 societatis
874 4064 949 4127 pene
965 4050 1066 4123 totius,
1081 4048 1283 4126 tranquillitas
1304 4056 1504 4126 everteretur,

417 4150 526 4211 acivili
539 4150 709 4211 auctoritate
727 4148 880 4208 efficaciter
891 4146 1084 4207 evermodum
1097 4159 1152 4208 cst.

459 4249 529 4310 clu.
545 4252 612 4311 l‘os.
625 4245 752 4308 ΜΝ
766 4248 837 4308 lure
851 4252 948 4327 potest
961 4263 995 4307 ac
1008 4246 1096 4307 debet
1116 4246 1213 4309 civilis
1226 4248 1389 4309 autoritas
1406 4257 1506 4312 certos

419 4351 560 4429 temporis
574 4347 683 4408 limites
693 4346 902 4415 determinare,
916 4345 993 4405 ultra
1003 4362 1080 4422 quos
1087 4347 1203 4407 nemini
1218 4348 1303 4408 liccat
1314 4363 1507 4429 utrocunque

421 4466 476 4511 suo
485 4452 554 4527 jure
571 4450 601 4508 in
611 4462 674 4507 rem
690 4446 728 4506 ab
743 4446 802 4506 alio
811 4462 979 4525 possessam
995 4446 1050 4505 uti.

459 4552 553 4611 Pacu.
570 4576 603 4593 -·
622 4544 667 4607 ld
680 4544 829 4625 publicam
843 4546 990 4607 societatis
1001 4549 1271 4627 tranquillitatem,
1290 4550 1327 4612 ad
1351 4568 1507 4615 commen

420 4648 536 4711 ciorum
547 4648 782 4727 prosperitatem,
792 4647 830 4709 ad
844 4648 1033 4709 securitatem
1043 4648 1234 4727 singulorum
1246 4650 1361 4712 civium
1376 4655 1506 4715 omnino

421 4754 465 4809 rat
479 4747 691 4825 necessarium,
703 4753 738 4808 ut
752 4764 790 4809 ne
806 4753 948 4827 perpetua
964 4748 1108 4810 subsistat
1118 4750 1197 4828 apud
1211 4749 1404 4829 possidentes
1413 4769 1506 4831 quos·
