3559 5675
567 785 676 835 sum.
699 802 741 822 -
760 788 845 835 snm
863 788 1004 836 cernuus.
1267 772 1322 837 itt

239 893 310 955 lium
323 894 506 956 sanantem
524 892 753 954 attollisionem
773 892 806 952 in
819 910 858 953 ra
876 894 940 972 ipsa
955 892 1166 971 applicandum
1188 899 1241 957 est.
1265 898 1325 959 llo·

239 994 360 1055 nmtica
370 994 524 1055 nirnirirm
535 990 693 1054 associatio
702 992 848 1053 naturalis
857 993 1057 1071 quodcunque
1069 994 1151 1054 aliud
1165 996 1322 1058 vinculum

239 1094 323 1172 longe
344 1098 589 1173 superatasque
609 1091 720 1154 idcirco
731 1094 867 1170 cujusvis
885 1093 964 1155 alius
984 1094 1132 1156 societatis
1143 1098 1196 1172 jus
1212 1112 1327 1159 succes·

239 1196 352 1255 mnam
368 1193 458 1255 elidit
468 1194 625 1255 macione
637 1194 747 1272 privat.

270 1296 310 1357 At
322 1310 400 1355 vero
419 1294 619 1372 querendum
632 1292 797 1354 hiesufim
817 1295 948 1355 omurrit
962 1311 1000 1355 an
1012 1296 1065 1373 jus
1084 1295 1212 1374 publicae
1228 1298 1327 1359 socie·

238 1396 301 1454 tatis
310 1396 540 1455 aumessoritrm
549 1392 701 1455 mnmmili
712 1393 845 1454 illarum
853 1394 1085 1455 domesticarum
1095 1392 1325 1461 assentationum

236 1497 296 1573 juri
308 1493 423 1555 cedere
436 1492 562 1569 debeat;
585 1494 658 1554 itam
672 1492 879 1573 incomestica
894 1494 961 1571 ipsa
976 1492 1110 1553 naturali
1132 1496 1269 1557 societate
1285 1514 1325 1558 an

234 1595 283 1671 jus
300 1594 444 1654 fitiorum
465 1593 625 1673 prevaleat
641 1594 707 1669 juri
727 1594 831 1653 uxoris
845 1598 899 1652 aut
916 1592 1042 1653 fratrum
1060 1597 1113 1653 aut
1130 1600 1325 1670 cognatorum

238 1693 470 1755 ascendentium
483 1698 514 1753 et
526 1692 706 1772 hujusmodi
722 1693 862 1753 aliorum.
885 1726 890 1731 ·

270 1798 348 1870 Quin
358 1795 435 1873 jura
449 1799 487 1853 ut
502 1794 534 1854 in
549 1788 642 1855 variis
652 1792 863 1855 collisionibus
873 1795 957 1870 iuste
975 1791 1170 1875 deliniantur,
1187 1792 1324 1857 haedus

239 1897 386 1976 principia
403 1895 499 1956 simul
512 1894 686 1956 adhibentis
699 1900 789 1956 sant:
804 1896 827 1954 l.
843 1896 898 1955 lus
918 1894 1001 1955 illius
1015 1898 1231 1959 successorium
1246 1916 1323 1978 prm-

239 1996 329 2071 ratat,
352 1997 410 2073 qai
432 2010 505 2056 cunr
527 1994 687 2057 domem
708 1996 854 2071 majorem
875 1995 1067 2072 substantia,
1091 1998 1322 2078 cogitationum,

240 2094 400 2158 mrem
413 2100 444 2158 et
460 2095 615 2156 sotionrrm
632 2096 879 2161 communionem
900 2101 990 2172 atquc
1011 2098 1156 2157 rrnimtem
1177 2096 1323 2174 habebat3

243 2197 275 2256 ll.
286 2199 344 2258 tas
356 2196 581 2258 suceessonum
600 2194 689 2255 illius
704 2195 954 2274 praesciaque
974 2196 1071 2273 magis
1093 2196 1202 2274 pendet
1220 2212 1325 2276 perpe·

246 2298 330 2357 tritas
340 2296 428 2357 itlius
449 2310 515 2357 esse
532 2296 624 2372 cuius
641 2295 814 2376 propagatio
826 2302 873 2356 sat
885 2296 1056 2375 precipuus
1076 2296 1146 2356 sinis
1159 2298 1240 2375 juris
1254 2312 1324 2357 suc-

282 2498 326 2558 i}
335 2495 457 2559 tecnas
468 2496 555 2557 hisce
569 2495 724 2575 principiis
736 2494 823 2556 valor
838 2494 958 2572 jurium
976 2493 1125 2572 ejusmodi
1144 2498 1325 2575 respectiius

242 2594 425 2673 judicandus
435 2602 491 2656 est.
508 2594 568 2670 Sic,
580 2612 608 2655 o.
623 2613 668 2675 p„
683 2595 709 2654 si
725 2601 881 2672 quamtus
896 2610 935 2655 an
947 2594 979 2653 in
989 2600 1110 2673 paterna
1124 2594 1204 2657 hona
1217 2612 1324 2659 succo-

242 2696 309 2757 tlcrs
322 2696 431 2760 nuum
445 2700 582 2773 opereat
594 2695 695 2774 potiru
711 2709 805 2772 quam
821 2694 931 2784 iliam,
945 2692 1168 2757 observandum
1183 2698 1239 2757 crit
1254 2699 1324 2758 uni·

241 2802 325 2858 tmen
337 2797 581 2874 un'irrsquecum
589 2802 672 2875 patre
682 2810 784 2874 parem
796 2810 873 2870 esse,
884 2800 914 2855 st
923 2794 1016 2872 patris
1025 2795 1252 2874 perpetuitatem
1262 2814 1325 2859 ms·

235 2899 279 2976 gir
292 2915 348 2978 par
360 2897 466 2959 fllium
479 2895 781 2975 sorsan‚acprcinda
793 2911 880 2975 possa
896 2895 967 2972 plus
980 2893 1095 2972 aliquid
1114 2895 1178 2956 tilio
1189 2913 1224 2958 cx
1237 2897 1325 2959 bonis

239 2997 372 3076 patmum
394 2995 533 3058 attritum,
557 2997 646 3070 item,
666 2994 861 3072 muneratur
879 2999 984 3052 utrum
1005 2993 1121 3068 injure
1144 2997 1326 3057 successoris

236 3115 312 3160 uxor
324 3097 401 3158 tiliis
410 3095 622 3176 anteponenda
632 3093 863 3172 nitriensium
872 3093 930 3152 erit
939 3093 1086 3152 unitatem
1099 3093 1223 3156 actioms
1239 3097 1323 3157 uxori

235 3215 304 3260 cum
330 3199 399 3259 viro
424 3198 575 3275 majorem
599 3211 677 3270 esse,
705 3201 736 3256 at
761 3195 795 3255 in
817 3193 893 3255 tiliis
919 3207 985 3256 ease
1008 3195 1153 3271 majorem
1177 3196 1324 3257 unitatem

235 3299 426 3360 mantia
448 3296 533 3358 llntic
550 3296 736 3373 intelligatur
755 3295 948 3356 usufructum
962 3294 1061 3369 uxori,
1081 3293 1250 3356 dominium
1270 3313 1325 3376 pa-

235 3407 394 3462 temomm
413 3397 563 3460 sonuum
577 3395 649 3458 filiis
660 3396 832 3458 convenire.
852 3395 999 3471 lienique,
1014 3395 1041 3454 si
1054 3399 1207 3472 queretur
1219 3403 1324 3458 utrum

236 3499 336 3558 arnico
354 3495 489 3557 ualidius
508 3501 657 3575 competat
677 3497 730 3572 ius
752 3495 786 3556 in
808 3494 959 3556 demortui
979 3493 1058 3555 bona
1079 3511 1173 3572 quem
1197 3495 1324 3574 publicu

235 3596 544 3672 musitassent
562 3594 749 3657 musioarare
764 3593 912 3657 enicem
931 3594 1019 3654 amici
1033 3609 1104 3654 cum
1116 3594 1213 3655 amico
1232 3601 1324 3656 tmam

234 3693 467 3756 cumdem
476 3701 506 3756 et
514 3692 689 3773 effusiones
700 3693 842 3754 socialem
849 3698 953 3754 autern
964 3691 1112 3752 unitatem
1122 3707 1186 3753 esse
1198 3693 1322 3769 realem,

232 3793 545 3869 armamentum
555 3790 973 3867 nscessitatibustundatam,
985 3795 1015 3850 at
1028 3789 1138 3852 ideirco
1151 3792 1322 3854 societatem

235 3910 301 3956 esse
311 3891 548 3972 peninsulam.

273 3995 412 4058 worn.
433 3995 517 4055 2.-
537 3991 662 4054 Familia
682 4008 750 4071 qne
767 3990 914 4052 hastam
931 4005 950 4050 s
969 3989 1056 4050 nobis
1075 3995 1203 4068 spectata
1225 3999 1271 4051 ast
1291 3995 1326 4051 ut

234 4109 358 4157 merum
371 4090 559 4155 cmsornm
572 4089 687 4153 ordinis
703 4089 814 4167 civilis,
826 4094 925 4169 potest
942 4087 1123 4165 quantoque
1140 4103 1205 4149 essa
1218 4105 1324 4149 asssu-

234 4197 318 4260 tialis
333 4211 405 4275 pars
423 4193 552 4274 politice
569 4193 804 4255 constitutionis.
826 4189 1007 4268 uniusmodi
1021 4197 1108 4252 arant
1126 4189 1223 4252 tribus
1243 4193 1328 4271 apud·

232 4297 367 4371 tuom,
377 4293 507 4358 nnita
519 4293 646 4373 patritie
659 4291 739 4371 apud
752 4293 915 4366 Romanoa,
928 4291 1052 4353 familia
1066 4293 1222 4353 senatoria
1238 4293 1323 4371 apud

234 4398 367 4461 t'anctos
386 4402 418 4456 at
433 4396 615 4468 lensenses,
633 4393 757 4456 tamilla
775 4392 1016 4454 achias-intota
1034 4409 1110 4472 pens
1128 4395 1246 4472 Europa
1266 4395 1323 4454 suti

231 4499 383 4576 mgirniuc
403 4493 527 4559 tendat.
538 4494 678 4554 lamssro
690 4493 722 4552 in
734 4491 940 4570 peculiaribus
958 4491 1044 4552 lrisce
1054 4507 1158 4552 rarum
1173 4491 1325 4568 adjunctis

231 4593 547 4660 mmematiotslium
558 4591 744 4654 tamiliarum
755 4597 802 4650 est
820 4589 887 4669 ipsa
897 4589 1000 4652 torma
1011 4597 1041 4652 et
1056 4590 1219 4666 organismi
1232 4593 1325 4651 socia-

232 4695 313 4758 liem
333 4693 534 4757 mesenatis.
556 4693 657 4764 Quare
679 4690 712 4750 in
735 4689 927 4752 societatibus
950 4689 993 4749 sic
1015 4689 1183 4749 mirstitutis
1204 4691 1323 4764 jurium

232 4795 496 4862 smoesseriorum
508 4791 591 4854 calor
603 4796 635 4854 at
645 4789 719 4854 ordo
729 4789 898 4869 plurimum
914 4789 1070 4853 immutari
1084 4787 1272 4850 ommutuit
1284 4788 1323 4851 ob
