3559 5675
497 716 558 783 384
906 731 987 779 sinn
1006 728 1166 777 inustus

497 841 559 901 lem
572 840 853 917 auetoritatem‚’jiss
869 846 1093 900 controversum
1108 837 1365 899 determinantem.
1378 838 1447 915 Ergo
1457 846 1527 900 tnun

493 944 548 1017 jus
565 938 729 1015 obligandi,
746 956 808 1016 quo
818 938 913 1017 judex
933 938 1038 1017 pollet,
1055 938 1094 999 ab
1115 938 1290 999 auctoritate
1302 938 1395 999 sociali
1408 938 1485 1016 qn'an
1498 958 1528 999 rs

498 1046 664 1120 presentat,
674 1040 773 1101 eidem
785 1040 934 1118 provenit.
945 1040 1023 1115 Ergo
1032 1036 1127 1114 judex
1140 1054 1203 1101 non
1218 1044 1312 1119 potest
1322 1038 1442 1115 obligare
1451 1039 1528 1099 nisial

498 1140 576 1202 illud
587 1140 669 1219 quod
682 1140 801 1203 sociatis
817 1140 979 1201 auotoritas
993 1138 1167 1199 decreverit.
1183 1138 1307 1201 socialis
1317 1144 1413 1199 autem
1430 1140 1530 1199 auetori-

498 1241 568 1301 tatis
578 1240 705 1315 decreta,
719 1238 832 1316 quibus
842 1239 956 1317 judicia
971 1238 1127 1315 dirigenda
1144 1240 1218 1314 sint,
1238 1239 1356 1316 legibus
1368 1239 1529 1299 eontinentur.

497 1339 577 1417 Ergo
585 1339 678 1417 judei
686 1341 792 1417 nequit
801 1339 932 1416 obligare
942 1340 1000 1399 uisi
1009 1339 1047 1399 ad
1058 1356 1170 1416 eaquae
1180 1339 1297 1417 legibus
1307 1340 1460 1420 praescripta
1469 1344 1530 1399 sunt:

498 1440 645 1499 nimimm
652 1438 748 1517 juder
759 1438 847 1501 debet
858 1439 891 1499 in
904 1439 1065 1501 sentientia
1075 1438 1200 1501 dieeuda
1212 1440 1365 1501 criterium
1383 1437 1467 1516 legale
1478 1454 1532 1499 seu·

497 1554 562 1619 per,
571 1546 720 1617 quandum
733 1540 799 1601 lieri
811 1544 919 1618 potest,
934 1540 1032 1617 sequi.

539 1639 577 1700 tt
589 1658 671 1715 vero,
683 1640 738 1717 qui
748 1641 787 1699 sit
799 1641 947 1717 cuiusque
957 1640 1033 1717 legis
1046 1642 1184 1719 proprius
1194 1639 1361 1713 acuminati
1373 1638 1533 1717 quanlegen

495 1756 693 1817 unaquaeqne
705 1756 807 1813 eausa,
816 1746 846 1800 et
856 1755 918 1801 nna
928 1756 1056 1819 quaeque
1068 1756 1244 1819 perseamae
1255 1742 1533 1819 pertineat,quantuu

497 1827 628 1918 denique
642 1839 797 1921 delegunt
812 1840 969 1901 severitate
989 1840 1099 1915 cuique
1121 1840 1198 1901 laeto
1216 1840 1423 1920 applioendum
1435 1838 1478 1912 sit,
1493 1850 1534 1897 nor

499 1938 586 1999 aliter
594 1937 689 2014 jnder
704 1936 828 1999 definire
840 1953 935 2013 qnam
959 1954 1011 2016 per
1033 1937 1252 1999 individualem
1265 1956 1353 2001 suam
1364 1935 1534 2000 eousoieuim

499 2042 609 2114 potest,
623 2034 803 2113 inquirendo
820 2035 933 2099 soilioet
945 2036 1024 2117 apud
1041 2038 1175 2116 seipsum
1187 2038 1261 2115 quid
1273 2039 1393 2119 propria
1401 2036 1474 2097 illios
1485 2032 1536 2094 rato

498 2135 536 2197 de
544 2137 686 2197 relatione
692 2135 763 2195 talis
770 2135 838 2198 teeti
848 2152 920 2197 oum
930 2136 983 2197 tali
997 2136 1195 2214 legejudieet.
1207 2140 1286 2215 Ergo
1299 2135 1536 2213 delletjudetiutit

486 2235 651 2313 proprium
664 2234 877 2322 conscientiam
898 2232 980 2309 leges
997 2234 1030 2293 in
1041 2235 1149 2312 quovis
1161 2250 1233 2297 oasu
1247 2235 1444 2314 interpretari,
1459 2230 1536 2293 etm-

497 2349 558 2413 que
570 2336 648 2397 laeto
663 2341 775 2397 certam
791 2333 903 2411 legem,
919 2340 1009 2413 prout
1027 2336 1093 2411 eius
1108 2336 1204 2415 ipsius
1222 2337 1297 2397 ratio
1319 2335 1455 2408 doouerit,
1469 2330 1537 2411 appli-

497 2454 579 2499 care.
594 2436 626 2497 ld
642 2443 747 2497 entem
764 2440 812 2495 est
827 2434 983 2495 criterium
1001 2435 1115 2497 morale
1127 2452 1198 2497 cnm
1211 2437 1331 2499 criterio
1347 2435 1432 2515 legali
1449 2435 1476 2494 in
1489 2444 1538 2493 sen·

498 2537 591 2598 untia
606 2534 732 2595 dicenda
741 2535 936 2609 conjungere.
951 2534 1041 2609 Ergo,
1057 2540 1113 2595 ete.

539 2638 629 2695 1120.
644 2636 778 2695 nouom
794 2667 832 2676 —
843 2634 879 2692 ln
891 2631 1015 2711 judiciis
1029 2649 1100 2710 ergo
1111 2634 1158 2695 lex
1169 2635 1232 2695 vim
1246 2636 1370 2715 praebet,
1382 2629 1538 2714 mtojudids

498 2738 599 2800 lueem
616 2734 742 2814 pratert.
759 2733 927 2811 Utrumque
947 2732 1210 2813 hougelemeutum
1228 2737 1356 2797 omnino
1378 2742 1421 2798 est
1434 2746 1539 2795 moesta·
1582 2726 1583 2808 l

498 2839 589 2899 rium.
606 2836 658 2896 Est
671 2840 773 2896 autem
786 2832 837 2896 hio
855 2833 1015 2912 diligenter
1035 2834 1339 2899 animadvertendum
1358 2836 1439 2902 aliud
1450 2845 1539 2915 prorsus

498 2953 564 3000 esse
574 2936 711 3016 iudicare
720 2952 757 2996 es
768 2935 1019 2996 suacenseientia
1032 2935 1069 2997 de
1077 2935 1275 3016 applicatum
1288 2938 1367 3016 legis
1383 2941 1494 3017 ejusque
1502 2949 1538 2992 u·

501 3040 768 3115 mentionemque
784 3035 868 3098 aliud
882 3035 921 3096 de
935 3035 1001 3114 lege
1016 3036 1235 3117 ipsajudioare.
1246 3040 1397 3103 Lereuim
1407 3039 1464 3118 ipsa
1472 3031 1539 3112 judio'

498 3138 682 3220 primipinm
697 3141 728 3198 et
743 3136 861 3196 axioma
879 3141 936 3212 est,
955 3135 1034 3196 nulli
1054 3137 1275 3215 oontrorersiae‚
1294 3138 1374 3199 nulli
1398 3127 1539 3198 dentulus

497 3239 661 3302 obnoxium
674 3251 765 3314 :que
777 3233 903 3313 quidem
915 3235 944 3294 si
955 3233 1049 3312 iudiei
1063 3236 1176 3313 iniusta
1185 3236 1332 3315 ridentem,
1348 3237 1434 3300 debet
1445 3233 1540 3306 neseio

497 3337 622 3400 dioiario
637 3349 763 3396 munere
780 3332 1049 3408 abdicantium
1066 3335 1149 3395 enim
1159 3333 1272 3412 judicis
1293 3353 1408 3396 munus
1419 3328 1539 3416 ‘immin

498 3437 563 3512 lege
576 3433 613 3496 ad
625 3439 742 3494 eertum
752 3433 866 3494 laetum
878 3431 1058 3512 applicanda
1070 3435 1203 3514 positum
1221 3436 1270 3514 sit,
1283 3435 1310 3496 si
1324 3437 1463 3515 injustam
1473 3427 1540 3509 iudet

497 3537 597 3613 legem
613 3551 681 3598 esse
691 3535 851 3612 existimet,
866 3536 955 3612 eique
968 3541 1070 3596 tamen
1082 3536 1113 3595 in
1127 3536 1277 3597 seniorum
1290 3534 1418 3598 dicenda
1427 3533 1540 3608 omoeu-

495 3647 558 3716 tur‚
569 3637 652 3700 illius
660 3637 815 3714 injustitie
828 3635 1004 3716 participem
1019 3653 1051 3696 ae
1062 3637 1231 3698 eonstituet.

541 3743 628 3800 1121.
645 3741 714 3800 Pos.
730 3738 814 3798 552⁸.
828 3768 867 3787 -
880 3737 1007 3814 Exime
1019 3735 1150 3798 naturali
1165 3753 1283 3816 semper
1296 3737 1369 3798 licet
1382 3727 1542 3808 subdituri

497 3846 605 3904 straete
618 3854 683 3900 rem
697 3837 867 3916 mundo,
884 3853 904 3896 a
917 3838 1065 3898 sententie
1077 3838 1261 3899 auctoritatis
1278 3837 1429 3899 interioris
1438 3833 1471 3898 sd
1479 3844 1541 3908 supe

496 3945 607 4006 riorem
626 3939 798 4020 appellare:
820 3944 851 3998 et
868 3953 1011 4015 suprema
1023 3937 1183 3998 auotoritas
1203 3943 1299 4017 potest
1313 3939 1421 4018 utique
1440 3952 1471 3997 ao
1482 3929 1542 3992 deltd

496 4049 592 4106 oertos
602 4041 684 4102 hisee
698 4037 949 4120 appellationibus
965 4037 1076 4098 limites
1091 4042 1230 4099 statum.
1578 4107 1579 4110 Ἴ

536 4147 631 4208 Pron
648 4145 679 4204 1·
694 4155 781 4202 stes.
796 4169 838 4190 -··
849 4137 919 4199 ram
930 4137 985 4198 lib.
1002 4138 1047 4214 6⁰,
1059 4153 1092 4198 u.
1115 4137 1176 4200 725
1184 4138 1316 4202 vidimus
1337 4140 1542 4213 universetllt
1578 4123 1579 4130 '

366 4325 370 4330 ,
497 4249 552 4310 ties
568 4245 730 4308 auotoritas
744 4239 922 4302 immediata
940 4239 1079 4303 ordinum
1097 4241 1131 4302 in
1151 4243 1300 4304 emsomo
1320 4236 1485 4322 partiomm
1498 4242 1539 4292 ott

495 4349 567 4409 satis
578 4341 1107 4421 enuntiat,atteteritatissuperioris
1117 4333 1541 4405 ollioiumesseintermmillu

495 4445 637 4512 oousortii
652 4442 846 4502 dimotionem
865 4457 980 4518 gerere.
995 4441 1084 4518 Ergo,
1099 4444 1220 4520 quoties
1233 4444 1392 4504 auotoritas
1406 4437 1511 4502 interior
1521 4431 1540 4486 io
1572 4462 1573 4465 ¹

495 4559 679 4626 quoeunque
688 4558 779 4604 cause
790 4541 903 4620 injuste
910 4539 1100 4620 judicaverit,
1111 4520 1271 4605 auotoritas
1280 4543 1469 4621 superiorius
1477 4531 1542 4594 hild

496 4652 618 4727 injuste
633 4643 717 4704 illius
736 4643 891 4704 sententiae
912 4641 1106 4720 oorrigende.
1135 4644 1212 4720 Ergo
1237 4641 1385 4724 superiori
1408 4624 1541 4704 auetorittl¹

495 4761 612 4828 semper
617 4748 669 4826 jus
681 4749 727 4806 est
737 4743 890 4806 „nentia
899 4743 937 4804 ab
950 4741 1090 4806 interiore
1114 4741 1201 4807 diota
1216 4739 1438 4822 cognoscenda,
1454 4733 1543 4818 quotes
