3559 5675
481 757 541 833 m
891 736 971 821 runis
990 776 1148 823 numnius

526 885 613 949 1295.
635 882 765 947 Concu.
779 916 821 929 -
838 882 946 941 Omnis
964 880 1087 957 quidem
1109 881 1274 947 emurchae
1292 886 1398 969 decreta
1415 894 1439 949 et
1453 888 1513 965 leges

483 993 555 1049 sunt
574 988 607 1046 iu
627 1001 683 1045 suo
703 982 806 1045 ordine
820 976 1067 1061 irreformabile.
1083 982 1120 1041 itt
1133 980 1166 1043 in
1179 981 1315 1047 societate
1326 988 1445 1063 qualibet
1454 1004 1515 1049 mere

483 1088 628 1159 humana,
640 1081 697 1144 hoe
711 1082 775 1161 ipso
787 1076 868 1158 quod
881 1072 949 1138 talis
962 1078 1085 1139 societas
1099 1074 1225 1161 ejusque
1239 1084 1389 1147 auctoritas
1401 1086 1428 1145 in
1437 1086 1517 1148 ordine

482 1190 641 1247 versantur
658 1198 740 1243 mere
759 1174 916 1257 temporali
935 1183 964 1238 et
983 1178 1256 1269 externonullum
1271 1182 1433 1246 Protarchie
1444 1181 1518 1245 deere-

483 1289 550 1347 tum
564 1287 660 1363 potest
673 1281 711 1343 ad
725 1280 872 1340 internam
884 1274 982 1365 fidem·
989 1276 1134 1357 obligare,
1148 1296 1181 1343 ac
1194 1282 1318 1363 proinde
1330 1290 1373 1345 cst
1387 1286 1415 1345 in
1427 1291 1519 1345 externo

483 1371 585 1444 'solum
606 1378 711 1441 ordine
727 1374 955 1439 irreformabile.
974 1374 1175 1463 Ecclesiaslica
1191 1372 1361 1443 Protarchia
1376 1382 1519 1442 econuuio

483 1482 628 1562 quoniam
646 1476 684 1541 ad
698 1478 848 1540 internam
861 1474 1009 1555 precipue
1022 1473 1112 1537 lidum
1127 1492 1161 1537 ac
1175 1464 1283 1539 deinde
1297 1496 1348 1563 per
1360 1476 1520 1541 intemaml

484 1582 555 1646 dem
569 1578 608 1643 ad
624 1584 760 1640 externas
777 1590 899 1655 quoque
917 1574 1046 1665 actiones
1060 1570 1219 1637 efficaciter
1231 1576 1407 1641 ordinandas
1419 1584 1521 1639 estnon

484 1680 599 1758 atituta,
614 1682 682 1757 ejus
696 1678 813 1738 deomta
832 1668 906 1734 sunl
922 1670 1153 1735 irrelormaliilia
1166 1676 1256 1737 otiam
1273 1677 1306 1738 in
1319 1666 1416 1741 ordino
1429 1676 1523 1739 interm

484 1778 566 1842 fidei.

524 1883 724 1962 Quapropter,
738 1882 773 1938 ut
785 1876 868 1937 laica
882 1872 1060 1937 Protarchive
1074 1874 1191 1938 decrela
1205 1876 1266 1939 sint
1279 1874 1453 1959 obligatoria,
1466 1875 1524 1941 suffi-

485 1984 528 2045 cit
549 1980 630 2060 quod
649 1977 728 2040 nihil
751 1992 786 2038 ea
805 1976 961 2037 manifeste
981 1976 1153 2037 contineant
1172 1974 1283 2040 divinis
1305 1980 1417 2058 legibus
1436 1988 1525 2041 contn-

485 2084 579 2158 rium,
593 2097 691 2160 neque
712 2083 757 2139 es't
774 2088 897 2138 necesse
918 2080 951 2136 ut
972 2082 1087 2137 mentes
1104 2076 1230 2139 interius
1242 2079 1375 2159 obligent
1391 2082 1424 2143 ad
1436 2081 1527 2142 lonast

482 2183 567 2261 juita
582 2176 730 2241 credenda
748 2192 784 2237 ea
801 2190 869 2253 qua
886 2174 999 2233 luerint
1019 2184 1163 2255 praecepta
1183 2196 1190 2237 :
1213 2188 1371 2242 externum
1389 2180 1526 2261 quippeor·

487 2282 591 2344 duem
611 2273 711 2342 solum
731 2293 767 2337 ea
786 2272 904 2355 proprio
921 2287 1047 2335 munere
1061 2280 1180 2355 tuetur;
1197 2294 1232 2339 ac
1245 2280 1382 2361 proinde,
1393 2280 1441 2341 ubi
1456 2286 1526 2341 erte

485 2402 553 2443 rrum
566 2379 709 2441 acteonem
723 2372 895 2436 ordinatam
908 2374 1050 2449 obtineat,
1061 2376 1138 2436 nihil
1152 2382 1294 2458 praterea
1309 2386 1403 2461 potest
1409 2385 1470 2463 jure
1481 2395 1525 2459 poe

487 2484 596 2546 tulare.
610 2481 647 2541 At
660 2476 865 2541 ecclesiastica
886 2472 1063 2535 Protarchiae
1087 2481 1200 2541 munus
1222 2480 1380 2559 proprium
1399 2488 1440 2543 est
1454 2480 1525 2564 prino

486 2578 611 2660 quidem
627 2592 660 2637 ac
679 2574 788 2636 directe
811 2573 961 2633 internam
980 2573 1130 2634 sociorum
1144 2575 1235 2637 iidem
1254 2576 1413 2641 efficaciter
1433 2576 1528 2640 ordino·

486 2694 533 2757 re,
551 2684 615 2738 tum
636 2682 789 2735 externam
809 2686 931 2751 quoque
951 2670 1099 2733 actionem
1110 2676 1332 2740 accommodate
1348 2678 1384 2741 ad
1396 2674 1527 2741 uultu
1582 2664 1583 2667 '

492 2792 682 2858 componere.
707 2768 803 2850 Ergo,
821 2778 856 2832 ut
876 2774 943 2850 ejus
961 2770 1077 2833 decreta
1096 2774 1156 2835 sint
1174 2771 1367 2855 obligantis,
1386 2774 1481 2842 debent
1494 2772 1529 2837 illa

488 2881 639 2942 internam
654 2875 744 2936 fidem
757 2881 837 2934 reete
856 2879 886 2932 et
904 2871 1062 2934 efficaciter
1077 2875 1229 2953 ordinare,
1244 2876 1382 2958 adeoque
1394 2897 1452 2941 ease
1466 2871 1528 2938 inid·

486 2977 593 3042 libiiia.
610 2976 671 3037 iloc
688 2976 791 3052 itaque
804 2971 895 3053 plane
908 2979 1094 3052 compertum
1108 2980 1153 3035 est
1164 2987 1254 3056 auue
1269 2979 1461 3060 exploratum,
1472 2977 1528 3038 lain

487 3081 572 3146 omni
586 3073 788 3139 Protriarchia
801 3087 955 3133 summam
969 3083 998 3134 et
1013 3073 1260 3138 irreformabilem
1273 3067 1438 3160 competere
1450 3077 1529 3155 valor

486 3182 639 3246 nationem
651 3173 740 3235 solius
750 3171 875 3233 actionis
887 3179 1035 3249 exterrere·
1046 3173 1271 3238 eeclesiasticam
1282 3189 1355 3242 vero
1367 3175 1529 3242 Protarehian

487 3279 602 3361 pollere
613 3273 714 3336 divina
724 3277 867 3352 potestate
884 3287 947 3331 uon
969 3271 1068 3332 solum
1088 3281 1221 3336 externe
1239 3261 1377 3356 actionis,
1398 3275 1446 3338 sed
1463 3273 1527 3335 etim

487 3382 616 3442 interve
628 3373 701 3458 fider·
715 3371 927 3450 gubernande,
940 3371 1089 3433 etidcirco
1104 3389 1168 3435 esse
1182 3361 1382 3456 insolubilem.

530 3479 632 3542 llultis
652 3473 750 3536 modis
767 3473 901 3552 idipsum
920 3481 1076 3553 propterea
1094 3475 1258 3554 repetimus
1273 3483 1302 3538 et
1319 3475 1530 3550 inmlcamueu
1581 3521 1582 3528 r

487 3579 552 3642 hac
569 3579 678 3640 veritas
691 3573 861 3653 gravissimi
876 3573 954 3633 inter
970 3584 1076 3634 omnes
1090 3577 1246 3648 momenti,
1263 3576 1480 3656 multorumque
1491 3587 1531 3632 ru·

487 3681 574 3743 ribus
593 3676 780 3760 permolesta,
796 3672 915 3752 penitus
933 3671 967 3732 in
984 3673 1101 3734 aninmo
1114 3675 1177 3735 veri
1195 3677 1336 3755 equique
1351 3675 1486 3739 studiosos
1497 3683 1529 3728 sl·

486 3782 567 3854 licat,
581 3781 613 3839 in
627 3779 724 3853 iisque
737 3773 864 3834 tirmiter
877 3771 1015 3834 insideat.
1259 3847 1262 3852 Ι
1341 3772 1342 3776 ’

532 3873 620 3943 1196.
639 3875 706 3940 ros.
723 3875 808 3937 old.
822 3905 860 3918 -
873 3871 1012 3935 Ecclesia
1026 3875 1196 3938 Protarchis
1214 3887 1313 3956 neque
1328 3881 1360 3941 in
1375 3875 1526 3942 6111111110·

488 3999 559 4046 rum
571 3976 765 4041 multitudins
778 3973 1052 4047 indiscriminatim,
1072 3987 1170 4053 neque
1185 3978 1216 4038 in
1230 3977 1424 4040 multitudine
1436 3975 1528 4054 Episco-

488 4095 598 4166 porum
610 4077 754 4157 disperso,
768 4073 913 4152 usquein
927 4073 1037 4135 horum
1052 4076 1178 4139 coneilio
1192 4075 1326 4166 residere
1336 4083 1439 4158 potest

531 4187 625 4246 hoa.
639 4183 668 4240 1·
681 4193 768 4240 nrm.
779 4210 818 4221 -
836 4176 867 4235 1ο
881 4174 1012 4238 Ecclesia
1022 4187 1213 4256 nequaquam
1226 4185 1270 4239 est
1287 4181 1410 4240 societas
1421 4173 1529 4236 volunt·

489 4287 548 4360 ria,
563 4281 615 4344 sed
635 4297 653 4340 a
672 4278 850 4360 prevalente
869 4275 1029 4353 cujusdam
1049 4277 1223 4358 superioris,
1244 4293 1352 4359 nempe
1371 4273 1471 4340 Christi
1488 4271 1529 4329 llo

489 4386 580 4460 urini,
590 4385 661 4460 jnre
675 4381 834 4441 constituta
845 4373 960 4455 (¹277).
971 4373 1050 4455 Ergo
1062 4381 1129 4457 ejus
1139 4377 1309 4441 Protarchia
1322 4379 1438 4452 residet,
1447 4365 1529 4435 uouit

487 4482 695 4552 multitudinis
705 4495 866 4556 consensu,
877 4487 913 4540 ut
927 4477 959 4540 tlt
972 4481 1005 4540 iu
1019 4481 1155 4542 societate
1167 4476 1332 4543 voluntaria
1345 4474 1448 4560 equali
1459 4465 1527 4553 (sut

487 4583 543 4652 sed
553 4588 585 4646 in
597 4598 631 4644 eo
641 4584 693 4661 qui
708 4579 838 4661 possidet
848 4585 902 4659 jus
919 4579 998 4640 illud
1012 4582 1188 4660 prevalens,
1201 4587 1252 4642 aut
1264 4583 1296 4643 in
1307 4583 1361 4644 illo
1372 4583 1417 4643 cui
1429 4576 1471 4639 hic
1480 4585 1527 4634 auc

488 4685 615 4750 totitatis
633 4701 694 4745 suar
705 4684 800 4744 vicem
819 4681 1003 4760 deputaverit
1019 4679 1082 4763 1111).
1096 4697 1140 4761 vr,
1156 4695 1221 4763 cap.
1233 4681 1263 4757 4,
1284 4689 1338 4744 art.
1353 4683 1395 4760 2),
1413 4677 1527 4740 nimirum

487 4789 523 4850 in
533 4787 651 4850 Christo
658 4787 798 4868 mmiuo,
807 4783 946 4846 seriens
961 4783 1124 4866 conditore,
1137 4784 1234 4846 autin
1247 4781 1302 4844 illo
1311 4791 1400 4870 quom
1411 4773 1527 4854 pommus
