3559 5675
472 703 532 766 652
882 721 962 767 rurus
982 719 1138 767 namneus

474 843 573 923 veriti,
584 861 683 908 nuum
692 845 938 909 adhuccarqum
952 849 1091 924 ttagnum
1101 841 1334 923 appellabimus,
1342 835 1514 916 atquemiu·

471 941 526 1016 ius
545 944 641 1025 ipsius
657 947 743 1010 iactis
756 953 787 1008 et
801 947 886 1008 dietis
904 945 1072 1007 innumeris
1085 943 1144 1004 hare
1158 939 1361 1021 spectantibus
1376 937 1431 998 hoe
1442 951 1515 996 uuun

478 1044 644 1122 capitulum
654 1047 819 1110 mutemus
831 1049 906 1108 :ein
917 1047 1092 1108 memoriam
1104 1043 1183 1105 beati
1194 1041 1271 1104 Petri
1278 1036 1518 1118 Apostotiuouou-

478 1158 548 1203 mus
560 1151 695 1207 usnemu
707 1149 871 1208 Romanam
883 1153 913 1209 et
926 1145 1124 1228 apostoticam
1136 1142 1256 1212 sedem,
1270 1145 1307 1200 nt
1320 1153 1389 1216 que
1402 1135 1477 1196 nubis
1485 1151 1520 1193 aa

479 1241 634 1306 oerdotaiis
648 1253 743 1308 mater
756 1253 801 1308 eet
814 1247 977 1324 dignitatis,
993 1261 1057 1306 esse
1073 1243 1180 1305 demin
1193 1238 1401 1302 oeniesiastine
1411 1235 1520 1311 magistu

479 1343 614 1432 rationis.
638 1347 737 1419 Quare
761 1345 907 1408 servanda
928 1351 971 1406 est
988 1361 1058 1405 eum
1079 1339 1314 1403 mausuetudine
1333 1333 1521 1406 humilitas3ut

482 1442 880 1507 tieetvirIerendumabitlu
890 1447 995 1508 Sancte
1002 1444 1076 1505 Sede
1087 1445 1255 1522 imponatur
1262 1441 1390 1517 jugum,
1401 1432 1523 1495 umente

482 1559 595 1615 remus,
611 1551 639 1605 et
654 1546 702 1624 pia
713 1545 868 1606 devotione
879 1546 1054 1606 toleremus.
1071 1543 1101 1602 Si
1117 1557 1188 1603 vero
1201 1537 1295 1618 (quod
1307 1533 1467 1610 uoudmet)
1479 1533 1523 1609 qui·

483 1639 566 1714 tibet,
582 1643 645 1705 sire
664 1646 703 1705 sit
727 1645 880 1724 presbyter
894 1645 956 1706 sire
978 1643 1135 1715 diaeonus,
1150 1640 1285 1718 aliquam
1307 1633 1525 1716 perturbationem

484 1742 686 1804 praesumendo
697 1753 727 1806 et
738 1753 840 1806 riostro
853 1745 1020 1805 ministerio
1039 1740 1223 1811 insidiando,
1240 1737 1440 1813 redarguatur
1450 1731 1526 1792 tainu

484 1843 521 1900 ab
530 1843 694 1921 apostotus
704 1845 778 1905 Sede
788 1845 930 1905 detuiisse
942 1843 1110 1922 epistolum,
1123 1842 1170 1902 uel
1181 1838 1262 1900 aliud
1273 1833 1393 1915 aliquid
1403 1831 1474 1910 quod
1482 1829 1528 1888 'uuir

488 1957 547 2000 nou
557 1946 683 2020 venerit3
695 1945 777 2006 salva
787 1945 845 2006 fide
857 1953 887 2006 et
898 1947 1013 2022 integra
1023 1945 1099 2005 eirea
1111 1939 1315 2020 apostolieum
1326 1932 1528 2008 humilitaten-

489 2056 543 2100 nrs
555 2041 733 2122 Episcopum
744 2045 782 2104 sit
793 2051 931 2122 protentus.
946 2053 1049 2105 utrum
1061 2059 1131 2105 eum
1141 2036 1173 2102 ἢ]
1185 2055 1336 2101 cernerem
1347 2043 1397 2098 eut
1411 2033 1488 2094 aliam
1498 2027 1529 2086 ie

491 2138 592 2200 trudat
610 2141 787 2216 custodiam,
805 2161 962 2224 uusquequo
985 2161 1038 2223 per
1057 2143 1214 2222 epistolam
1230 2145 1284 2200 aut
1299 2133 1529 2217 peridoneum

492 2239 584 2316 partis
594 2239 706 2316 legatos
715 2242 913 2322 apostolicam
922 2243 1089 2322 interpellet
1098 2231 1530 2314 sublimn-utemutpouusimu

493 2345 554 2398 mm
571 2347 674 2401 saneta
699 2341 843 2419 legatione
862 2344 1004 2422 dignetur
1017 2342 1175 2404 deseruere
1185 2385 1195 2416 ‚
1209 2339 1282 2417 quid
1298 2337 1339 2398 de
1358 2333 1459 2396 tatibus
1476 2330 1530 2406 juno

493 2437 598 2499 ordine
621 2447 729 2500 emtnat
746 2440 794 2500 iex
809 2445 943 2502 Romana
955 2441 1092 2515 definire,
1107 2447 1141 2500 ut
1157 2446 1187 2498 et
1201 2443 1226 2500 is
1240 2439 1422 2513 porrigatur,
1437 2438 1462 2491 et
1472 2433 1532 2488 eat

494 2535 537 2594 ris
549 2537 656 2597 modus
671 2540 869 2618 imponatur»
888 2543 940 2616 (a).
958 2545 1065 2618 inquo
1078 2539 1195 2600 decreto
1211 2541 1339 2614 itaguns
1353 2527 1533 2612 imperarunt!

495 2634 625 2712 quisque
638 2637 729 2714 uidet,
744 2657 933 2718 nequaqnam
948 2641 1004 2700 sibi
1020 2639 1109 2700 linere
1119 2637 1236 2718 judicat
1248 2635 1454 2716 presbyterum
1466 2625 1533 2687 uum

497 2733 544 2795 vet
563 2735 740 2813 diatonum,
755 2741 895 2817 quamvis
915 2741 990 2801 laese
1012 2741 1175 2818 majestatis
1197 2735 1362 2809 nouviotos,
1383 2749 1419 2794 ex
1439 2725 1534 2790 auetori-

498 2842 556 2897 tute
569 2855 624 2897 sua
638 2839 764 2900 seculari
782 2842 900 2919 punire,
914 2840 963 2902 sei
979 2856 1042 2901 rem
1063 2844 1156 2901 totam
1170 2854 1292 2899 summo
1308 2831 1441 2897 Pontifini
1454 2835 1478 2891 et
1488 2825 1534 2904 Epi·

498 2936 622 3015 acopiua
634 2938 907 3017 sepennitteudam
922 2946 999 3001 esset
1011 2945 1121 3000 censet.

539 3038 726 3117 Quapropter
748 3040 888 3113 leonem,
904 3040 1116 3119 imperatorem
1140 3034 1385 3107 monomachum,
1400 3034 1534 3105 increpata,

501 3136 564 3197 hmo
582 3138 661 3197 inter
683 3136 742 3199 atie
766 3138 862 3199 muita
873 3138 1077 3217 pulcherrima
1090 3142 1210 3197 senous
1228 3136 1361 3195 ioannes
1376 3134 1535 3193 namnum

501 3236 674 3313 eloquitur:
689 3238 905 3311 «Mementote,
919 3238 1017 3314 inquit
1033 3236 1084 3313 (bi,
1093 3236 1323 3315 prepositorum
1335 3220 1535 3299 vernonum*

503 3336 586 3396 uobis
604 3336 694 3397 ioenti
706 3344 778 3399 sunt
791 3338 917 3399 uerbum
932 3338 995 3413 Dei,
1009 3352 1141 3413 quorum
1156 3338 1309 3397 intuentes
1323 3334 1436 3393 exitum
1449 3338 1535 3387 morer·

503 3436 638 3512 sationis,
658 3439 818 3498 imitamini
832 3436 933 3498 tidem.
953 3437 1084 3497 t'erbum
1103 3451 1163 3496 uon
1177 3440 1250 3495 suut
1262 3432 1355 3495 locuti
1373 3429 1452 3492 vobis
1465 3428 1535 3499 Rege

504 3534 556 3595 sed
565 3536 695 3614 Apostoli
709 3543 738 3598 et
752 3536 906 3615 Prophetae
917 3540 1110 3612 pastoresque
1119 3536 1333 3595 etiioutores...
1350 3534 1461 3606 Regum
1470 3520 1536 3585 ostri

505 3635 574 3696 vitis
586 3635 824 3697 administrator
840 3636 1038 3696 ecelesiastica
1051 3650 1121 3697 sero
1133 3633 1305 3695 eonstitutio
1320 3634 1468 3692 Pastorum
1480 3628 1536 3695 aliti

506 3736 674 3797 [tectorum.
685 3738 816 3815 {inpetus
833 3736 888 3795 iste
896 3734 1046 3795 latronum
1055 3748 1100 3795 est
1108 3779 1118 3810 ,
1129 3734 1250 3795 iratres:
1262 3731 1336 3792 Saul
1351 3726 1437 3791 seiriit
1448 3720 1535 3804 putu

506 3834 675 3895 ¹taurinis:
690 3842 719 3893 at
729 3833 801 3913 quiid
813 3834 840 3893 ei
850 3834 988 3911 contigit!
999 3832 1346 3910 absurdioregnumejus
1358 3832 1464 3892 Deus...
1476 3816 1536 3883 tirri-

506 3934 580 3995 ehaei
597 3935 786 4013 euangelium
798 3938 965 3999 seeundum
978 3936 1126 3997 Thomum
1144 3933 1387 4011 oonsuripseruut
1402 3932 1448 3987 :et
1459 3932 1535 4021 rotatb

507 4034 640 4095 eundum
664 4036 792 4097 Leonem
806 4036 994 4113 evangelium
1008 4034 1138 4097 scribite.
1162 4034 1225 4095 Non
1244 4032 1374 4109 suscipio
1394 4028 1487 4102 Regem
1502 4012 1534 4073 ἑὼ

510 4152 563 4212 per
579 4135 768 4212 tyrannidem
783 4136 979 4198 sacerdotium
994 4132 1207 4196 vindicantem.
1221 4130 1450 4193 Novii'eleutem
1462 4126 1535 4192 &iffi

510 4238 574 4315 qui,
587 4255 683 4314 quum
698 4238 878 4299 christianus
890 4236 1111 4310 nominaretur,
1125 4232 1320 4294 ormodonm
1329 4228 1416 4291 fidem
1425 4226 1535 4305 peritii

509 4335 616 4413 batim
633 4338 781 4399 Zenonem
798 4338 871 4397 item
884 4344 914 4399 et
933 4338 1134 4409 anastasium,
1150 4340 1180 4396 et
1193 4332 1377 4403 Heraclium,
1391 4332 1418 4389 et
1434 4324 1535 4421 Constar-

514 4436 610 4497 tinum
631 4438 718 4501 ilium
737 4438 835 4517 quiin
855 4438 1032 4514 Sieiliaiuit,
1045 4436 1309 4511 etBardanisoem,
1323 4434 1375 4512 qui
1395 4436 1421 4491 et
1433 4420 1534 4495 Phiiipp-

513 4552 567 4597 rut
584 4540 750 4618 appellatus
770 4548 826 4602 est.
843 4543 906 4603 Nou
921 4540 1010 4617 regiis
1026 4538 1152 4615 regulis,
1168 4537 1219 4599 sed
1237 4536 1341 4615 patriis
1354 4524 1533 4595 innuisti*

545 4722 581 4765 ‘m
597 4722 671 4775 ibid..
684 4735 742 4771 nen.
754 4726 808 4771 nit.
821 4738 846 4773 n.
860 4728 896 4773 tn.
914 4750 942 4761 -
957 4725 989 4781 ‘tit
1007 4726 1077 4771 tuan.
1094 4722 1206 4771 trano-c.
1223 4719 1287 4781 opud
1302 4719 1398 4767 iinon..
1410 4706 1505 4761 antistiti
