3559 5675
537 697 641 742 annun.
671 715 700 726 κ
725 698 806 740 neuneu
829 697 959 743 necturus.
1234 685 1294 750 309

276 797 390 860 t'nissrso
407 802 681 879 mjnequenationis
695 801 806 862 divitiae
828 807 902 864 tunm
920 804 1019 866 solum
1032 811 1181 882 creseunt,
1196 823 1292 890 quum

273 897 311 956 illa
322 898 394 960 nuta
403 908 487 978 potest
498 901 628 963 obtinere
639 902 741 962 omnia
752 919 819 979 qum
841 903 926 964 illins
940 907 1164 968 necessitatibus
1180 905 1295 968 satisfa-

271 996 330 1054 cient
347 999 442 1077 (1084).
456 1003 528 1077 Ergo
548 1001 631 1063 dives
653 1003 802 1080 quaepiam
816 1004 895 1062 natio
917 1009 961 1064 est
983 1021 1043 1065 non
1060 1005 1182 1082 quidem
1197 1021 1294 1082 queem

271 1109 357 1156 merces
365 1099 465 1159 canore
476 1101 576 1179 pretio,
600 1100 652 1161 sed
663 1117 760 1178 quum
775 1101 880 1164 viliore
894 1104 987 1180 pretio
1005 1110 1151 1164 coustant.

299 1195 441 1256 Notandum
452 1204 549 1262 umen
561 1207 618 1275 est,
631 1202 782 1261 caritatem
794 1217 829 1260 ac
839 1201 981 1262 uilitatem
996 1204 1143 1265 mercium
1157 1219 1218 1266 nnn
1232 1219 1296 1292 esse

269 1293 415 1356 metiendam
427 1299 611 1362 solummodo
622 1303 756 1379 pecunia
767 1317 889 1362 summa
902 1302 937 1362 ad
952 1303 1087 1378 singulas
1106 1303 1173 1365 illus
1187 1319 1294 1365 emen·

267 1387 306 1449 das
315 1398 466 1473 necessaria,
477 1399 526 1460 sed
538 1403 728 1478 proportione
740 1402 997 1478 permutationum
1012 1395 1079 1480 qum
1092 1403 1171 1464 inter
1183 1419 1298 1466 merces

267 1503 427 1572 numenque
448 1498 510 1560 lieri
529 1500 656 1577 possint,
685 1500 833 1560 nimirum
856 1501 980 1561 relativo
1002 1502 1139 1563 omnium
1169 1504 1299 1564 intense

267 1591 380 1652 nennium
391 1597 490 1673 pretio.
506 1601 542 1659 ln
554 1599 751 1675 nonuncium,
769 1599 893 1676 qnando
913 1599 1000 1661 inudi
1010 1601 1175 1680 preductini
1190 1617 1299 1678 anagnu

266 1690 424 1766 pretiostnnt,
439 1697 468 1756 id
481 1704 660 1774 argumento
672 1703 717 1758 est
728 1715 869 1775 magnam
882 1700 921 1761 ab
931 1701 969 1760 iis
979 1701 1142 1762 utilitatem
1156 1700 1281 1780 produci
1285 1717 1297 1779 ;

265 1803 313 1860 dne
328 1793 393 1852 ratio
409 1802 452 1856 est
471 1813 528 1858 cur
540 1797 628 1858 ualde
650 1804 828 1876 expetantur
840 1805 870 1859 et
890 1817 1003 1878 magno
1015 1802 1110 1880 pretio
1134 1807 1296 1862 emantur:

264 1903 333 1960 unare
344 1891 418 1954 dines
430 1902 499 1959 tunc
512 1915 550 1958 ea
561 1900 642 1958 natio
652 1898 818 1977 judicanda
831 1906 876 1960 eet
889 1945 897 1960 .
914 1901 1121 1964 Crescentibus
1134 1902 1167 1960 in
1181 1901 1233 1961 tali
1245 1917 1296 1962 so·

262 1987 341 2050 eietnte
351 1992 505 2058 lundomm
520 1985 779 2077 productionibus,
794 2000 921 2076 singulm
932 2003 1045 2062 minore
1059 2002 1153 2081 pretio
1167 2005 1299 2062 veneunt

261 2085 338 2165 udat,
359 2100 415 2153 not.
438 2097 481 2176 l).
507 2099 617 2159 viliore
638 2100 732 2178 pretio
753 2099 903 2160 mercibus
922 2101 1063 2162 omnibns
1086 2099 1298 2169 veneuntibus,

258 2183 350 2250 neilus
361 2193 435 2256 cites
447 2213 555 2258 omnes
566 2187 692 2277 possunt
707 2197 768 2257 illis
781 2198 851 2269 imi,
869 2205 900 2258 et
913 2198 1031 2260 socialis
1050 2199 1117 2259 vitm
1138 2198 1300 2260 commedi-

259 2289 362 2366 lttapnd
374 2297 516 2374 populum
529 2313 650 2358 omnem
660 2299 775 2358 crescit.
792 2299 852 2358 llac
872 2299 992 2358 socialis
1009 2299 1077 2359 nita
1091 2286 1300 2362 commoditate

256 2397 385 2464 monn,
397 2411 501 2458 omnes
516 2397 607 2458 etiam
620 2397 776 2473 utilitates,
792 2413 860 2473 qnae
870 2396 956 2457 iilam
969 2397 1104 2458 comitari
1116 2397 1226 2472 solent,
1244 2414 1301 2476 pe·

255 2484 467 2574 ncraugentnr,
480 2497 609 2559 incultas
628 2498 764 2558 uidelicet
777 2497 908 2559 colendae
920 2499 1040 2571 mentis,
1059 2497 1222 2559 honestatis
1234 2513 1301 2559 sec-

256 2585 338 2662 ands,
347 2591 453 2654 sirium
464 2595 606 2655 omnium
615 2594 820 2655 humanarum
829 2594 1082 2671 evolvendorum,
1098 2611 1132 2656 ac
1141 2595 1237 2656 civilis
1250 2595 1300 2655 de·

255 2682 455 2761 niquellbertas.
470 2696 592 2756 illenim
606 2696 638 2754 in
648 2709 830 2772 quoacunque
842 2695 1036 2758 associatione
1048 2696 1125 2756 sicut
1135 2695 1300 2772 indigentia

252 2792 285 2841 est
299 2787 356 2850 lons
365 2791 571 2872 dependentis
585 2794 682 2874 (cdd),
708 2795 750 2855 ita
764 2794 1000 2875 independentine
1011 2795 1078 2856 ione
1091 2800 1162 2856 sunt
1175 2795 1296 2863 divitiae.

281 2887 450 2966 lanceando
471 2896 647 2957 dinitiarum
670 2896 864 2975 productione
888 2894 1032 2969 diximus,
1057 2894 1302 2973 ostenduntque

250 2988 382 3055 mtinnein
399 3014 513 3078 corpus
535 2998 643 3057 sociale
655 2995 829 3056 naturaliter
850 2995 911 3055 illae
934 2994 1160 3055 distribuantur.
1183 2994 1304 3071 Singuli

248 3099 336 3167 tempe
346 3101 497 3173 emptores
517 3097 642 3175 spectari
660 3097 936 3175 possunttnnquam
948 3091 1068 3154 totidem
1079 3099 1302 3171 consumptores

248 3194 590 3272 1·esnenuproduetornm
609 3196 663 3271 qui
687 3194 818 3254 materiae
832 3193 966 3271 primum
990 3193 1123 3254 valorem
1137 3192 1299 3269 quemdam

247 3284 405 3369 tribuerunt,
420 3292 565 3371 capitales
580 3310 651 3353 suas
664 3308 801 3353 summas
817 3292 849 3351 in
864 3291 895 3351 id
909 3291 1097 3353 conferendo.
1110 3292 1233 3369 Emptos
1246 3291 1302 3367 igi:

248 3386 286 3441 tur
298 3391 419 3468 quisque
439 3392 613 3471 producturi
633 3408 737 3452 omnes
751 3398 890 3469 sumptus
905 3392 943 3451 ab
959 3390 1012 3451 illo
1029 3393 1093 3467 Jam
1108 3392 1198 3451 iactos
1212 3392 1303 3452 retri-

245 3479 305 3545 buit.
325 3491 371 3561 dt,
385 3494 411 3552 si
427 3508 560 3553 mercem
574 3492 624 3553 hic
636 3498 726 3567 emat,
738 3508 801 3552 non
811 3496 846 3552 ut
858 3508 925 3551 eam
941 3492 1002 3571 ipse
1014 3496 1182 3573 consumat,
1204 3490 1255 3552 sed
1269 3497 1303 3554 ut

245 3599 336 3649 meam
347 3592 392 3652 illi
407 3593 582 3658 utilitatem,
595 3608 708 3653 nonum
721 3591 852 3653 valorem
866 3590 988 3667 tribuat,
1003 3591 1053 3651 liet
1067 3592 1130 3671 ipss
1143 3590 1302 3671 productor

242 3696 358 3765 respectu
370 3691 504 3753 aliorum
518 3693 571 3769 qui
585 3692 668 3753 illius
681 3708 795 3752 merces
806 3692 937 3769 empturi
956 3697 1043 3768 snnt3
1062 3698 1091 3751 et
1103 3706 1172 3750 snas
1185 3690 1236 3751 ille
1250 3706 1303 3751 cn·

241 3786 329 3861 pilates
341 3810 479 3855 summas
494 3795 645 3873 anticipat,
659 3809 736 3871 quas
745 3792 869 3870 quidem
882 3807 952 3851 ceum
963 3788 1118 3850 laboribus
1132 3788 1169 3847 ab
1185 3788 1238 3848 illo
1259 3792 1303 3849 ln-

240 3884 327 3952 leeatis
338 3895 463 3956 tumens
472 3901 586 3974 emptor
597 3910 730 3971 congruo
743 3894 836 3972 pretio
848 3888 1061 3969 compensabit.
1075 3890 1173 3965 Atque
1185 3890 1224 3947 ita
1236 3904 1304 3951 suc·

240 3994 347 4070 tessine,
358 4012 438 4057 nnnc
457 4012 577 4074 qnoque
595 4002 727 4074 emptore
745 3998 913 4073 sumptusa
930 3988 1108 4071 precedente
1126 3986 1301 4067 productum

239 4090 319 4153 tactos
342 4097 539 4167 retribuente,
553 4096 687 4172 aliasque
709 4096 860 4173 impensas
881 4090 1070 4169 anticipante,
1092 4087 1304 4165 unnsquisque

239 4203 318 4263 panna
339 4194 475 4272 quadam
505 4212 626 4255 summa
651 4194 795 4254 ultimum
816 4191 950 4252 valorem
976 4188 1083 4249 mercis
1102 4186 1233 4264 augebit,
1255 4189 1303 4246 at·

238 4304 290 4361 qne
308 4294 441 4355 ultimus
463 4302 580 4374 emptor
598 4294 729 4373 pretium
751 4291 846 4352 solvet
865 4290 946 4368 quod
968 4292 1032 4367 jam
1049 4288 1080 4348 in
1093 4302 1198 4348 omnes
1221 4286 1305 4348 illius

238 4393 336 4452 mercis
364 4394 559 4473 productores
581 4378 762 4456 successivus
782 4390 977 4451 distributum
1004 4394 1050 4449 est
1075 4406 1083 4450 ε
1108 4386 1305 4465 quiquidem

235 4502 331 4551 omnes
341 4492 464 4551 lucrum
476 4492 627 4571 qunnddam
641 4494 785 4569 lecerunt,
797 4507 867 4550 suas
886 4486 1026 4567 capitales
1040 4502 1175 4548 summas
1189 4484 1227 4545 ad
1240 4500 1306 4547 eam

234 4602 359 4653 nmmem
381 4592 604 4671 producendam
629 4590 811 4666 adhibendo,
841 4604 951 4665 easque
969 4592 1031 4649 suis
1043 4586 1196 4648 laboribus
1217 4592 1306 4671 atque

233 4687 377 4750 industria
400 4691 597 4754 lecnndando.
