3559 5675
488 752 549 814 aab
897 761 976 808 auara
997 761 1153 808 nnrnnnus
1182 772 1184 778 ¹

488 875 533 932 sio
548 883 677 949 praesens
698 864 863 944 superabit,
877 877 966 946 atquae
982 867 1035 930 illa
1053 869 1163 935 (lamna
1179 873 1209 928 et
1221 864 1352 947 pericula
1364 864 1475 926 libenter
1488 881 1527 924 an·
1585 869 1586 888 ³

488 971 599 1030 bimus.

527 1066 702 1147 despondeo
716 1065 784 1125 illos
798 1065 849 1141 qni
864 1065 926 1126 haeo
944 1065 1100 1141 effutiunt,
1115 1081 1309 1144 nequaquam
1328 1081 1390 1126 asae
1403 1069 1481 1124 nnn
1492 1079 1528 1122 so-
1585 1029 1586 1112 l

487 1171 623 1231 oiatatem
635 1181 643 1224 ε
655 1165 751 1245 hujus
764 1180 896 1242 namque
913 1183 1021 1243 magna
1037 1181 1106 1244 pars
1120 1166 1247 1246 principi
1267 1153 1356 1238 lavet,
1368 1163 1454 1240 {aliter
1468 1163 1529 1222 enin

487 1270 625 1349 prinoepa
637 1282 703 1326 sesa
722 1265 775 1325 din
790 1265 910 1328 tueriao
922 1283 1008 1328 snam
1028 1273 1202 1346 ponentem
1221 1267 1349 1328 retinere
1370 1280 1427 1326 nou
1445 1269 1529 1341 posin.
1585 1253 1586 1332 l

488 1370 596 1428 Praetor
617 1365 696 1426 bauo
716 1365 863 1426 societatis
881 1371 996 1443 partem
1009 1365 1136 1446 principi
1151 1366 1239 1444 plane
1253 1365 1400 1428 laventem
1413 1362 1465 1423 alia
1481 1378 1531 1440 pus
1585 1347 1586 1374 ¹

488 1486 604 1549 semper
619 1467 713 1541 adeat,
727 1483 796 1545 qua
814 1467 969 1545 regiminis
987 1467 1112 1547 quidam
1128 1468 1339 1544 salutationem,⁴
1351 1464 1401 1526 sed
1417 1479 1531 1524 nonaum

487 1576 568 1630 tauto
584 1585 641 1629 sno
662 1567 841 1632 detrimento
854 1573 907 1628 aut
920 1568 1053 1647 periculo
1072 1567 1173 1628 vebat.
1193 1567 1328 1644 Denique
1349 1565 1481 1626 minimus
1497 1561 1531 1621 ille

487 1671 635 1732 sociorum
647 1685 805 1742 numerus,
817 1669 871 1746 qui
882 1669 1048 1748 prinoipem
1063 1675 1225 1745 tyrannum
1238 1681 1289 1746 per
1300 1663 1362 1728 vim
1373 1664 1472 1744 expelli
1487 1679 1534 1722 nn·

486 1769 739 1839 ninovnlt,auam
749 1769 926 1829 senbndam
936 1767 1296 1846 annuatqueautbantinn
1305 1765 1532 1840 modonunqnau

485 1870 590 1948 aperit
608 1870 685 1942 Ergo
698 1867 801 1945 pannis
812 1867 994 1944 quibusnam
1012 1867 1189 1930 hominibus
1209 1865 1357 1929 seditiosis
1377 1881 1423 1928 nas
1441 1860 1534 1942 putitiu

487 1967 685 2046 permittenda
697 1971 787 2041 esset,
798 1973 887 2044 abne
899 1967 936 2028 ad
949 1984 1053 2028 eornm
1065 1967 1297 2046 imprudentiam
1311 1972 1402 2044 annue
1414 1961 1533 2026 insaniant

487 2067 672 2148 sequendam
691 2083 759 2145 pax,
770 2066 911 2144 fortuna,
925 2067 1061 2143 libertas,
1077 2068 1136 2128 vitu
1151 2067 1216 2144 ipsa
1229 2071 1405 2126 oaetemrnm
1425 2062 1534 2122 orouuu

487 2166 635 2228 inpietatis
657 2164 863 2226 membrorum
891 2167 1077 2244 gravissimis
1105 2164 1244 2246 perieulis
1265 2163 1430 2242 objicienda
1449 2165 1534 2230 mant,

487 2273 577 2344 abne
600 2265 674 2326 adeo
694 2265 760 2324 sine
783 2261 848 2326 ullo
870 2265 958 2326 titulo
984 2273 1063 2326 nerto
1087 2282 1121 2327 ao
1143 2264 1297 2340 legitimo,
1320 2280 1383 2342 quo
1407 2259 1536 2322 natamus
1585 2327 1586 2338 χ

488 2364 619 2427 adeundi
637 2369 680 2425 tot
698 2363 832 2442 pericula
849 2365 1078 2442 comprobetur:
1103 2381 1170 2442 qtrae
1189 2365 1292 2431 omnia
1314 2379 1407 2440 quarn
1433 2355 1536 2422 absurda

487 2465 560 2540 sint,
571 2462 702 2540 quisque
720 2459 809 2520 videt.

528 2543 1536 2636 nono.aiovvz-ovrv.nnr.,nvooonnsro.mmciennaaujusqn

487 2662 621 2724 hominis
638 2658 786 2719 individui
798 2665 845 2718 ast
858 2659 981 2735 quidem
994 2662 1138 2738 repulsat
1151 2662 1212 2722 dux
1225 2661 1379 2724 actionum
1393 2660 1469 2721 illins
1480 2656 1537 2717 indi·

486 2761 675 2823 vidualium:
690 2761 802 2839 optima
813 2756 865 2818 illa
883 2760 1073 2836 potastaltari
1086 2761 1217 2841 cuipiam
1231 2759 1363 2835 litiganti
1381 2767 1475 2824 nonna
1485 2756 1538 2818 alto

487 2879 557 2925 rum
576 2862 627 2939 jus
647 2860 793 2939 probare·
810 2861 1047 2939 quotiesounque
1068 2860 1105 2923 de
1128 2862 1258 2939 siugulis
1281 2861 1455 2923 hominibus
1474 2856 1537 2919 etde

487 2966 609 3048 privatis
620 2980 724 3024 eornm
736 2964 864 3039 nogotiis
874 2964 981 3041 agitur.
996 2968 1044 3043 at,
1055 2982 1151 3043 quum
1163 2967 1308 3044 quaritur
1319 2966 1357 3027 do
1369 2966 1538 3040 annonaque·

486 3068 557 3130 dam
569 3065 682 3137 sociali,
697 3064 795 3141 qualis
811 3069 904 3124 natea
918 3080 986 3142 qna
1001 3066 1109 3127 sociale
1129 3066 1243 3129 bonum
1264 3066 1416 3129 vindicare
1430 3060 1538 3142 aggrab-

487 3177 547 3247 tur,
561 3167 669 3249 privati
681 3166 812 3225 hominis
826 3166 1008 3226 conscientia
1023 3182 1217 3245 naquaquam
1228 3166 1366 3244 legitima
1381 3166 1481 3244 regida
1491 3178 1538 3224 osse

487 3273 593 3349 potest.
609 3266 692 3326 actio
703 3280 833 3340 namque
839 3264 958 3325 socialis
970 3266 1059 3343 dirigi
1072 3266 1159 3327 debet
1170 3284 1188 3327 a
1193 3268 1310 3343 justitia
1322 3267 1425 3329 soniali
1437 3264 1538 3327 autlen-

488 3368 555 3442 tioa,
571 3365 646 3425 idest
656 3365 743 3441 juxta
755 3364 866 3423 formas
884 3366 1031 3443 cujusque
1044 3367 1190 3429 sonietatis
1202 3367 1337 3447 proprias
1351 3368 1537 3429 manifestata:

488 3466 546 3525 hoo
556 3464 668 3541 quippe
678 3460 840 3539 judicium,
853 3462 896 3523 sia
909 3464 1146 3540 manifestatum,
1158 3464 1236 3525 illud
1245 3474 1290 3526 est
1301 3483 1364 3543 quo
1373 3464 1539 3527 coristitnitnr

486 3562 665 3627 cunwientio
685 3560 815 3638 sociatu,
829 3580 882 3623 seu
903 3565 1038 3642 proxima
1057 3566 1183 3627 notionis
1205 3570 1356 3645 cujusque
1377 3566 1488 3629 suculis
1503 3580 1538 3621 ro

488 3665 570 3744 gula.
586 3665 691 3739 ltaque
700 3662 753 3739 qui
771 3662 864 3723 unius
883 3669 936 3723 aut
953 3664 1088 3742 plurium
1109 3667 1258 3727 seniorum
1276 3668 1456 3729 aorrsdentia
1467 3665 1539 3726 nabo·

487 3778 559 3826 nom
572 3760 710 3824 socialem
720 3760 911 3837 dirigendam
924 3780 988 3825 ease
1004 3765 1119 3840 statuit,
1132 3782 1195 3827 rem
1210 3764 1340 3829 affirmat
1353 3767 1538 3829 absurdiorem
1585 3818 1586 3837 p

486 3878 578 3942 quam
591 3859 643 3922 illa
655 3860 710 3937 qui
723 3859 813 3921 vellet
823 3861 915 3921 unius
933 3862 1082 3923 individui
1096 3866 1273 3927 nonniontia
1291 3868 1422 3929 annones
1436 3864 1537 3927 alterins
1585 3868 1586 3909 Ὺ

487 3962 633 4025 individui
650 3978 715 4021 esse
731 3958 914 4037 dirigendas.
928 3964 1045 4023 Etenim
1056 3964 1116 4026 duo
1128 3964 1293 4042 individua,
1308 3966 1446 4045 quamvis
1462 3967 1539 4027 direr-
1585 4013 1586 4047 ἕ

487 4082 552 4127 sam
563 4077 722 4143 persomm
733 4060 874 4137 babeant,
890 4062 922 4122 in
940 4064 1044 4125 eadem
1060 4064 1260 4127 nihilominus
1272 4069 1369 4147 speeie
1384 4074 1462 4130 sunt.
1474 4068 1506 4127 nt
1516 4066 1538 4121 in

487 4180 558 4226 casu
572 4168 673 4222 nostro
692 4161 769 4221 antio
788 4160 946 4237 dirigenda
957 4170 1038 4225 extra
1052 4166 1163 4227 limitas
1178 4184 1238 4227 non
1253 4168 1352 4229 solum
1374 4163 1538 4247 personari·

487 4264 592 4339 tarius,
606 4260 658 4323 sed
669 4261 758 4321 etiarn
770 4259 855 4321 illius
865 4263 974 4341 speoid
984 4266 1079 4342 posita
1089 4272 1152 4326 est:
1166 4267 1290 4329 diverse
1300 4284 1431 4347 namque
1448 4262 1537 4345 speciei

488 4369 559 4425 sunt
570 4360 646 4421 aetio
657 4356 853 4419 individualis
866 4366 896 4419 at
913 4363 988 4422 notio
1000 4364 1128 4425 socialis.
1144 4366 1250 4443 igitur,
1265 4368 1291 4427 si
1306 4368 1467 4429 absurdum
1478 4370 1538 4425 eant

488 4460 609 4523 alterius
632 4454 766 4517 hominis
792 4458 1024 4536 mnnaoientinm,
1044 4469 1186 4540 uuquam
1209 4464 1376 4543 proximam
1403 4466 1537 4542 regulam,
1585 4466 1586 4477 ¹

489 4558 656 4624 notionibus
677 4554 801 4614 alterius
815 4554 893 4616 velle
908 4560 1077 4636 ,praeligare
1093 4561 1189 4623 multo
1211 4564 1370 4627 absurdius
1391 4566 1447 4626 erit
1465 4562 1538 4622 nnius

487 4664 540 4722 aut
551 4653 685 4737 plurium
705 4650 931 4713 individuorum
954 4658 1132 4719 conseientia
1154 4662 1295 4723 socialem
1318 4664 1462 4725 sotionem
1482 4660 1539 4721 diri-

489 4754 617 4838 gendam
635 4757 865 4813 emortuus:
883 4755 949 4831 puri
966 4772 1072 4835 rnempe
1086 4760 1232 4836 sapientia
1244 4780 1398 4841 possemus
1411 4774 1537 4827 astrorum
