3559 5675
185 2494 193 2549 I

185 2709 192 2751 p

549 749 656 797 anana.
680 762 718 785 ·-
738 750 822 797 arara
844 749 1034 799 amarentur.
1266 734 1325 795 tan

553 1072 736 1183 PARS
782 1075 1025 1207 PRIMA.

552 1610 558 1617 ,
659 1504 903 1597 ¹intuertur

326 1710 388 1759 titt}
408 1708 534 1769 Quom
555 1708 628 1757 rina
648 1708 687 1757 At}
707 1704 911 1759 enormioris
929 1710 961 1790 III
981 1706 1065 1759 Vm
1084 1710 1266 1764 tantamne

548 1808 688 1858 auctura
709 1808 777 1856 lim
799 1808 882 1858 tatto
904 1810 1025 1862 norun.

660 2160 876 2223 PRINCIPIUM
899 2162 923 2222 I.

408 2318 455 2382 De
474 2316 620 2399 eripiuuli
631 2325 757 2400 ,peceato
779 2302 899 2400 'ejusque
917 2320 1002 2381 anien
1017 2265 1157 2397 remedio.
1188 2354 1193 2363 ,

295 2523 375 2585 rtet.
397 2524 521 2585 Primus
542 2520 634 2584 home
645 2520 753 2593 Adam,
766 2536 863 2597 quum
876 2520 1055 2585 mandatum
1075 2524 1129 2586 Dei
1142 2524 1176 2593 in
1188 2528 1326 2605 paradiso

260 2618 352 2683 tuiaaet
367 2628 585 2699 transgressus,
597 2621 698 2683 atatim
711 2620 898 2683 sanctitatem
909 2628 940 2683 at
949 2623 1103 2699 iustitiam
1117 2625 1149 2687 iu
1165 2637 1229 2705 qua
1240 2644 1326 2691 eona-

261 2719 351 2781 titutua
370 2721 486 2796 iuerat,
501 2719 617 2799 amisit,
639 2719 824 2797 incurritque
838 2737 891 2804 per
911 2718 1056 2787 offensam
1074 2725 1326 2804 prevaricationis

260 2816 421 2899 huiusmodi
431 2822 512 2882 iram
522 2826 551 2880 et
563 2818 801 2896 indignationem
816 2819 880 2896 liei,
893 2824 984 2898 eique
999 2820 1067 2883 idae
1080 2828 1220 2902 morum,
1231 2842 1324 2903 qnam

259 2925 335 2984 antea
351 2921 397 2982 ilii
418 2921 623 2983 e'omminatua
646 2919 743 2979 iuerat
765 2921 854 2993 tiana,
873 2927 904 2980 et
924 2935 995 2980 oum
1015 2927 1110 2982 morte
1127 2924 1324 3002 eaptivitatem

257 3019 306 3080 auh
317 3023 380 3098 ejus
391 3025 549 3102 potestate,
566 3019 623 3097 qui
638 3017 743 3078 mortis
755 3016 864 3078 deinde
877 3017 984 3078 habuit
1003 3020 1178 3098 imperium,
1193 3021 1251 3084 hee
1268 3033 1325 3100 eat,

259 3119 368 3198 diaboti,
383 3130 526 3200 totusque
545 3120 651 3196 Adam,
673 3117 830 3197 perillam
844 3119 1098 3196 praevaricationis
1111 3119 1268 3200 offensam,
1283 3141 1327 3184 se-

257 3221 379 3282 eundum
390 3237 502 3300 eorpus
513 3221 687 3281 atanimam
701 3220 733 3280 in
747 3217 878 3280 deterius
896 3225 1099 3281 commutatus
1109 3220 1178 3281 init.

288 3323 358 3395 Qua
370 3321 497 3401 quidem
512 3319 582 3383 Adae
595 3319 799 3400 pravaricatio
812 3334 1004 3398 nequaquam
1015 3321 1063 3380 iili
1077 3321 1259 3401 optinuerit,
1275 3323 1326 3386 aad

257 3421 302 3480 toti
314 3423 403 3482 etiam
415 3425 486 3500 ejus
499 3421 679 3500 propagini:
696 3426 726 3480 et
744 3425 895 3498 aceeptam
907 3435 926 3479 a
938 3421 1000 3481 Deo
1013 3420 1202 3483 sanctitatem
1214 3428 1245 3483 et
1256 3425 1327 3500 J'ua·

257 3515 343 3581 titiam
353 3537 415 3584 non
429 3519 489 3582 sibi
502 3520 570 3596 suli,
583 3517 635 3580 sed
650 3517 736 3580 uobis
752 3517 842 3580 etiam
853 3519 995 3583 omnibus
1008 3519 1061 3582 ille
1073 3519 1213 3600 perdidit.
1228 3523 1327 3596 Quare

255 3631 302 3693 per
313 3619 525 3681 inobedientia
535 3623 687 3695 peecatum
710 3615 761 3677 ille
775 3617 949 3694 inquinatus
963 3635 1025 3680 non
1036 3619 1139 3680 return
1158 3626 1287 3682 mortem
1298 3629 1328 3683 et

255 3729 351 3792 pnnaa
367 3718 501 3799 eorporis
522 3717 555 3778 in
570 3732 659 3778 omne
678 3731 775 3793 genus
786 3714 958 3777 humanum
970 3717 1141 3794 nauriudit,
1164 3719 1215 3780 aad
1237 3721 1327 3782 etiam

254 3824 412 3892 peccatum,
436 3814 520 3895 quoti
537 3819 581 3876 eat
600 3829 682 3874 mora
695 3803 804 3874 anima
815 3819 875 3900 ‚ut
888 3812 974 3874 uooet
986 3813 1099 3875 Paulus
1112 3815 1273 3893 apostolus
1286 3818 1329 3878 eie

254 3914 351 3978 airna:
371 3919 458 3978 «Per
470 3932 569 3976 unum
586 3915 741 3976 homiuem
756 3919 924 3992 peceatum.
935 3913 1059 3974 intrarit
1078 3914 1112 3974 in
1131 3915 1281 3980 mundum
1299 3923 1329 3978 et

254 4033 267 4070 ι
282 4033 332 4094 per
345 4024 499 4097 peceatum
520 4030 601 4076 mora
609 4028 620 4090 ;
636 4019 666 4074 et
678 4014 718 4074 ita
731 4014 765 4074 in
780 4028 884 4075 omnea
899 4011 1037 4073 homines
1049 4028 1130 4073 more
1145 4015 1327 4091 pertransiit,

253 4114 312 4174 rin
324 4132 386 4193 qno
399 4129 505 4176 omnen
519 4119 759 4193 peceaverunt.»
869 4111 871 4116 ’
1265 4164 1270 4174 .

289 4216 349 4278 iioa
365 4215 497 4292 denique
515 4213 586 4276 iidae
599 4216 774 4293 pennatum,
789 4209 870 4288 quud
884 4210 1001 4288 origine
1014 4223 1114 4272 unum
1125 4217 1199 4283 eat,
1215 4217 1245 4272 et
1257 4229 1328 4292 pro·

254 4315 406 4395 pagatiano
419 4359 427 4388 ‚
440 4328 503 4374 nou
522 4312 690 4372 imitatione
703 4309 888 4370 transfusum
904 4307 1060 4384 omnibus,
1075 4309 1153 4371 ineat
1166 4310 1329 4387 uniruique

256 4415 420 4492 proprium,
438 4397 500 4473 'neo
517 4427 571 4489 per
589 4407 731 4468 humanu
750 4413 865 4468 natura
878 4409 969 4483 vires,
985 4423 1048 4469 nee
1064 4425 1118 4488 per
1130 4407 1212 4470 atiud
1229 4425 1329 4470 reure-

257 4507 339 4570 dium
356 4511 421 4572 tolii
433 4511 497 4571 ulio
508 4508 598 4570 modo
608 4511 712 4588 puteat,
722 4521 817 4585 quam
828 4521 881 4584 per
900 4507 1146 4569 meritumuniua
1159 4509 1331 4570 meduwaie

258 4611 371 4673 Domini
386 4611 479 4673 nostri
490 4613 560 4673 iesu
575 4607 697 4684 Christi,
711 4608 766 4686 qui
780 4623 834 4668 noa
848 4607 909 4668 Deo
921 4607 1122 4694 reconciliarit
1136 4609 1168 4670 in
1183 4611 1330 4692 sanguine

255 4725 317 4786 auo,
332 4711 428 4772 iaetus
445 4710 533 4772 uobir
549 4709 675 4786 justitia,
699 4706 889 4770 sanetifinetio
911 4715 943 4766 et
955 4707 1134 4788 redemptio.
1158 4709 1254 4786 Atque
1276 4709 1331 4770 hoc
