3559 5675
473 698 533 764 Μ
871 722 953 770 mars
974 723 1133 769 strenuis

475 837 537 900 qua
549 822 593 885 ita
603 823 738 888 dolorem
751 843 843 888 suum
859 828 978 904 uleisoi,
996 829 1077 906 quod
1096 828 1305 906 gloriosissimi
1317 827 1517 908 prodeoossores

474 924 569 984 nostri
589 926 788 1004 perniciosam
806 929 885 1004 Baii,
898 927 1033 990 lansenii
1047 935 1077 990 et
1093 930 1249 1004 Quosnelli
1263 928 1425 990 doctrinam
1436 929 1520 988 eonsti-

475 1022 643 1086 tutionibus
655 1026 720 1088 suis
734 1029 973 1107 proscripserint,
991 1039 1020 1090 et
1036 1030 1213 1108 apostolicis
1230 1029 1356 1091 demotis
1376 1027 1519 1087 Gallicano

474 1135 544 1182 rum
558 1123 771 1204 Episooporum
786 1125 1031 1203 religiosissimus
1044 1135 1139 1190 coetus
1157 1128 1441 1208 obtemperaverit».
1454 1129 1520 1186 -it

473 1218 514 1282 ad
525 1220 704 1300 Episoopum
718 1223 903 1285 llootiensem
918 1225 1051 1288 scribens
1066 1227 1146 1288 idem
1161 1227 1295 1288 Pontifex
1307 1227 1349 1301 (a)
1366 1246 1373 1284 :
1391 1247 1406 1281 a
1421 1227 1521 1284 interos.

473 1318 583 1397 inquit,
596 1324 777 1399 janseniana
786 1323 911 1386 heresis
924 1326 1034 1402 gaudio
1047 1328 1224 1407 triumphat,
1239 1326 1319 1406 quod
1337 1327 1426 1387 laicos
1438 1326 1523 1399 magis-

473 1423 569 1482 tratus
591 1419 735 1484 anvarnus
754 1423 957 1502 apostolicam
980 1427 1098 1500 Sodem,
1119 1435 1209 1504 atque
1229 1427 1305 1488 adeo
1327 1427 1360 1488 in
1380 1427 1522 1486 universam

472 1517 636 1582 &clumam
648 1521 827 1600 incenderit,
839 1530 896 1588 eto.
910 1545 926 1584 a

513 1619 548 1680 5⁰
561 1621 824 1702 vasionensium
844 1630 888 1686 tot
909 1625 1002 1686 simul
1024 1631 1147 1703 umque
1161 1627 1339 1705 periculosis
1353 1611 1524 1688 incitamenti<
1581 1699 1582 1708 ἵ

472 1717 511 1780 ad
521 1719 722 1786 obristianum
733 1739 805 1802 erga
815 1725 935 1788 Summi
950 1727 1100 1788 Pontificio
1110 1728 1328 1806 protarobicam
1345 1727 1524 1788 anctoritatem

472 1817 653 1896 obseouium
664 1823 876 1886 emouendum
886 1827 1029 1888 Franoiea
1040 1841 1114 1902 gens
1125 1826 1263 1904 undique
1274 1827 1485 1906 impelleretur,
1493 1823 1525 1882 ul·

474 1917 547 1980 tima
559 1933 651 1980 eausa
665 1919 704 1981 ad
717 1937 782 1984 ram
794 1924 1007 1986 maturandam
1022 1926 1155 1996 accessit,
1169 1927 1249 2002 regis
1263 1925 1408 1987 Ludoriei
1422 1923 1477 1985 iili'
1489 1939 1526 1980 su-

472 2015 589 2093 perbia,
603 2015 831 2098 multorumque
849 2028 1070 2084 assentatorum
1089 2025 1178 2100 regie
1199 2025 1381 2100 arrogantia
1399 2021 1526 2084 blandien-

472 2112 552 2174 tium
570 2116 620 2176 val
632 2119 783 2180 temeritas
800 2119 850 2180 rel
863 2122 993 2196 ignavia.
1011 2123 1154 2196 Quamvis
1167 2123 1216 2202 pio
1230 2125 1355 2202 penitus
1370 2129 1401 2184 et
1418 2121 1528 2199 religioe

473 2212 576 2289 animo
588 2215 744 2294 preditus,
757 2222 897 2296 quamvis
911 2222 1032 2299 ingenio
1046 2229 1126 2284 recto
1147 2223 1287 2299 celsoque
1307 2229 1444 2290 ornatus,
1458 2220 1529 2279 incre·

474 2310 563 2374 orbiti
575 2318 677 2376 umen
690 2318 800 2380 ments
810 2319 966 2398 animique
980 2329 1098 2382 tumore
1111 2338 1146 2384 ae
1159 2321 1300 2382 futilitate
1312 2321 1458 2381 ialorarit
1467 2321 1527 2397 prin·

475 2425 545 2492 copo
558 2413 613 2475 tite
625 2415 733 2478 alionis
746 2421 866 2496 magnis
879 2419 1063 2482 iecinoribus
1076 2419 1214 2500 liupana.
1228 2423 1290 2481 liae
1303 2422 1439 2498 ingenita
1450 2435 1528 2496 supu-

474 2509 525 2572 bia
534 2511 687 2593 deeeptus,
700 2517 787 2582 tedis
799 2534 922 2597 quoque
932 2519 1158 2582 adulationibus
1172 2519 1232 2581 illis
1246 2521 1432 2592 laventibus,
1446 2517 1528 2577 taren

474 2609 533 2670 albi
551 2612 716 2677 nobilitatis
728 2623 759 2678 ot
778 2617 881 2694 glorier
905 2619 1066 2696 imaginem
1088 2619 1168 2699 apud
1182 2621 1321 2680 animum
1342 2613 1528 2692 nominabit,

475 2709 522 2770 nil
530 2711 660 2790 olerum,
670 2715 715 2776 nil
726 2733 873 2794 magnum
885 2721 944 2780 nisi
958 2737 990 2780 se
1002 2727 1119 2780 auctore
1131 2721 1195 2780 lieri
1204 2738 1221 2779 a
1230 2736 1390 2797 quoquam
1403 2734 1481 2799 pomo
1489 2715 1528 2792 (tlt

473 2807 565 2889 pleno
583 2817 675 2894 atquo
692 2814 876 2879 immutabili
898 2817 1033 2880 dominio
1048 2815 1159 2898 pollere
1179 2835 1210 2879 so
1224 2819 1257 2878 in
1278 2817 1395 2879 uirium
1416 2815 1529 2878 omniun

476 2911 624 2990 fortunas,
641 2930 796 2995 personas,
812 2916 891 2978 bona
913 2918 1014 2979 omnia
1026 2917 1070 2997 (d)
1079 2936 1089 2998 ;
1110 2934 1208 2995 neque
1230 2918 1334 2979 minus
1348 2936 1417 2977 soar
1430 2929 1530 2977 essere

476 3028 582 3075 omnes
594 3032 628 3076 ae
639 3031 783 3095 personas
796 3019 1008 3087 eeclesiastims
1019 3020 1054 3095 (a)
1068 3042 1077 3097 ς
1090 3020 1170 3079 nihil
1183 3019 1285 3079 lirino
1298 3018 1396 3079 uultui
1409 3018 1529 3082 dicrum

476 3112 555 3175 nibil
574 3114 680 3177 datum
703 3117 852 3193 ssoelesie,
873 3120 957 3195 regio
979 3136 1065 3197 posse
1087 3119 1177 3197 pleno
1197 3116 1399 3195 absolutoque
1422 3112 1531 3176 domim

475 3212 602 3274 subduci
615 3213 657 3294 (s)
667 3229 679 3292 ;
697 3215 794 3277 nullis
812 3234 846 3279 sa
865 3218 1074 3291 humanitatis,
1089 3218 1309 3297 promissionis,
1322 3216 1483 3296 juramenti
1500 3212 1532 3271 le·

476 3310 565 3387 gibus
585 3329 656 3389 erga
673 3314 760 3385 alios.
782 3331 837 3377 seu
858 3318 987 3395 privatos
1011 3317 1149 3378 homines
1167 3334 1220 3377 seu
1236 3316 1378 3399 populos,
1393 3328 1530 3389 seuregrt

478 3424 532 3471 seu
556 3410 722 3483 Ponblloos,
742 3413 837 3473 teneri
851 3412 913 3492 (ως
930 3416 963 3475 in
985 3416 1068 3491 regia
1085 3413 1215 3493 denique
1229 3431 1285 3477 sua
1307 3420 1452 3493 potestate
1470 3424 1531 3470 erer-

478 3507 571 3570 osotla
584 3508 678 3571 nullis
691 3528 724 3573 se
741 3528 828 3590 posse
842 3530 980 3591 unquam
1000 3516 1153 3593 preceptis
1173 3523 1226 3577 aut
1247 3516 1349 3577 vetitis
1363 3512 1494 3593 impediri
1505 3506 1531 3567 ab

478 3607 619 3684 l’nolosia,
639 3626 657 3670 a
681 3612 817 3673 Romano
840 3614 1151 3689 morinummontem
1172 3614 1350 3689 Pr0taroba,
1373 3614 1481 3692 quibus
1499 3616 1531 3665 tt-

478 3723 561 3780 mon,
573 3714 609 3769 ut
619 3708 814 3786 christianus,
828 3713 987 3787 serviebat,
1002 3730 1179 3793 persuasum
1193 3713 1300 3775 habuit
1314 3712 1370 3791 (lt).

518 3808 600 3871 Talis
618 3808 670 3872 bio
687 3818 849 3890 rs1,tanta
866 3830 972 3874 amens
993 3814 1143 3892 superbia,
1165 3814 1299 3891 nullum,
1323 3815 1349 3873 si
1374 3812 1529 3875 Fenelonen

479 3910 622 3989 axoipias,
634 3910 699 3988 regi
712 3911 857 3987 invisum,
868 3912 946 3973 inter
957 3929 1028 3973 snos
1041 3912 1163 3979 olerims
1173 3920 1277 3973 nactus
1290 3918 1336 3973 eet
1346 3914 1446 3973 virum
1456 3908 1530 3970 chris·

479 4010 559 4071 bana
575 4008 750 4071 tortitudine
769 4010 840 4070 satis
854 4011 1046 4087 instructum,
1065 4012 1118 4089 qui
1136 4012 1322 4091 petulantem
1335 4014 1403 4089 ejus
1416 4011 1529 4071 animun

477 4126 531 4191 per
550 4109 687 4187 eiusdem
707 4110 856 4170 sineeram
873 4112 1014 4189 pietatem
1039 4127 1072 4173 ao
1094 4110 1271 4187 religionem
1297 4110 1436 4173 cohibere
1459 4121 1529 4169 eona·

475 4218 569 4273 eamr.

517 4312 621 4383 Quum
643 4310 808 4391 lampades,
819 4310 1009 4391 candelabra,
1023 4310 1141 4391 aliaque
1161 4330 1246 4375 sacra
1260 4318 1441 4387 ‚ornamenta
1456 4320 1527 4369 aurea

477 4504 548 4571 Uia)
558 4506 639 4569 apos
648 4506 707 4558 iata
720 4506 762 4558 tila
777 4512 805 4559 to
820 4520 881 4558 nor.
896 4512 965 4561 itta.
979 4534 1009 4547 -
1019 4508 1055 4573 (b)
1066 4510 1102 4561 ct.
1116 4510 1250 4561 liobrbaerl
1270 4508 1402 4559 clanmtmi
1413 4506 1474 4557 litet.
1484 4496 1527 4551 estl-

473 4588 540 4639 ιω
552 4580 593 4637 ²⁸·
603 4578 845 4642 obturo-(t)
855 4580 922 4631 itit.
937 4592 962 4644 o.
973 4582 1061 4633 noa·
1071 4582 1107 4645 (a)
1120 4580 1186 4631 rua.
1198 4596 1222 4644 p.
1234 4586 1328 4633 roe·
1341 4582 1371 4644 p)
1383 4580 1445 4631 rou.
1456 4574 1525 4639 piu.

477 4647 1000 4716 -(prua-‹0)nu.,.212ueqq.
1014 4682 1042 4691 -
1058 4655 1097 4719 tl)
1108 4654 1173 4705 uta.
1184 4668 1209 4719 p.
1221 4658 1302 4707 aare
1316 4668 1383 4721 seqq.
