3559 5675
611 769 720 817 surus.
739 788 776 801 -
798 769 884 817 emsa
905 769 1095 819 nuonrcrrrns.
1329 761 1386 829 m

314 872 447 939 humana
469 874 663 954 probitateec
678 875 847 955 prudentia,
874 874 927 938 scd
950 875 1052 939 divino
1079 877 1205 941 consssio
1227 878 1390 962 divineque

313 975 444 1055 potentia
453 974 615 1039 Ecclesiam
626 976 689 1052 regi
702 992 738 1037 ae
751 976 924 1057 sustentari.
940 977 978 1037 st
991 976 1129 1039 eamdem
1138 978 1336 1046 calamitatem
1344 1000 1391 1049 ra·

313 1074 433 1137 tissime
452 1082 550 1137 tamen
570 1091 626 1137 nee
642 1074 787 1137 diuturno
805 1082 939 1155 tempore
950 1076 1103 1156 permisit3
1120 1078 1192 1157 quia
1203 1086 1301 1143 rectus
1316 1082 1391 1146 ordo
1451 1137 1452 1141 ,

312 1174 454 1253 postulat,
477 1182 523 1253 ut,
537 1175 591 1252 qui
615 1175 790 1237 auctoritate
814 1174 957 1237 omnibus
978 1182 1109 1255 prestat,
1133 1178 1276 1239 omnibus
1300 1180 1389 1243 susm

312 1274 455 1355 preclara
467 1274 701 1337 christianarum
715 1275 861 1337 virtutum
874 1274 1053 1339 documenta
1066 1292 1119 1357 per
1133 1282 1226 1339 tcum
1249 1279 1317 1341 vitm
1328 1296 1391 1345 suae

189 1434 191 1472 ᾗ
311 1376 457 1435 rationem
472 1374 620 1447 exhibeat.

354 1475 1393 1557 l3dl.l‘os.643·.-Romanol³ontillceutcunquedelieiente‚adnul·

189 1643 193 1673 a
312 1572 553 1636 laminleriorem
561 1583 748 1655 potestatem,
762 1576 1392 1654 nequeadmullitudinemChristianorum

188 1736 192 1774 ξ
313 1673 487 1765 universam
504 1682 600 1754 potest
614 1693 735 1737 summa
749 1677 887 1739 Ecclesiae
903 1678 1062 1751 auctoritas
1076 1676 1114 1739 ad
1126 1683 1244 1757 tempus
1256 1678 1391 1743 transire.

352 1777 447 1835 Peon.
464 1808 503 1819 —
524 1776 722 1845 Ecdesiaest
742 1778 865 1839 societas
890 1777 1069 1853 obligatoriis
1087 1795 1105 1839 a
1125 1780 1194 1855 jure
1218 1778 1394 1857 prevalente

187 1845 192 1946 f
312 1874 492 1955 constituta3
518 1891 554 1936 ae
573 1883 726 1961 propterea
739 1877 824 1938 illius
846 1880 1007 1957 aucuritas
1025 1880 1129 1956 nequit
1143 1879 1274 1941 residere
1287 1880 1347 1941 nisi
1361 1880 1393 1943 in

186 1970 191 2063 J
313 1981 477 2035 eatantum
489 1992 619 2057 persona
631 1993 723 2055 quarn
737 1976 832 2055 hujus
853 1977 1003 2039 societatis
1029 1977 1163 2039 conditor
1183 1976 1392 2057 decimaverit.

311 2074 406 2151 qurn
422 2074 559 2135 Christus
571 2076 719 2139 Dominus
733 2093 830 2137 unum
841 2079 964 2137 Petrum
978 2076 1025 2137 sui
1040 2075 1185 2139 vicarium
1208 2093 1394 2157 summaque

188 2147 196 2174 ³
312 2174 497 2235 auctoritatis
508 2176 538 2235 in
549 2176 682 2237 Ecclesia
690 2176 1030 2257 compotemconstituit.
1042 2162 1243 2257 (l267t.llrgo
1253 2182 1394 2241 uuusPe·

312 2281 378 2335 trus
392 2274 521 2353 ejusque
533 2292 685 2337 successor
698 2280 953 2359 potestsnmmam
963 2275 1042 2335 hanc
1049 2282 1223 2355 potestmmu
1231 2278 1393 2355 possideto.

352 2374 479 2435 Summa
497 2376 621 2452 quidem
642 2376 803 2437 auctoritas
829 2375 951 2457 politica
966 2375 998 2435 in
1022 2374 1107 2435 laicis
1121 2376 1322 2437 societatibus
1335 2395 1394 2455 pu·

312 2473 414 2550 blicis,
429 2475 562 2553 principe
573 2474 739 2547 deficiente,
752 2472 830 2535 redit
838 2473 876 2535 ad
894 2474 1043 2537 sociorum
1055 2472 1283 2535 multitudinem
1296 2474 1392 2551 (464),

184 2549 190 2586 ³
311 2574 389 2651 qnia
415 2572 479 2635 hae
501 2575 706 2637 auctoritasin
730 2574 829 2658 prima
842 2574 969 2651 origine,
985 2578 1054 2635 ante
1079 2588 1290 2655 quamcunque
1313 2572 1396 2637 illius

310 2680 483 2736 concretam
505 2674 798 2753 determinationem,
814 2676 847 2735 in
868 2676 1021 2739 sociorum
1049 2673 1243 2738 multitudine
1273 2673 1395 2753 residet,

310 2790 412 2854 quum
425 2773 504 2834 nihil
519 2773 599 2836 aliud
621 2792 656 2837 ea
676 2776 716 2835 sit
733 2791 825 2859 quarn
836 2778 891 2855 jus
910 2776 1057 2837 universae
1078 2775 1172 2854 ipsius
1185 2772 1332 2835 societatis
1358 2773 1396 2836 ad

183 2849 191 2885 '²
310 2875 362 2937 sui
383 2875 638 2936 conservationem
652 2881 681 2936 et
695 2875 915 2963 perlectionem,
929 2883 958 2936 et
977 2875 1108 2956 hocius,
1121 2873 1201 2954 quod
1224 2890 1242 2934 a
1258 2877 1397 2938 societate

310 2972 457 3035 universa
470 2974 575 3054 nequit
588 2975 651 3036 ullo
666 2980 753 3058 paeto
767 2975 897 3036 exerceri
908 2974 1002 3054 (461),
1020 2973 1098 3038 nulli
1112 2973 1316 3034 determinatae
1326 2965 1397 3058 per'-

185 3068 191 3092 ²
313 3090 399 3136 sonan
418 3091 437 3135 a
458 3076 597 3137 creatore
614 3076 678 3158 ipso
697 3075 874 3136 conteratur.
888 3077 926 3136 nt
939 3076 970 3133 in
986 3075 1123 3137 societate
1146 3071 1309 3132 christiana
1327 3073 1397 3148 jure

185 3182 193 3195 '
310 3172 419 3236 divino
432 3182 478 3237 est
499 3176 624 3236 omnino
635 3175 834 3236 determinata
849 3174 940 3236 unica
956 3173 1009 3234 illa
1022 3188 1149 3252 persons
1162 3187 1229 3252 qum
1244 3187 1396 3234 summam

187 3282 192 3296 ¹
309 3274 521 3334 auctoritatem
541 3273 629 3356 plene
641 3273 803 3352 possideat.

354 3371 391 3432 ln
416 3371 500 3450 laicis
519 3372 708 3434 societatibus
725 3379 879 3456 praterea,
903 3371 1038 3454 principe
1058 3368 1225 3442 deliciante,
1251 3385 1396 3448 suprema

190 3456 193 3564 J
312 3472 478 3532 auctoritas
492 3474 598 3550 utique
610 3471 798 3549 edsingulos
808 3473 1005 3549 magistratus
1016 3468 1145 3548 singulis
1157 3470 1314 3532 consortiis
1322 3487 1398 3550 pra·

190 3584 194 3593 ’
310 3570 449 3632 sidentes
465 3572 581 3646 transit,
594 3572 636 3631 ita
650 3577 684 3631 ut
697 3588 765 3649 qnae
776 3572 874 3651 prima
886 3572 1045 3634 nuctmitas
1066 3576 1130 3654 erat
1142 3569 1175 3632 in
1195 3569 1330 3651 singulis
1340 3569 1398 3630 sul>

190 3673 194 3698 ³
310 3687 460 3752 suprema
473 3672 647 3733 irnouritnte
657 3688 741 3744 nunc
753 3673 887 3751 absente,
903 3688 955 3732 eva
966 3672 1028 3732 ,erit
1040 3669 1176 3732 absolute
1185 3671 1296 3750 primaj
1313 3685 1399 3730 sum·

310 3785 461 3846 mamque
476 3787 578 3830 rerum
594 3771 626 3829 in
642 3786 677 3831 eo
691 3770 839 3832 consortio
862 3774 957 3846 gerat,
969 3768 1064 3831 donec
1079 3767 1158 3828 alius
1180 3769 1320 3848 princeps
1333 3768 1399 3830 lue·

309 3869 355 3929 rit
368 3867 460 3930 delen
476 3870 585 3932 tinctus
594 3870 675 3952 (729)
690 3887 698 3929 r
720 3875 810 3952 cujus
822 3870 867 3931 rei
886 3885 976 3931 causa
1001 3866 1105 3930 eadem
1126 3872 1181 3942 est,
1194 3884 1287 3945 qnam
1301 3883 1399 3946 nuper
1463 3888 1467 3896 ¹

310 3986 475 4047 commem
504 3973 631 4046 avimus,
647 3971 770 4048 scilicet,
784 3973 857 4050 qnia
882 3971 1028 4032 laicarum
1043 3968 1218 4030 societatum
1239 3969 1397 4033 securitas

312 4069 398 4130 nulli
412 4069 614 4132 determinatae
627 4088 762 4150 personae
781 4078 827 4133 est
838 4089 857 4133 a
870 4067 1250 4156 Creatoreimmntahiliter
1272 4067 1394 4128 credite.

311 4172 422 4244 Quum
430 4170 524 4247 igitur
533 4169 566 4232 in
577 4171 709 4234 Ecclesia
721 4172 812 4233 luerit
824 4169 889 4233 hnc
900 4185 1028 4252 persona
1045 4184 1196 4248 prorsuss
1210 4167 1328 4228 Christo
1340 4168 1397 4228 Do-

311 4274 403 4335 mino
428 4272 634 4351 determinata,
648 4274 755 4354 nequit
769 4278 836 4354 ejus
855 4274 1029 4348 auctoritas,
1045 4279 1217 4352 capersana
1229 4268 1394 4340 deficiente,

311 4366 468 4450 nequead
482 4371 640 4436 interiores
653 4369 810 4458 praesules,
821 4387 921 4450 noque
935 4371 970 4432 ad
996 4369 1227 4432 christianorum
1255 4367 1398 4430 multitu·

311 4472 422 4533 dinem
432 4469 470 4533 ad
485 4478 604 4552 tempus
619 4472 756 4532 transire.

359 4571 450 4632 1302.
465 4572 596 4632 Gouola.
616 4573 646 4630 l.
662 4603 698 4616 -
712 4568 879 4652 Apostolica
896 4565 969 4630 Sede
983 4573 1119 4648 vacante,
1134 4569 1241 4650 nequit
1256 4584 1326 4648 ergo
1340 4583 1397 4652 po-

310 4681 409 4741 testas
428 4672 493 4734 ulla
505 4671 703 4735 ecelesiastica
714 4671 880 4750 quidquam
894 4686 1035 4754 peragere
1047 4668 1128 4750 quod
1152 4670 1308 4748 proprium
1330 4684 1398 4730 om-

311 4777 393 4840 nino
405 4775 447 4837 sit
466 4789 614 4856 suprema
636 4772 819 4836 auctoritatis
845 4769 1013 4852 pontificia.
1034 4772 1175 4834 Attamen
1193 4785 1320 4852 persona
1344 4767 1400 4830 ali·
