3559 5675
572 732 679 777 samua.
702 718 1064 801 -tmuttmctuusi
1162 799 1168 805 .
1279 722 1340 787 τω

262 846 463 925 gratulamur,
479 838 503 899 si
522 852 558 895 oa
573 850 641 911 quae
663 822 872 908 admonemus,
897 850 1074 914 prosperum
1090 854 1262 905 successum
1282 844 1338 906 ha.

264 946 395 1016 iruerint,
418 936 568 1001 aedituus
587 930 667 1009 quod
689 930 726 990 ad
747 929 937 1009 poriootionis
959 939 1072 993 statum
1095 946 1193 997 vestre
1213 939 1338 1004 intentio

263 1050 425 1120 nostraquo
443 1034 572 1110 dovotio,
595 1034 654 1091 iioo
673 1035 862 1109 woperaute,
881 1034 1041 1110 pervenire
1062 1036 1207 1113 poterit.»
1226 1040 1339 1117 ituna-

262 1162 356 1224 quam
380 1138 490 1203 soiiicci
507 1134 545 1195 ob
563 1130 711 1208 eiusmodi
733 1130 844 1189 abusus
872 1129 1043 1192 decernunt
1065 1134 1085 1193 ii
1115 1136 1226 1215 Patres,
1252 1144 1339 1217 priu-

259 1246 344 1323 cipes
358 1242 555 1319 inposterum
569 1232 606 1290 ai)
619 1228 749 1290 iiccicsia
763 1230 947 1307 protegentia
958 1232 1112 1294 abstinere
1125 1242 1273 1314 oportere,
1288 1255 1336 1319 ne,

259 1345 343 1405 hauc
357 1338 482 1402 tuteiam
501 1332 730 1413 pretendentes,
746 1342 812 1388 earu
825 1328 929 1408 potius
939 1330 1091 1392 dissuant.
1107 1334 1188 1406 Quin
1203 1336 1276 1412 imo,
1291 1338 1340 1401 his

258 1442 410 1505 abusibus
429 1435 565 1510 sublatis,
582 1430 784 1509 patrocinium
804 1444 953 1507 opemque
968 1433 1142 1511 principum
1156 1434 1257 1497 denuo
1269 1454 1339 1517 pos·

259 1544 371 1605 tulant.
391 1542 478 1612 iiam,
497 1537 563 1613 post
577 1530 675 1590 muita
694 1531 850 1607 scriptura
870 1529 935 1589 ioca
955 1532 993 1590 ab
1008 1532 1044 1592 iis
1057 1533 1161 1604 roiate,
1175 1550 1214 1594 on
1228 1538 1340 1613 quium

258 1644 362 1707 veritis
382 1637 530 1717 incipiunt
543 1630 642 1692 oiiicia
655 1628 811 1689 christiani
834 1629 992 1709 principis,
1006 1648 1042 1691 es
1056 1641 1191 1693 esurum
1203 1636 1337 1717 istrum,-

258 1761 298 1806 ao
316 1738 480 1823 prasertim
502 1732 595 1793 sauci
619 1728 786 1805 Fuigentii,
801 1730 968 1804 sententia,
993 1730 1144 1794 desinare
1166 1753 1175 1791 ε
1200 1738 1339 1814 «Rogata

257 1839 467 1904 ministerium
477 1829 642 1912 specialiter
655 1835 700 1887 est
709 1826 857 1905 populum
870 1828 924 1888 Dei
936 1829 1147 1905 gubernasset
1158 1850 1259 1910 regere
1269 1852 1340 1899 cum

260 1943 403 2023 aequitatc
417 1940 447 1997 et
458 1932 588 2012 justitia,
604 1936 633 1991 et
646 1934 681 1988 ut
692 1942 797 2006 pacem
809 1934 839 1986 et
851 1928 1042 1989 conrordiam
1054 1930 1195 2008 habeant,
1208 1936 1338 1999 stutiem

260 2046 332 2121 ipsc
352 2038 434 2099 enim
456 2034 543 2095 debet
562 2030 662 2109 primo
677 2028 817 2087 ostensor
837 2041 902 2089 esse
922 2028 1124 2091 Eociesiarum
1143 2037 1340 2098 eiserroruui

261 2142 329 2219 liei,
342 2136 515 2206 viduarum,
526 2130 743 2209 orphanorum,
757 2136 993 2204 taurorumque
1003 2135 1340 2213 paupertim-Titus,

259 2248 330 2321 pont
364 2236 460 2297 muita
491 2234 648 2308 desumpta
670 2244 706 2287 ex
729 2234 831 2286 senuo
864 2230 998 2303 isidoro,
1022 2230 1066 2290 sie
1094 2244 1337 2310 prosequuntur:

262 2358 281 2397 o
293 2326 1042 2415 Piinoipessecutinonuunquamintreiirciesism
1051 2334 1206 2406 potestatis
1227 2335 1339 2415 adepta

263 2438 399 2500 cuimine
412 2438 524 2506 tenent,
536 2437 633 2508 utper
646 2425 783 2486 eumdem
796 2431 972 2502 potestatem
986 2426 1179 2505 utsoipiinam
1188 2432 1340 2496 ecciesias-

266 2537 354 2597 tioam
375 2534 523 2593 muniant.
540 2530 687 2589 Caurum
707 2525 785 2583 intra
805 2524 969 2584 Ecclesiam
990 2532 1147 2604 potestates
1166 2536 1340 2594 nuesmrite

264 2652 326 2696 nou
340 2638 454 2709 essent,
470 2630 527 2690 nisi
542 2633 576 2689 ut
587 2625 668 2703 quoti
682 2640 741 2684 nou
756 2624 914 2701 prevaleat
923 2625 1061 2687 sacerdos
1072 2626 1189 2691 efficere
1203 2647 1257 2709 per
1267 2635 1340 2697 ooo-

268 2737 350 2795 trinae
372 2744 553 2802 sermonem,
569 2732 698 2806 potestas
717 2723 774 2783 hoc
792 2725 921 2802 imperet
932 2739 986 2803 per
998 2726 1163 2805 tiiscipiinze
1184 2734 1337 2797 terrorem.

265 2834 347 2912 Seps
360 2847 413 2911 per
426 2841 553 2906 regnum
568 2834 721 2886 erronum
733 2822 851 2884 ooeleste
864 2836 994 2900 regnum
1008 2827 1133 2906 proiicit,
1145 2830 1246 2906 utqui
1260 2832 1339 2895 intra

262 2934 426 2996 Ecclesiam
450 2929 538 3009 positi
559 2931 661 2987 contra
681 2925 771 2984 titoni
792 2931 822 2983 ot
842 2923 1032 3002 oiseipiiuam
1062 2927 1201 2989 Faciesiae
1232 2943 1337 3011 agunt,

263 3036 362 3110 rigore
382 3031 555 3110 principum
569 3031 774 3096 conterantur,
790 3026 949 3101 ipsamque
966 3024 1157 3103 disciplinam
1171 3045 1264 3104 quarn
1284 3035 1338 3095 Eo·

261 3134 354 3194 ciseio
377 3143 512 3192 oxcroere
536 3141 597 3187 uon
617 3123 776 3203 praevalet,
799 3123 966 3183 cerviuitus
987 3135 1185 3203 supernorum
1208 3140 1337 3207 potest„

261 3231 436 3312 principalis
455 3231 601 3307 imponet,
617 3231 647 3282 et
659 3230 693 3281 ut
712 3222 934 3282 venerationem
949 3230 1113 3302 mercatur,
1128 3227 1268 3289 virtutem
1282 3247 1336 3309 po-

263 3338 354 3392 testne
369 3329 528 3408 importat.
542 3327 726 3401 cognoscent
735 3322 882 3402 principos
898 3323 994 3381 secuti
1005 3323 1180 3386 nouenae
1189 3330 1335 3391 rationem

260 3437 382 3512 propter
402 3429 576 3499 Ecclesiam,
598 3437 692 3502 quem
712 3441 729 3483 a
751 3423 868 3484 tiitristo
891 3421 1033 3484 tueutiam
1056 3426 1235 3504 suscipiunt.
1259 3431 1334 3491 iiam

262 3536 325 3596 sito
336 3534 481 3606 augeatur
492 3543 549 3607 pax
559 3523 757 3601 otoiscipiiua
770 3523 909 3584 iiocietite
920 3523 1090 3600 portiones
1098 3527 1259 3609 principos,
1272 3531 1335 3593 sine

259 3632 404 3707 sciretur,
426 3630 477 3689 iiie
493 3627 585 3688 aiteio
607 3628 755 3685 rationem
774 3624 880 3698 exiget,
896 3625 950 3701 qui
971 3639 1077 3686 eorum
1096 3629 1234 3705 potestati
1246 3648 1335 3696 suam

261 3728 572 3795 uooiesiarnoreoiuit.
585 3747 600 3781 u
708 3734 711 3740 ·

301 3834 334 3894 4⁰
358 3832 499 3895 Officium
521 3828 658 3888 Ecclesia
674 3825 861 3904 protegentia
880 3825 1065 3903 principibus
1088 3827 1250 3890 concilium
1269 3833 1334 3892 Tri·

260 3931 479 3996 oeconomiis
491 3927 732 3990 verbisincuicet
746 3925 787 4004 (a)
801 3942 810 3983 z
826 3943 841 3981 o
904 3925 1010 3985 Sancta
1020 3925 1169 4003 synodus,
1228 3938 1334 4010 pratu

260 4051 297 4096 ea
316 4049 385 4111 qttae
401 4035 439 4094 rie
462 4029 667 4092 ecciesiasticis
690 4027 824 4107 personis
847 4026 1018 4100 coustituit,
1040 4027 1190 4088 seculares
1211 4047 1333 4110 quoque

260 4135 413 4214 Principes
435 4131 523 4193 officii
538 4123 800 4190 suiatiruoucndos
821 4141 886 4186 esec
906 4127 1035 4201 ocusuit,
1048 4127 1201 4189 confiniens
1221 4145 1283 4208 eos,
1298 4139 1333 4192 ut

258 4236 433 4309 catholicos,
448 4250 523 4310 quos
545 4235 624 4292 Deus
645 4238 751 4290 saucia
773 4227 842 4287 iitiei
860 4227 1060 4305 Ecclesiaequo
1075 4237 1252 4307 protectores
1266 4246 1332 4294 esse

259 4338 366 4414 voiuir,
376 4339 428 4414 jus
442 4350 533 4394 suum
547 4331 686 4393 Ecciesiae
707 4331 821 4391 restitui
843 4344 905 4390 non
921 4335 1034 4389 tantum
1050 4346 1114 4390 esse
1127 4345 1331 4414 concessuros,

257 4439 312 4501 sed
337 4443 428 4499 etiam
449 4435 583 4496 subditos
598 4447 669 4492 suos
682 4445 787 4492 omues
803 4429 841 4492 tui
859 4430 991 4491 debitam
1011 4447 1082 4509 ergo
1102 4430 1230 4514 ciorum,
1245 4451 1333 4516 paro-

257 4541 335 4603 chos
352 4545 381 4600 et
392 4539 561 4618 superiores
579 4533 697 4598 ordines
709 4531 906 4596 reverentiam
924 4539 1128 4616 nauaturos,
1141 4548 1196 4599 noe
1206 4539 1333 4617 permis·

285 4762 323 4827 (o)
333 4759 429 4812 concii.
439 4758 508 4811 Trio.
524 4767 583 4810 sess.
599 4757 638 4816 tt,
650 4756 755 4820 cupae.
