3559 5675
544 776 654 827 soum.
677 799 715 815 .-
736 777 818 826 uara
838 776 971 830 macr.
1245 761 1298 826 itt

273 893 320 960 tur,
333 889 463 963 ιιιιιιιιιιιιι
478 886 549 948 socii
561 886 596 947 ln
613 885 666 948 lali
685 887 832 948 territorio
850 886 1006 949 commode
1026 887 1186 949 sustentari
1205 886 1305 966 alique

271 987 377 1064 possiot3
390 989 419 1046 2·
430 985 464 1047 ad
479 986 592 1049 bonnm
603 986 741 1066 ejusdem
758 987 870 1050 morale
877 1031 888 1064 ,
903 990 944 1050 ita
959 995 993 1050 ιιι
1006 979 1086 1051 socio'
1099 989 1219 1066 cuique,
1236 1005 1305 1048 ma-

271 1086 414 1147 timonium
430 1086 602 1149 contrahere
613 1087 874 1164 volenti,moralis
885 1089 1070 1169 possibilitas
1090 1088 1306 1150 illiuscontra·

269 1183 339 1245 lotii
355 1185 442 1247 adsit:
455 1186 511 1249 lioc
521 1187 614 1248 enim·
624 1187 744 1267 publica
754 1188 901 1268 societatis
913 1186 1053 1250 honestas
1065 1189 1195 1251 maximo
1208 1195 1306 1268 postu·

268 1284 307 1344 lat.
324 1283 427 1347 litcmm
446 1286 477 1352 in
498 1287 637 1366 present
658 1295 774 1348 naturas
795 1286 938 1351 humanm
960 1293 1040 1349 statu
1061 1301 1122 1348 non
1141 1286 1239 1348 solum
1264 1291 1308 1348 est

267 1383 382 1445 omnilos
393 1384 562 1448 hominibus
571 1389 636 1464 ius,
650 1388 702 1449 ssd
715 1386 822 1450 multis
833 1389 924 1448 etlam
937 1388 1097 1450 samaritas
1111 1387 1247 1468 quaedam
1261 1393 1306 1448 est

266 1483 417 1547 cantuarii
425 1485 629 1566 contrahendi,
640 1503 674 1550 ac
684 1487 752 1548 talis
761 1488 933 1562 necessitas,
942 1491 986 1561 nt,
993 1487 1050 1547 nisi
1061 1486 1158 1549 cidem
1167 1485 1303 1562 satisfiat,

266 1595 360 1644 uorum
378 1583 605 1646 individualiom
620 1587 803 1666 corruptioni
815 1593 845 1647 ct
857 1585 1018 1648 socialibus
1031 1583 1303 1666 perturbationibus

263 1683 440 1746 armclcribm
458 1686 584 1748 infinitis
604 1687 750 1764 originem
769 1687 908 1767 praebeat.
929 1687 1019 1766 atqui
1040 1687 1134 1750 nimia
1155 1685 1301 1746 sociorum

264 1781 436 1862 multiplicatio
447 1786 596 1848 moralem
614 1785 885 1867 impossibilitatem
899 1787 1024 1864 cougrni
1038 1785 1220 1848 matrimonii
1235 1779 1304 1845 con-

263 1881 371 1944 uanam
388 1885 490 1948 multis
506 1893 598 1949 creat.
617 1890 775 1966 Nequeunt
792 1890 875 1950 onim
896 1887 1123 1949 matrimonium
1144 1883 1305 1966 prudentor

262 1983 479 2066 commiscui
500 1987 588 2050 bonis
600 1987 638 2049 ad
654 1989 814 2066 coniugem
831 1989 1023 2068 imuramque
1036 1985 1304 2070 prolem'alendam

262 2079 447 2147 sufficientibus
462 2093 594 2150 careant.
611 2087 699 2166 Ergo,
715 2094 772 2152 etc.

288 2180 503 2248 idoneorum.
520 2185 676 2248 a-mcs
685 2187 854 2266 gravissimi
866 2192 1012 2252 momenti
1024 2190 1157 2251 raritates
1166 2188 1305 2250 demons-

259 2282 394 2346 travimus:
411 2289 466 2346 1¹2⁷¹
480 2287 1037 2366 Matrimoniajungendanequaquam
1048 2307 1065 2349 a
1076 2288 1306 2367 publicaaueto·

257 2381 323 2443 ritae
334 2385 455 2464 pendero
468 2390 551 2450 ἐν·
568 2387 716 2450 ilodcrata
729 2389 880 2450 sociorum
895 2389 1099 2450 multitudinis
1110 2388 1305 2462 incrementa,

257 2495 331 2556 ιιιιιιιιι
343 2485 447 2549 bonum
462 2488 573 2550 sociale
585 2488 638 2549 illa
650 2489 721 2564 sint,
735 2489 774 2551 ab
786 2489 960 2552 auctoritate
973 2489 1093 2569 politica
1106 2487 1306 2569 promovenda

257 2597 321 2645 asc:
337 2583 387 2647 pm
402 2591 445 2651 lta
462 2591 616 2652 somomm
637 2589 917 2669 multiplicationem
938 2605 1003 2652 esse
1024 2589 1254 2671 procurantium,
1273 2597 1306 2649 ιιι

257 2685 379 2750 Morum
391 2692 585 2752 matrimonia
599 2692 725 2752 minime
738 2689 951 2770 impediantur,
967 2697 995 2752 ct
1008 2707 1113 2753 sorum
1131 2697 1233 2751 tamen
1244 2705 1306 2749 ιιιι-

256 2797 320 2848 utro
331 2791 415 2855 nimis
427 2792 575 2855 crescenti
591 2791 699 2853 molus
710 2790 893 2871 imponatur.
907 2792 1035 2871 Etenim,
1050 2793 1194 2871 quoniam
1204 2791 1305 2853 homi·

256 2898 297 2945 ota
314 2886 393 2953 libau
413 2910 448 2956 ac
474 2893 547 2954 satis
572 2892 673 2955 inlices
694 2898 800 2972 suapte
823 2897 931 2955 natura
954 2892 1081 2953 tendunt
1099 2890 1135 2952 ad
1158 2891 1306 2952 sociorum

255 2986 453 3055 urdtitndinom
467 2993 550 3055 ultra
562 2992 686 3054 modum
700 2991 881 3069 aagendam,
895 2998 924 3053 ct
938 2992 1033 3051 nimia
1043 2992 1192 3051 sociorum
1206 2988 1309 3049 molti·

255 3083 351 3162 difidit
361 3100 455 3173 potest
471 3092 558 3155 tacite
575 3094 608 3154 in
628 3092 827 3154 calamitatem
841 3090 995 3170 publicam
1015 3088 1309 3167 commonitorium

254 3192 298 3261 ⁶⁸¹,
309 3194 502 3257 ucinmcnta
517 3194 555 3255 ad
570 3194 735 3255 humanam
756 3192 1001 3273 propagationem
1014 3208 1032 3251 a
1050 3189 1168 3270 publica
1181 3189 1309 3249 auctori-

255 3294 299 3350 tata
317 3292 464 3356 interdum
486 3293 651 3355 minuenda
671 3308 748 3371 esse,
771 3291 836 3367 ubi,
860 3291 951 3353 salvis
971 3290 1119 3352 sociorum
1137 3286 1257 3367 juribus
1279 3293 1310 3347 st

254 3388 353 3465 palliae
364 3394 505 3458 felicitate
518 3387 550 3458 id
561 3392 677 3456 ammte
689 3394 793 3473 possit.
1168 3384 1175 3393 ’

284 3492 381 3557 &dem
402 3498 536 3573 mdone,
559 3494 704 3572 quoniam
725 3494 952 3554 matrimonium
976 3499 1020 3555 est
1040 3508 1169 3571 persaepe
1194 3490 1310 3552 homiui

253 3596 446 3671 murnum,
461 3601 492 3657 et
504 3594 601 3657 nimia
620 3593 770 3653 sociorum
792 3591 1002 3672 multiplicatio
1020 3592 1125 3654 multis
1143 3599 1311 3669 congmnm

252 3693 462 3757 matrimonium
476 3692 612 3775 impedit,
627 3691 708 3753 unde
723 3706 841 3769 magum
853 3692 1051 3770 calamitates,
1063 3691 1228 3770 prasertim
1243 3704 1311 3748 mo·

252 3788 326 3866 tales,
339 3800 404 3858 tum
421 3792 624 3855 indiuidualss
638 3798 705 3852 tum
716 3790 850 3863 sociales,
867 3796 1064 3866 enascuntur,
1076 3789 1195 3851 socialis
1208 3794 1311 3850 aucto-

251 3885 331 3951 ritatis
338 3891 473 3955 officium
482 3898 538 3964 est,
551 3891 678 3951 nimiam
689 3889 774 3950 illam
782 3888 1074 3967 multiplicationem,
1087 3893 1237 3964 quatenus
1247 3888 1312 3946 sius

252 3985 384 4065 injurius
393 3992 452 4053 ulli
465 3990 616 4053 sociorum
627 3988 710 4050 illata
722 3988 832 4049 id'lrsri
845 3992 952 4067 potest,
967 3986 1121 4064 impedire.
1351 3978 1353 3983 ’

281 4087 424 4169 lamrero,
445 4092 478 4151 in
495 4090 630 4169 hocipso
650 4088 782 4150 maxima
795 4085 838 4148 rei
859 4084 1020 4147 difficultas
1040 4082 1095 4145 sita
1115 4086 1171 4156 est,
1186 4082 1218 4141 io
1233 4082 1314 4141 inre·

251 4186 349 4252 aanor
361 4188 476 4253 scilicet
494 4190 602 4251 moneo
620 4187 734 4264 mcdio,
747 4186 878 4248 naturali
895 4186 1045 4263 cujusque
1057 4180 1190 4243 hominis
1204 4178 1241 4241 ad
1254 4196 1317 4239 ma·

250 4288 416 4354 monium
434 4290 498 4371 juri
511 4295 544 4352 et
562 4289 712 4351 societatis
733 4284 868 4348 felicitati
889 4283 1016 4344 minime
1039 4284 1236 4360 repugnante,
1255 4294 1317 4358 quo

251 4386 292 4448 ol
303 4392 402 4453 otiosi
421 4386 811 4452 divitiisaffluenti-homini
830 4382 1060 4465 persuadeatur,
1075 4388 1110 4441 ιιι
1121 4380 1317 4441 vehementis·

249 4486 324 4551 uma
333 4492 537 4573 propensioni,
551 4506 613 4567 qua
623 4488 662 4549 ad
674 4487 787 4549 amoris
803 4484 972 4562 conjugalia
987 4487 1083 4544 castas
1096 4479 1219 4542 delicias
1232 4486 1262 4541 et
1279 4478 1316 4541 ad
1405 4526 1416 4533 .

249 4586 291 4647 tui
310 4590 405 4670 ipsius
427 4593 460 4653 in
483 4591 561 4652 tilios
581 4588 754 4651 carissimos
775 4584 1018 4664 propagationem
1042 4582 1147 4658 tortor,
1175 4584 1317 4658 perpetuo

250 4686 415 4768 rclocttmr,
428 4706 557 4769 eamque
566 4690 670 4751 rincat
682 4700 717 4749 ao
730 4700 822 4766 prope
835 4682 946 4757 doleat,
961 4679 1035 4742 dum
1048 4686 1149 4741 tamen
1166 4677 1318 4739 honestis-

250 4786 375 4861 simiaiis
385 4791 539 4859 amoribus
549 4796 579 4850 ct
591 4783 845 4867 opportunissimo
859 4778 979 4859 solatio,
993 4776 1073 4858 qnod
1088 4775 1239 4851 inanienti
1251 4776 1318 4849 ejus
