3559 5675
572 803 680 851 sune„
701 820 741 835 -
763 802 849 851 uene
869 804 1017 851 semus.
1293 794 1334 857 ee

246 914 327 975 ioris
345 912 453 975 omnin
470 912 648 973 litterature
661 909 820 989 perdenda
836 916 927 988 atoue
941 912 1078 976 iiooleme
1091 914 1245 979 catholiea
1261 932 1334 981 oon-

246 1010 427 1074 demnentlen
438 1008 585 1089 grauem
599 1005 696 1071 veritis
713 1008 982 1088 reprehenderunt.

282 1114 478 1193 Quapropter
489 1116 613 1188 quante
626 1109 665 1172 iie
678 1109 829 1191 episeopis
846 1126 901 1198 pen
919 1109 1059 1189 vigilanti
1075 1127 1183 1174 eorum
1196 1128 1267 1191 erga
1280 1116 1336 1178 lie·

245 1211 369 1277 eluiem
390 1209 573 1273 oethoiioem
585 1208 686 1271 studio
699 1208 847 1271 debentur
868 1210 982 1287 gretie,
1002 1214 1085 1272 tenta
1098 1210 1336 1291 iudigmtionee

245 1314 332 1375 ionia
345 1311 496 1374 omnibus
516 1310 683 1388 rejioientie
694 1314 740 1371 eet
757 1308 888 1371 mendax
906 1309 960 1376 ille
971 1312 1118 1373 eeeueatio
1128 1328 1220 1390 quem
1233 1312 1335 1377 oellidi

246 1412 389 1475 hominen
407 1412 443 1471 in
458 1411 541 1472 urea
556 1410 622 1490 pios
644 1414 674 1473 et
688 1409 852 1490 prudentes
865 1410 1021 1471 intendere
1043 1416 1108 1472 tum
1124 1414 1254 1475 maxime
1268 1416 1336 1476 enei

246 1518 329 1589 eunt,
343 1524 450 1591 quum
459 1510 552 1573 sedeo
560 1510 739 1591 innomine,
749 1508 857 1573 litteris
869 1526 924 1590 per
935 1510 1120 1573 oerdinelem
1127 1512 1335 1583 antonelllnm

246 1614 282 1675 eti
293 1610 485 1676 eerdinelem
498 1610 701 1675 Rhomeneem
714 1610 805 1683 datie,
821 1609 923 1690 palam
936 1610 1099 1673 tuebatur
1107 1611 1186 1674 nihil
1195 1613 1335 1679 Eoolettio

246 1713 404 1777 netholiw
420 1713 608 1791 injuriosum
623 1729 659 1774 ee
671 1709 819 1775 contineri
828 1712 1041 1792 oontrovereie,
1054 1713 1167 1795 quippe
1179 1728 1248 1793 qua
1257 1714 1336 1777 oiroa

248 1834 308 1878 reue
320 1812 418 1897 piene
431 1812 559 1875 laterum
573 1818 751 1877 venaretur.

285 1918 400 1979 Faoeta
419 1931 491 1977 vero
512 1920 560 1976 eet
580 1930 686 1977 eorum
703 1919 911 1977 aoeueatorum
932 1914 1123 1995 querimonia·
1135 1914 1335 1979 alunantium

250 2016 340 2095 greoi
353 2014 670 2094 letiniquoeermonie
683 2016 843 2096 puritatem
857 2022 889 2078 et
901 2014 1080 2094 elegantiam
1093 2013 1126 2077 in
1139 2014 1250 2079 eoholie
1260 2032 1336 2081 noe-

250 2119 301 2180 trie
317 2122 500 2196 eorruptum
513 2116 564 2192 iri,
586 2116 626 2196 ei,
642 2122 807 2195 antequem
821 2115 858 2179 etl
871 2130 1004 2197 paganos
1019 2114 1113 2179 libros
1126 2113 1259 2177 eineeuoe
1275 2122 1335 2179 tre·
1365 2148 1368 2155 ·

251 2216 410 2289 tumtur,
433 2218 468 2278 in
489 2216 661 2281 &noenu
676 2218 849 2280 auotoribus
862 2216 967 2294 grecia
977 2232 1011 2279 eo
1021 2214 1123 2279 latinio
1140 2216 1227 2294 pueri
1242 2218 1334 2280 unioe

255 2322 453 2381 eauoeantur.
466 2318 511 2379 lie
523 2318 614 2395 greci
622 2317 770 2396 latinique
783 2318 932 2379 eermonie
941 2317 1072 2397 puritete
1083 2321 1174 2393 eune
1187 2315 1335 2395 elegantia

261 2417 414 2496 eoeneum
432 2416 599 2499 dieoipuioe
618 2418 821 2481 ooneereande
841 2418 985 2480 eoliioitoe
1004 2432 1070 2479 eene
1092 2416 1241 2478 nimirum
1251 2416 1335 2480 tecet

259 2516 321 2579 iitoe
331 2520 388 2597 qui
399 2518 502 2599 palam
516 2518 602 2581 lateri
617 2520 713 2581 ooaoti
731 2525 805 2581 eunt
815 2532 873 2580 neo
881 2534 915 2583 ee
928 2532 984 2579 neo
995 2532 1067 2579 euoe
1079 2514 1242 2597 uneipuloe
1256 2518 1332 2581 noire

254 2618 418 2697 quidquam
440 2618 535 2679 latine
557 2626 715 2697 uteunque
736 2619 819 2698 ioqui
839 2623 891 2681 aut
912 2616 1056 2681 eoniberel
1069 2616 1249 2680 Christiane
1263 2618 1330 2700 ipen

250 2718 331 2793 tite,
347 2719 471 2798 privata
482 2724 514 2779 et
525 2718 648 2798 publice
662 2718 824 2781 hominum
835 2719 918 2781 ealue
927 2719 959 2779 in
971 2717 1143 2799 perieulum
1156 2716 1332 2781 adduoentla

249 2835 358 2899 nempe
372 2822 422 2880 eet
437 2823 475 2880 ut
489 2819 605 2898 pentae
623 2825 654 2881 et
672 2818 825 2898 elegantia
836 2818 991 2882 latinitatis
1005 2818 1086 2900 apud
1097 2834 1152 2882 noe
1166 2816 1332 2882 retineatur

248 2935 327 2984 nune
335 2919 498 3000 temporie,
511 2936 624 2999 quum,
637 2920 780 2983 omnihus
792 2920 967 2996 leontinus,
980 2920 1018 2982 ed
1032 2925 1145 2981 uniam
1162 2918 1263 2981 iatine
1271 2918 1331 2980 lin-

247 3037 311 3098 gna
321 3019 550 3098 ignorationem
563 3019 726 3083 detentum
737 3025 796 3097 eet,
807 3025 921 3098 quanta
930 3035 1089 3098 nunquam
1103 3015 1184 3099 apud
1195 3033 1251 3080 uos
1260 3017 1329 3093 luit,

247 3137 282 3181 ea
296 3135 360 3199 qno
374 3135 524 3183 romanus
535 3137 634 3183 sermo
651 3128 698 3184 eet
710 3121 744 3182 in
755 3120 868 3183 Gallias
879 3121 1036 3182 inventust

283 3219 452 3282 Gltrmtiani
464 3221 559 3298 igitur
567 3222 759 3302 praeoptorie
767 3219 902 3284 otiioium
913 3226 958 3282 eet
970 3237 987 3280 e
999 3234 1115 3300 pagana
1128 3217 1182 3281 iile
1189 3219 1333 3298 iuventu-

247 3321 284 3381 tie
296 3321 494 3383 instituenda
504 3322 649 3384 methodo
661 3321 802 3385 recedere
813 3328 845 3384 et
856 3320 895 3383 etl
906 3325 1050 3399 veterem,
1064 3335 1131 3399 que
1140 3335 1260 3399 semper
1271 3319 1331 3383 tuit

246 3421 323 3501 apud
334 3421 519 3483 christianos
529 3421 668 3502 populos,
683 3421 829 3500 nequead
842 3427 982 3483 renatum
991 3419 1213 3498 quintodecimo
1221 3419 1329 3484 eaeoulo

247 3523 279 3584 in
300 3523 430 3602 litteris,
448 3525 582 3586 eeienffle
598 3530 630 3587 et
647 3525 765 3588 ertibue
785 3525 1012 3606 paganismum,
1031 3523 1200 3599 observate,
1220 3520 1328 3602 spretis

246 3623 412 3686 ettiltorum
424 3621 620 3702 elamoribus,
635 3625 744 3688 redire.
763 3628 829 3700 Quo
841 3624 966 3704 quidem
979 3621 1076 3686 offloio
1088 3627 1225 3703 panentu
1236 3621 1330 3685 chin·

248 3724 318 3786 timi
339 3723 442 3786 multo
461 3727 559 3803 magis
572 3732 773 3806 premuntur:
789 3744 896 3789 eorum
907 3739 1039 3804 namque
1050 3723 1245 3785 meximeiile
1255 3739 1330 3786 eure

247 3840 310 3886 mee
321 3823 472 3899 denet,nt
489 3825 538 3886 eui
558 3825 647 3887 liberi
666 3843 700 3888 ea
713 3824 855 3888 methodo
863 3825 1057 3900 erudientur,
1076 3839 1144 3902 quoe
1163 3837 1225 3883 una
1246 3819 1326 3903 eputl

246 3923 428 3986 mffifianoe
452 3925 580 4005 populeo
602 3943 722 4006 semper
741 3928 774 3988 in
797 3943 858 3988 ueu
880 3927 958 4003 init,
981 3937 1109 4004 qumque
1130 3939 1193 3984 une
1216 3925 1325 4001 potent,

246 4039 317 4085 enm
336 4024 450 4085 veterio
467 4024 641 4088 litteratura
662 4043 765 4104 greum
779 4043 813 4087 eo
826 4042 957 4087 romenae
978 4023 1113 4095 seientia,
1129 4021 1326 4084 ohrietienem

245 4129 392 4201 mentem,
414 4123 616 4186 annotantem
645 4128 815 4204 ingenium,
840 4126 1023 4188 uenationes
1046 4139 1156 4187 mores·
1169 4122 1327 4186 etfiemiter

245 4239 413 4304 puerorum
425 4225 539 4285 enimin
548 4225 719 4289 intendero.

281 4323 340 4385 Soti
355 4323 395 4386 tie
406 4329 471 4385 tota
481 4324 538 4386 hae
550 4342 583 4386 re
598 4326 699 4388 lusiue
716 4326 861 4389 alio'loeo
874 4327 1058 4390 disseremus
1072 4343 1081 4385 t
1095 4325 1158 4387 hee
1169 4311 1326 4406 peuoe'hio

246 4423 383 4486 innuieee
396 4424 538 4486 enffiuat.
621 4466 625 4472 ·
831 4417 835 4422 ’
1288 4447 1293 4454 ·

283 4527 420 4588 Conona.
437 4529 469 4587 5.
486 4557 525 4571 -
538 4526 593 4588 Eet
606 4527 782 4606 parentinus
795 4533 975 4608 perpetuum
990 4531 1043 4605 jue
1057 4525 1093 4587 ed
1111 4525 1243 4588 illiorum
1256 4541 1325 4604 gea·

246 4631 308 4687 tom
322 4627 477 4698 animm,
492 4625 716 4692 observantiam
741 4636 772 4689 et
798 4629 933 4690 subsidia
951 4627 1134 4704 neoeeearie3
1155 4631 1200 4687 est
1219 4623 1326 4688 iisdem

242 4727 293 4802 jun
306 4727 421 4806 periton
435 4726 627 4788 immutabile
638 4728 672 4789 in
685 4727 793 4789 ordine
807 4727 971 4790 domestico
982 4727 1021 4789 ad
1032 4727 1166 4788 illiorum
1180 4725 1326 4787 obedien·

245 4825 329 4905 tiam,
345 4825 490 4907 quandiu
507 4823 565 4888 tilii
583 4843 654 4889 eum
671 4827 710 4890 ile
722 4827 898 4891 cohabitent
918 4845 926 4886 ι
948 4833 977 4889 et
989 4831 1040 4908 jue
1052 4831 1098 4889 eet
1111 4825 1171 4888 illie
1184 4823 1222 4890 etl
1236 4825 1326 4888 inter·
