3559 5675
484 722 544 789 tis
890 743 969 789 ruars
988 741 1150 798 maenius

484 848 556 911 ralis
574 849 770 930 philosophiae
795 850 944 923 irreptio,
958 866 1027 928 uun
1046 849 1080 916 tn
1095 848 1202 911 ultimo
1214 846 1295 925 ‚ileu
1307 848 1424 925 legibue,
1439 846 1515 906 rinu-

483 948 574 1019 tibus,
589 948 734 1010 subsidiis
744 966 825 1011 mere
839 947 1030 1011 naturalibus
1041 946 1266 1009 considerandis
1279 947 1420 1015 eonsistat,
1431 962 1515 1023 sumr-

482 1050 672 1110 naturalibus
680 1047 1071 1125 nneteginuarirtutinur,
1080 1047 1277 1125 adjumentis,
1284 1044 1392 1125 quibus
1399 1044 1518 1125 precipue

482 1147 605 1209 moralia
628 1148 701 1210 ordo
722 1146 810 1209 realis
837 1149 1036 1227 componitur,
1060 1147 1181 1209 silentio
1204 1145 1413 1225 praetermissis.
1427 1144 1518 1203 liteuu

480 1246 587 1313 mutiin
614 1248 671 1317 ists
691 1246 815 1315 moralia
828 1248 957 1314 selaune
978 1247 1165 1327 pertractatio
1177 1246 1374 1325 perniciosam
1392 1242 1520 1320 iliauopl-

481 1346 603 1407 ninnem
617 1348 731 1409 sensim
749 1345 1055 1425 mentibusinsiuuat,
1066 1354 1128 1430 qua
1140 1361 1202 1405 non
1212 1341 1363 1423 pauclsibi
1373 1338 1522 1419 persuadent

479 1444 524 1505 nil
538 1443 655 1507 homini
678 1462 743 1507 esse
757 1452 862 1525 preter
874 1462 910 1507 ea
922 1463 989 1523 quae
1008 1442 1197 1505 naturalibus
1210 1442 1335 1503 rationis
1351 1448 1380 1501 et
1390 1438 1523 1500 voluntatis

479 1543 594 1605 viribus
605 1546 708 1622 attingi
722 1551 858 1625 possunt,
873 1544 1069 1615 armentium,
1083 1542 1267 1623 sperandum
1279 1548 1308 1602 et
1318 1538 1522 1617 inquirendum:

481 1660 542 1720 quo
568 1644 719 1705 teterrimo
744 1642 872 1723 proetiei
891 1640 1094 1705 rationaltrmi
1119 1643 1191 1702 uitio
1213 1647 1283 1703 atas
1305 1647 1405 1700 nostra
1422 1637 1525 1697 mariue

482 1740 602 1805 laboral.
1580 1741 1581 1762 ³

519 1844 557 1903 llt
570 1842 700 1923 prolecto
713 1844 775 1905 hen
791 1842 851 1904 dun
864 1843 1039 1904 firmissima
1052 1846 1191 1903 eonsnut
1206 1856 1215 1899 a
1234 1844 1288 1901 lum
1307 1840 1426 1901 Nullam
1438 1838 1470 1898 ab
1488 1835 1525 1895 ho

480 1943 562 2005 mine
582 1943 709 2022 plenum
732 1945 855 2005 rationis
876 1960 969 2005 usum
991 1943 1098 2021 adepto
1120 1940 1292 2002 felicitatem
1315 1940 1349 2002 in
1376 1940 1461 2000 altera
1481 1938 1526 1997 rita

478 2046 585 2121 praeter
599 2042 859 2121 supernaturalem
873 2042 1001 2116 obtineri
1017 2057 1103 2121 posse
1111 2056 1122 2122 3
1133 2056 1224 2125 quarn
1238 2039 1265 2099 si
1279 2039 1406 2099 minime
1414 2052 1527 2113 meque·

480 2147 540 2217 tur,
554 2140 586 2201 in
596 2148 705 2203 eterna
715 2142 861 2220 supplicia
871 2142 1035 2202 certissime
1047 2138 1177 2215 deidei,
1191 2138 1251 2197 ΞΜ·
1265 2139 1329 2199 Nisi
1344 2143 1527 2217 supernatura
1580 2135 1581 2156 ¹

477 2240 559 2303 libus
577 2242 703 2303 internis
716 2244 832 2305 viribus
848 2244 977 2320 quisque
990 2243 1137 2305 diuinitus
1156 2240 1331 2310 roboretur,
1351 2239 1461 2299 nemini
1478 2252 1525 2297 esse

478 2338 570 2403 asela
583 2348 690 2405 natura
700 2344 779 2405 uires
792 2340 973 2405 sufflelenies
985 2358 1048 2402 non
1059 2342 1160 2401 solium
1168 2338 1206 2400 ail
1221 2338 1457 2419 supernaturalia
1467 2350 1525 2414 pre

477 2448 560 2520 nepta
581 2441 749 2522 implenda,
772 2442 825 2504 sed
846 2458 883 2503 ne
904 2440 941 2503 ad
962 2440 1115 2502 naturales
1134 2438 1258 2516 quidem
1279 2440 1363 2515 leges
1385 2441 1526 2499 nonannter

477 2540 697 2613 observandas,
722 2547 755 2600 ut
775 2545 839 2620 jam
855 2543 996 2619 superius
1016 2554 1095 2618 supe
1107 2539 1280 2600 notavimus
1300 2539 1386 2613 itte,
1408 2535 1471 2607 tte,
1488 2535 1526 2603 el,
1580 2563 1581 2596 i

486 2638 538 2713 63,
553 2632 624 2714 570,
639 2640 739 2719 sequ.)
753 2647 783 2700 et
796 2640 874 2702 intre
884 2640 986 2701 dentre
998 2644 1180 2700 statuemus
1580 2617 1581 2632 ¹

445 2722 450 2730 ¹
516 2736 713 2815 Quiprnptar,
728 2738 816 2799 etiam
832 2738 966 2817 periarrlo
986 2734 1037 2798 ilio
1048 2735 1244 2797 rationalisuai
1258 2736 1381 2814 praetiei
1393 2729 1526 2793 induenti

476 2837 620 2916 tantisper
638 2839 762 2910 omisso,
775 2839 915 2898 lnutiienr
930 2839 1021 2916 plane
1037 2836 1075 2898 rui
1096 2834 1229 2898 hominis
1241 2834 1336 2896 tinem
1351 2832 1528 2904 ultimum,iu

475 2951 567 3012 ouem
585 2945 690 3002 tamnu
713 2945 773 2999 totu
786 2944 899 3014 quanta
911 2945 958 2997 est
975 2936 1099 3003 moralis
1118 2935 1277 3014 diseiplina
1298 2942 1433 3013 spectare
1450 2931 1527 2995 lebet

476 3035 553 3097 nane
566 3037 736 3103 laenitatem
749 3037 882 3118 pruriens
895 3038 1025 3114 quisquis
1038 3035 1200 3114 iudicabit,
1212 3034 1271 3094 uisi
1283 3051 1319 3095 ea
1331 3031 1527 3112 praeambulum

473 3137 624 3215 quondm
641 3137 927 3216 sitsupsrnaturaiir
940 3136 1094 3201 doctrine.
1114 3133 1151 3194 rui
1171 3151 1267 3211 quarn
1285 3141 1405 3194 mentes
1421 3132 1527 3192 anino

474 3237 657 3314 que'ulilque
670 3241 821 3316 preparat,
839 3235 870 3294 in
881 3251 976 3312 quarn
991 3241 1131 3314 perpetuo
1142 3233 1275 3294 intendat
1288 3229 1528 3310 sequerianus

473 3331 615 3412 oollirnst,
631 3334 661 3394 in
682 3347 773 3410 quiam
786 3333 928 3412 (lenique.
942 3345 1096 3410 tamprram
1110 3333 1120 3390 i
1125 3349 1144 3392 u
1158 3331 1413 3409 complementum
1429 3343 1528 3408 prorsa
1580 3324 1581 3381 l

474 3433 691 3508 neeessarium,
707 3433 835 3494 desinat.

515 3533 603 3592 litio.
619 3533 718 3594 Linsat
730 3549 800 3610 erge
810 3533 947 3598 ordinem
957 3531 1127 3594 naturalem
1137 3549 1156 3592 ι
1166 3531 1391 3612 supranaturali
1402 3533 1434 3590 in
1443 3525 1530 3590 morali

471 3631 596 3694 seientia
617 3631 759 3698 trudentia
781 3631 963 3712 diiiiupurrs
975 3649 988 3692 .·
1003 3639 1035 3693 at
1047 3633 1175 3711 prioratu
1190 3625 1280 3692 illurn
1293 3646 1311 3690 a
1322 3630 1480 3708 posteriora
1498 3640 1529 3682 ie

466 3743 778 3808 menumquam
790 3731 879 3800 liuere
888 3739 994 3812 potest.
1006 3733 1081 3806 Qun
1088 3731 1358 3802 natnmliratioue,
1370 3721 1529 3814 idestuuliir

470 3829 612 3892 adhibitis
632 3831 838 3910 theologorum
863 3835 992 3914 propriis
1021 3833 1225 3911 argumentis,
1249 3831 1357 3910 dooere
1381 3823 1529 3892 tle-rnortl'

470 3929 596 3998 annonis
615 3931 757 3994 humanat
775 3933 952 3997 reatitudine
971 3941 1002 3994 et
1015 3933 1193 3996 eontirmare
1206 3949 1381 4011 possumus,
1397 3945 1456 3994 nou
1466 3931 1527 3988 reu·

470 4045 542 4090 nrur
559 4027 696 4092 (ianime
719 4047 897 4112 preponere,
912 4051 949 4094 ea
976 4035 1073 4110 iisque
1091 4031 1260 4094 ordinatam
1281 4032 1444 4092 veritatum
1463 4041 1527 4087 eou-

468 4127 637 4210 plexlouern
651 4133 805 4202 senilem,
820 4150 913 4209 quarn
926 4131 1066 4194 malm
1075 4131 1294 4212 philomelinis
1307 4127 1475 4192 meruleta
1484 4138 1525 4183 tet

468 4227 606 4291 marris
613 4228 670 4310 jor
679 4231 875 4311 appellamus.
890 4233 937 4300 nt,
953 4232 1049 4309 siquis
1064 4231 1208 4292 rnoralem
1221 4229 1389 4294 doetrinun
1402 4227 1443 4288 ita
1451 4221 1525 4301 erpti-

467 4329 730 4400 unumunurn
745 4331 839 4394 linem
857 4331 991 4392 nomime
1010 4329 1183 4392 naturalem
1195 4327 1336 4392 etotlleia
1354 4326 1438 4403 iilius
1455 4327 1523 4386 sens

469 4425 542 4488 ralia
555 4443 573 4486 n
587 4427 646 4510 line
658 4435 687 4490 et
699 4429 804 4490 nltluls
823 4430 1103 4510 supernaturalibus
1119 4429 1209 4507 plane
1225 4433 1351 4505 upum,
1375 4429 1523 4495 etatum

467 4524 504 4586 ad
521 4525 662 4588 ultimum
684 4529 776 4592 finam
793 4531 941 4594 naturalis
958 4531 1074 4595 unliuir
1094 4546 1180 4609 posse
1199 4528 1354 4590 murinus
1376 4521 1520 4605 paule

467 4628 686 4703 summeturrii
700 4629 847 4708 aeglesie,
860 4631 886 4692 is
895 4627 1335 4709 etinrpiseinrseontralaetum
1345 4623 1517 4686 nanneno
1580 4692 1581 4695 Ἴ

467 4725 621 4808 roligionis
631 4729 775 4798 divinitus
786 4733 923 4796 rerniatn
932 4733 1107 4808 mentietur,
1120 4737 1151 4794 rt
1160 4728 1375 4792 absumiasiue
1384 4723 1517 4789 nouantur
1580 4724 1581 4731 ’
