3559 5675
478 766 537 843 Sili»
887 788 968 841 errius
988 782 1146 843 retunsus

478 905 588 964 rit'elius
602 906 693 981 quam
709 905 866 965 arroteritae
881 904 1036 984 amplioris
1051 908 1201 966 societatis
1215 906 1369 982 cognoscit.
1384 908 1411 966 l·
1423 900 1511 967 seruii-

478 1005 562 1066 daria
572 1010 700 1083 potestas
715 1008 857 1067 consortii
869 1004 1021 1067 censenda
1043 994 1088 1067 est
1103 1008 1202 1067 media
1213 1006 1248 1067 ad
1262 1024 1297 1069 ea
1308 1006 1406 1069 delicta
1418 1006 1513 1085 compsi

479 1106 590 1167 menda
603 1107 700 1167 multo
715 1107 827 1169 melius
840 1107 951 1167 habere
965 1116 1131 1188 comperta;
1152 1108 1249 1169 multo
1264 1108 1356 1185 magis
1367 1109 1443 1168 etiarn
1454 1106 1514 1165 illius

480 1205 603 1265 interest
625 1204 813 1283 delictaque
835 1205 919 1266 illius
935 1204 1024 1266 finem
1040 1222 1074 1269 ac
1094 1206 1174 1285 leges
1196 1214 1377 1287 oppugnant,
1397 1205 1513 1267 cohibere.

480 1306 571 1383 Ergo,
585 1312 641 1367 etc.

521 1408 658 1468 Attamen
677 1406 836 1484 diligenter
849 1407 906 1468 hoc
927 1404 1227 1469 animadvertendum
1242 1416 1299 1485 est,
1320 1408 1393 1469 hauc
1412 1406 1517 1467 tribuna·

481 1506 556 1568 lium
572 1506 700 1587 sessori
723 1506 944 1568 distinctionem
959 1508 1102 1583 injustam
1125 1514 1154 1567 et
1172 1507 1368 1587 perniciosam
1380 1506 1492 1579 eradere,
1502 1505 1517 1565 si

482 1601 519 1668 s'd
529 1606 637 1669 delicta
649 1608 822 1669 communia
842 1606 1028 1667 extendatur.
1045 1606 1175 1684 Etenim,
1190 1608 1289 1684 quoad
1308 1610 1362 1668 ista
1376 1606 1519 1667 delictam-

478 1710 528 1786 ]er
551 1708 676 1768 societas
690 1706 780 1767 babet
797 1706 863 1766 sine
875 1706 966 1767 dubio
981 1724 1152 1785 supremam
1165 1706 1354 1783 judiciariam
1369 1712 1519 1785 potestaten.
1576 1718 1577 1783 ᾗ

481 1809 817 1883 communionemque
842 1805 961 1881 delicta,
985 1807 1016 1866 in
1035 1806 1226 1884 quorumque
1250 1782 1396 1867 corisortio
1414 1804 1520 1865 commit-

481 1914 595 1983 tantur,
621 1909 776 1968 communi
807 1908 972 1987 presertim
999 1906 1079 1969 bono
1103 1908 1226 1984 majoris
1241 1908 1386 1969 societatis
1408 1905 1522 1967 univesa

482 2013 607 2084 nocent3
623 2011 712 2085 cujus
725 2006 848 2085 quidem
857 2010 929 2085 jura
940 2006 1062 2087 privatis
1072 2008 1304 2086 quibuscunque
1319 2008 1432 2087 juribus
1443 2006 1522 2065 hono
1576 1988 1577 1997 ¹

460 2175 463 2183 ,
482 2110 587 2186 geneis
605 2124 724 2186 semper
735 2108 906 2187 prevalent.
923 2108 999 2183 Ergo
1010 2108 1131 2185 justitia
1145 2098 1285 2186 postulat.
1305 2114 1339 2167 ut
1352 2106 1450 2167 delicta
1467 2120 1524 2165 con·
1577 2146 1578 2149 ,

484 2208 602 2283 munia,
625 2208 658 2267 in
677 2223 858 2285 quocunque
877 2209 1026 2268 consortio
1047 2212 1167 2287 patrate,
1190 2222 1206 2267 a
1228 2208 1384 2266 communi
1400 2204 1526 2285 judiciaria

483 2314 626 2391 potestate
636 2307 822 2386 judicentur.
840 2310 984 2368 Praeterea
999 2308 1102 2369 omnia
1116 2308 1240 2385 majoris
1255 2308 1403 2368 societatis
1424 2304 1526 2366 membra

484 2407 599 2483 equale
614 2409 669 2484 jus
687 2406 724 2467 ad
746 2407 795 2466 sui
814 2422 1000 2483 suorumque
1023 2406 1171 2465 bonorum
1198 2404 1323 2466 tutelam
1342 2406 1446 2466 babent
1459 2402 1525 2485 llll).

485 2508 569 2569 liano
589 2512 690 2572 autem
714 2506 840 2567 tutelam
864 2512 1022 2582 nequeunt
1040 2520 1146 2567 omnes
1165 2504 1322 2583 aequaliter
1342 2506 1474 2577 obtinere,
1487 2503 1528 2563 uisi

484 2608 580 2669 facilis
599 2606 635 2667 ad
653 2606 771 2681 judices
789 2622 925 2666 accessus
946 2604 1088 2665 omuibus
1110 2612 1206 2684 pateat
1219 2612 1249 2666 et
1267 2624 1302 2667 ex
1318 2606 1419 2668 eodem
1434 2604 1529 2685 justitia

485 2707 589 2767 ordine
604 2720 708 2765 omnes
730 2705 840 2784 pariter
853 2704 1038 2781 jndicentur.
1053 2706 1153 2781 Atqui,
1166 2704 1217 2764 ubi
1232 2705 1409 2767 criminibus
1418 2704 1530 2781 J‘udican·

486 2801 544 2884 dis,
560 2805 677 2868 diversa
694 2804 857 2866 tribunalia
873 2820 927 2884 pro
943 2803 1092 2866 distinctis
1105 2804 1262 2866 consortiis
1276 2805 1477 2879 admittuntur,
1485 2802 1530 2878 jan

486 2921 543 2968 neo
562 2906 639 2968 liber
651 2906 703 2970 ille
719 2920 854 2967 accessus
873 2905 911 2965 ad
927 2905 1044 2982 judices
1067 2906 1208 2967 omnibus
1227 2907 1315 2968 sociis
1337 2922 1420 2986 aeque
1437 2901 1529 2984 patebit,
1579 2955 1580 2984 p

487 3020 542 3069 nec
563 3006 702 3084 judicum
723 3007 815 3066 animi
837 3003 1005 3083 equalibus
1024 3012 1094 3082 erga
1110 3019 1215 3066 omues
1230 3007 1339 3068 studiis
1359 3011 1444 3067 emut
1459 3005 1532 3080 dispe

486 3107 685 3183 sitilitenim,
694 3109 719 3166 si
733 3105 924 3170 individuum
940 3105 1130 3184 particularis
1142 3105 1301 3183 quusdem
1314 3105 1449 3170 consortii
1460 3117 1532 3164 meu·

487 3209 577 3269 brrrm
590 3206 629 3268 ob
649 3207 791 3266 delictum
815 3219 977 3266 commune
997 3204 1035 3265 ab
1054 3203 1107 3265 illo
1121 3209 1269 3283 patratum
1293 3206 1371 3286 apud
1391 3197 1533 3285 judicesad

488 3307 568 3367 idem
586 3305 660 3365 illud
675 3305 859 3365 consortium
874 3306 1056 3384 pertinentes
1071 3311 1234 3381 accusetur,
1254 3305 1341 3365 lacile
1356 3305 1534 3379 contingetis

487 3405 605 3486 judices
628 3405 675 3464 isti
700 3409 763 3462 tunt
787 3405 908 3484 proprio
927 3405 1068 3468 consortii
1090 3405 1137 3464 sui
1157 3404 1345 3484 particularis
1364 3421 1469 3470 eruore,
1487 3407 1534 3459 tun

490 3507 651 3567 bominum
678 3503 716 3564 de
739 3504 792 3565 illo
819 3505 967 3566 consortio
994 3505 1134 3585 precibus
1158 3511 1188 3566 ct
1208 3507 1470 3586 promissionibus,
1489 3507 1534 3560 tun

490 3603 642 3668 dedecoris
660 3605 711 3666 toti
732 3605 777 3665 illi
794 3606 941 3666 consortio
960 3621 995 3666 ex
1015 3607 1058 3667 rei
1080 3605 1271 3667 damnatione
1290 3607 1459 3686 proventuri
1477 3609 1535 3661 mett

492 3705 629 3786 impulsi,
648 3705 684 3766 ad
705 3721 826 3766 oausam
847 3706 1034 3783 negligenter
1053 3705 1290 3784 cognoscendam
1311 3705 1394 3769 etad
1414 3719 1489 3766 reum
1506 3703 1536 3758 ut·

491 3819 612 3884 cunque
624 3804 839 3867 absolvendum
854 3803 1047 3866 inducantur.

900 4014 1104 4078 sestertius
1124 4019 1160 4078 ll.

494 4209 537 4271 lle
560 4207 670 4270 morali
688 4203 869 4287 judiciorum
891 4205 1082 4286 perfectione,
1106 4205 1195 4285 deque
1209 4204 1336 4282 judiciis
1360 4194 1541 4267 constituendis

642 4302 904 4367 accommodarem
918 4303 992 4367 hone
1000 4305 1210 4386 perfectionem
1222 4305 1419 4368 obtinendam.

533 4490 622 4553 llll.
640 4491 709 4552 Pes.
725 4487 809 4550 548⁴.
819 4487 1036 4552 -ludiciariae
1053 4491 1187 4569 potestati
1203 4488 1330 4570 duplicis
1347 4483 1459 4550 ordinis
1475 4479 1542 4541 lunt·

494 4595 591 4655 tiones
604 4595 694 4652 sunta
710 4589 814 4651 civiles
825 4597 854 4653 et
867 4591 1011 4670 poenales.

534 4690 629 4756 Peos.
645 4690 860 4754 -ludiciarie
885 4697 1015 4772 potestas
1039 4698 1143 4773 suapte
1169 4698 1276 4754 natura
1301 4695 1345 4753 est
1372 4685 1497 4752 ordinata
1518 4671 1543 4736 td

494 4793 652 4856 evertenda
664 4793 819 4856 obstacula
830 4810 899 4872 que
908 4795 1000 4856 civico
1012 4795 1162 4858 societatis
1176 4791 1274 4854 ordini
1285 4793 1381 4872 potest
1393 4805 1410 4850 a
1424 4773 1543 4848 morellii
