<?xml version="1.0" encoding="UTF-8"?>
<!DOCTYPE html PUBLIC "-//W3C//DTD XHTML 1.0 Transitional//EN"
    "http://www.w3.org/TR/xhtml1/DTD/xhtml1-transitional.dtd">
<html xmlns="http://www.w3.org/1999/xhtml" xml:lang="en" lang="en">
 <head>
  <title>
</title>
<meta http-equiv="Content-Type" content="text/html;charset=utf-8" />
  <meta name='ocr-system' content='tesseract 3.04.00' />
  <meta name='ocr-capabilities' content='ocr_page ocr_carea ocr_par ocr_line ocrx_word'/>
</head>
<body>
  <div class='ocr_page' id='page_1' title='image "./jurisnaturalisu00bensgoog_0608.png"; bbox 0 0 3559 5675; ppageno 0'>
   <div class='ocr_carea' id='block_1_1' title="bbox 454 709 1121 774">
    <p class='ocr_par' dir='ltr' id='par_1_1' title="bbox 454 709 1121 774">
     <span class='ocr_line' id='line_1_1' title="bbox 454 709 1121 774; baseline -0.004 0"><span class='ocrx_word' id='word_1_1' title='bbox 454 709 515 774; x_wconf 83' lang='grc'><strong>600</strong></span> <span class='ocrx_word' id='word_1_2' title='bbox 860 725 940 772; x_wconf 77' lang='lat' dir='ltr'><strong>nisis</strong></span> <span class='ocrx_word' id='word_1_3' title='bbox 962 723 1121 771; x_wconf 76' lang='lat' dir='ltr'><strong>cariosus</strong></span> 
     </span>
    </p>
   </div>
   <div class='ocr_carea' id='block_1_2' title="bbox 450 827 1576 4625">
    <p class='ocr_par' dir='ltr' id='par_1_2' title="bbox 452 827 1496 1014">
     <span class='ocr_line' id='line_1_2' title="bbox 452 827 1496 898; baseline -0.005 -5"><span class='ocrx_word' id='word_1_4' title='bbox 452 831 526 894; x_wconf 86' lang='lat' dir='ltr'><strong>tides</strong></span> <span class='ocrx_word' id='word_1_5' title='bbox 540 851 558 893; x_wconf 88' lang='lat' dir='ltr'><strong>a</strong></span> <span class='ocrx_word' id='word_1_6' title='bbox 574 835 769 898; x_wconf 69' lang='lat' dir='ltr'><strong>coccineum</strong></span> <span class='ocrx_word' id='word_1_7' title='bbox 784 836 917 898; x_wconf 82' lang='lat' dir='ltr'><strong>Romano</strong></span> <span class='ocrx_word' id='word_1_8' title='bbox 933 833 1074 898; x_wconf 83' lang='lat' dir='ltr'><strong>Pontifice</strong></span> <span class='ocrx_word' id='word_1_9' title='bbox 1087 836 1202 895; x_wconf 86' lang='lat' dir='ltr'><strong>retenta</strong></span> <span class='ocrx_word' id='word_1_10' title='bbox 1220 831 1336 894; x_wconf 83' lang='lat' dir='ltr'><strong>dicatm</strong></span> <span class='ocrx_word' id='word_1_11' title='bbox 1349 847 1411 892; x_wconf 81' lang='lat' dir='ltr'><strong>rere</strong></span> <span class='ocrx_word' id='word_1_12' title='bbox 1428 845 1457 890; x_wconf 88' lang='lat' dir='ltr'><strong>ac</strong></span> <span class='ocrx_word' id='word_1_13' title='bbox 1467 827 1496 889; x_wconf 86' lang='lat' dir='ltr'><strong>stt</strong></span> 
     </span>
     <span class='ocr_line' id='line_1_3' title="bbox 456 931 1069 1014; baseline 0.003 -22"><span class='ocrx_word' id='word_1_14' title='bbox 456 931 529 994; x_wconf 84' lang='lat' dir='ltr'><strong>tides</strong></span> <span class='ocrx_word' id='word_1_15' title='bbox 547 933 684 996; x_wconf 82' lang='lat' dir='ltr'><strong>Ecclesia</strong></span> <span class='ocrx_word' id='word_1_16' title='bbox 698 935 891 998; x_wconf 80' lang='lat' dir='ltr'><strong>universalis.</strong></span> <span class='ocrx_word' id='word_1_17' title='bbox 906 939 998 1014; x_wconf 81' lang='lat' dir='ltr'><strong>Ergo,</strong></span> <span class='ocrx_word' id='word_1_18' title='bbox 1013 939 1069 996; x_wconf 84' lang='lat' dir='ltr'><strong>etc.</strong></span> 
     </span>
    </p>

    <p class='ocr_par' dir='ltr' id='par_1_3' title="bbox 450 1026 1509 3315">
     <span class='ocr_line' id='line_1_4' title="bbox 495 1026 1495 1116; baseline -0.003 -24"><span class='ocrx_word' id='word_1_19' title='bbox 495 1031 528 1092; x_wconf 81' lang='lat'><strong>3⁰</strong></span> <span class='ocrx_word' id='word_1_20' title='bbox 547 1035 641 1096; x_wconf 84' lang='lat' dir='ltr'><strong>Nemo</strong></span> <span class='ocrx_word' id='word_1_21' title='bbox 655 1035 688 1096; x_wconf 90' lang='lat' dir='ltr'><strong>in</strong></span> <span class='ocrx_word' id='word_1_22' title='bbox 702 1033 832 1098; x_wconf 87' lang='lat' dir='ltr'><strong>Ecclesia</strong></span> <span class='ocrx_word' id='word_1_23' title='bbox 848 1035 906 1097; x_wconf 90' lang='lat' dir='ltr'><strong>‹lici</strong></span> <span class='ocrx_word' id='word_1_24' title='bbox 919 1041 1015 1116; x_wconf 84' lang='lat' dir='ltr'><strong>potest</strong></span> <span class='ocrx_word' id='word_1_25' title='bbox 1027 1033 1065 1095; x_wconf 92' lang='lat' dir='ltr'><strong>ob</strong></span> <span class='ocrx_word' id='word_1_26' title='bbox 1080 1049 1167 1094; x_wconf 93' lang='lat' dir='ltr'><strong>suam</strong></span> <span class='ocrx_word' id='word_1_27' title='bbox 1180 1031 1346 1094; x_wconf 80' lang='lat' dir='ltr'><strong>doctrinam</strong></span> <span class='ocrx_word' id='word_1_28' title='bbox 1361 1026 1495 1114; x_wconf 69' lang='lat' dir='ltr'><strong>poscam,</strong></span> 
     </span>
     <span class='ocr_line' id='line_1_5' title="bbox 451 1127 1502 1210; baseline -0.002 -18"><span class='ocrx_word' id='word_1_29' title='bbox 451 1128 602 1210; x_wconf 71' lang='lat' dir='ltr'><strong>pojum,</strong></span> <span class='ocrx_word' id='word_1_30' title='bbox 625 1132 723 1208; x_wconf 75' lang='grc' dir='ltr'><strong>Ιιοιιίι,</strong></span> <span class='ocrx_word' id='word_1_31' title='bbox 746 1135 890 1197; x_wconf 82' lang='lat' dir='ltr'><strong>Eccleeioe</strong></span> <span class='ocrx_word' id='word_1_32' title='bbox 909 1143 1078 1209; x_wconf 67' lang='lat' dir='ltr'><strong>extraneae,</strong></span> <span class='ocrx_word' id='word_1_33' title='bbox 1109 1131 1146 1192; x_wconf 89' lang='lat' dir='ltr'><strong>ob</strong></span> <span class='ocrx_word' id='word_1_34' title='bbox 1167 1130 1309 1202; x_wconf 68' lang='lat' dir='ltr'><strong>Ecclesia</strong></span> <span class='ocrx_word' id='word_1_35' title='bbox 1337 1127 1502 1210; x_wconf 64' lang='lat' dir='ltr'><strong>sonoros</strong></span> 
     </span>
     <span class='ocr_line' id='line_1_6' title="bbox 453 1227 1504 1318; baseline -0.004 -26"><span class='ocrx_word' id='word_1_36' title='bbox 453 1229 598 1307; x_wconf 70' lang='lat' dir='ltr'><strong>mulene,</strong></span> <span class='ocrx_word' id='word_1_37' title='bbox 613 1232 711 1296; x_wconf 81' lang='lat' dir='ltr'><strong>divini</strong></span> <span class='ocrx_word' id='word_1_38' title='bbox 722 1237 859 1318; x_wconf 77' lang='lat' dir='ltr'><strong>mysterii</strong></span> <span class='ocrx_word' id='word_1_39' title='bbox 874 1255 985 1316; x_wconf 82' lang='lat' dir='ltr'><strong>earorr,</strong></span> <span class='ocrx_word' id='word_1_40' title='bbox 1000 1237 1058 1298; x_wconf 90' lang='lat' dir='ltr'><strong>nisi</strong></span> <span class='ocrx_word' id='word_1_41' title='bbox 1082 1239 1150 1314; x_wconf 87' lang='lat' dir='ltr'><strong>ejus</strong></span> <span class='ocrx_word' id='word_1_42' title='bbox 1165 1234 1301 1297; x_wconf 84' lang='lat' dir='ltr'><strong>doctrina</strong></span> <span class='ocrx_word' id='word_1_43' title='bbox 1319 1235 1359 1294; x_wconf 89' lang='lat' dir='ltr'><strong>sit</strong></span> <span class='ocrx_word' id='word_1_44' title='bbox 1368 1231 1447 1314; x_wconf 86' lang='lat' dir='ltr'><strong>plane</strong></span> <span class='ocrx_word' id='word_1_45' title='bbox 1459 1227 1504 1289; x_wconf 72' lang='lat' dir='ltr'><strong>ba</strong></span> 
     </span>
     <span class='ocr_line' id='line_1_7' title="bbox 450 1329 1505 1416; baseline -0.004 -24"><span class='ocrx_word' id='word_1_46' title='bbox 450 1335 551 1395; x_wconf 76' lang='lat' dir='ltr'><strong>ratim.</strong></span> <span class='ocrx_word' id='word_1_47' title='bbox 566 1336 654 1414; x_wconf 73' lang='lat' dir='ltr'><strong>Atqui</strong></span> <span class='ocrx_word' id='word_1_48' title='bbox 669 1341 762 1401; x_wconf 73' lang='lat' dir='ltr'><strong>musti</strong></span> <span class='ocrx_word' id='word_1_49' title='bbox 775 1341 889 1416; x_wconf 85' lang='lat' dir='ltr'><strong>Patras,</strong></span> <span class='ocrx_word' id='word_1_50' title='bbox 905 1339 975 1401; x_wconf 87' lang='lat' dir='ltr'><strong>fidei</strong></span> <span class='ocrx_word' id='word_1_51' title='bbox 994 1337 1147 1402; x_wconf 80' lang='lat' dir='ltr'><strong>catholica</strong></span> <span class='ocrx_word' id='word_1_52' title='bbox 1170 1341 1270 1411; x_wconf 63' lang='lat' dir='ltr'><strong>notes,</strong></span> <span class='ocrx_word' id='word_1_53' title='bbox 1290 1333 1339 1394; x_wconf 88' lang='lat' dir='ltr'><strong>bis</strong></span> <span class='ocrx_word' id='word_1_54' title='bbox 1357 1329 1505 1394; x_wconf 90' lang='lat' dir='ltr'><strong>nominibus</strong></span> 
     </span>
     <span class='ocr_line' id='line_1_8' title="bbox 452 1439 1504 1520; baseline -0.005 -22"><span class='ocrx_word' id='word_1_55' title='bbox 452 1439 604 1518; x_wconf 85' lang='lat' dir='ltr'><strong>appellant</strong></span> <span class='ocrx_word' id='word_1_56' title='bbox 614 1457 686 1502; x_wconf 82' lang='lat' dir='ltr'><strong>cum</strong></span> <span class='ocrx_word' id='word_1_57' title='bbox 706 1441 759 1518; x_wconf 87' lang='lat' dir='ltr'><strong>qui</strong></span> <span class='ocrx_word' id='word_1_58' title='bbox 780 1441 865 1502; x_wconf 85' lang='lat' dir='ltr'><strong>Sedis</strong></span> <span class='ocrx_word' id='word_1_59' title='bbox 893 1439 1066 1520; x_wconf 70' lang='lat' dir='ltr'><strong>apostolicas</strong></span> <span class='ocrx_word' id='word_1_60' title='bbox 1085 1439 1225 1518; x_wconf 84' lang='lat' dir='ltr'><strong>judicum</strong></span> <span class='ocrx_word' id='word_1_61' title='bbox 1254 1443 1405 1514; x_wconf 81' lang='lat' dir='ltr'><strong>tamquam</strong></span> <span class='ocrx_word' id='word_1_62' title='bbox 1420 1451 1466 1512; x_wconf 83' lang='lat' dir='ltr'><strong>per</strong></span> <span class='ocrx_word' id='word_1_63' title='bbox 1480 1450 1504 1493; x_wconf 84' lang='lat' dir='ltr'><strong>se</strong></span> 
     </span>
     <span class='ocr_line' id='line_1_9' title="bbox 453 1533 1503 1621; baseline -0.007 -21"><span class='ocrx_word' id='word_1_64' title='bbox 453 1536 590 1619; x_wconf 85' lang='lat' dir='ltr'><strong>lallibile,</strong></span> <span class='ocrx_word' id='word_1_65' title='bbox 612 1542 811 1605; x_wconf 82' lang='lat' dir='ltr'><strong>detrectctvel</strong></span> <span class='ocrx_word' id='word_1_66' title='bbox 834 1541 990 1604; x_wconf 72' lang='lat' dir='ltr'><strong>detrectari</strong></span> <span class='ocrx_word' id='word_1_67' title='bbox 1009 1557 1095 1621; x_wconf 85' lang='lat' dir='ltr'><strong>posse</strong></span> <span class='ocrx_word' id='word_1_68' title='bbox 1117 1545 1228 1602; x_wconf 76' lang='lat' dir='ltr'><strong>asserat</strong></span> <span class='ocrx_word' id='word_1_69' title='bbox 1235 1553 1247 1616; x_wconf 82' lang='lat'><em>3</em></span> <span class='ocrx_word' id='word_1_70' title='bbox 1276 1537 1358 1616; x_wconf 86' lang='lat' dir='ltr'><strong>quod</strong></span> <span class='ocrx_word' id='word_1_71' title='bbox 1379 1533 1503 1614; x_wconf 72' lang='lat' dir='ltr'><strong>galliana</strong></span> 
     </span>
     <span class='ocr_line' id='line_1_10' title="bbox 453 1634 1503 1711; baseline -0.009 -8"><span class='ocrx_word' id='word_1_72' title='bbox 453 1647 553 1703; x_wconf 86' lang='lat' dir='ltr'><strong>tamen</strong></span> <span class='ocrx_word' id='word_1_73' title='bbox 566 1641 727 1703; x_wconf 74' lang='lat' dir='ltr'>declaratio</span> <span class='ocrx_word' id='word_1_74' title='bbox 747 1643 851 1703; x_wconf 91' lang='lat' dir='ltr'><strong>statuit</strong></span> <span class='ocrx_word' id='word_1_75' title='bbox 872 1642 971 1704; x_wconf 79' lang='lat' dir='ltr'><strong>licere.</strong></span> <span class='ocrx_word' id='word_1_76' title='bbox 987 1644 1110 1704; x_wconf 83' lang='lat' dir='ltr'><strong>Patrum</strong></span> <span class='ocrx_word' id='word_1_77' title='bbox 1132 1641 1210 1702; x_wconf 84' lang='lat' dir='ltr'><strong>dicta</strong></span> <span class='ocrx_word' id='word_1_78' title='bbox 1230 1638 1366 1700; x_wconf 76' lang='lat' dir='ltr'><strong>referunt</strong></span> <span class='ocrx_word' id='word_1_79' title='bbox 1384 1634 1503 1711; x_wconf 78' lang='lat' dir='ltr'><strong>theologi,</strong></span> 
     </span>
     <span class='ocr_line' id='line_1_11' title="bbox 453 1736 1503 1819; baseline -0.006 -19"><span class='ocrx_word' id='word_1_80' title='bbox 453 1757 531 1819; x_wconf 85' lang='lat' dir='ltr'><strong>quos</strong></span> <span class='ocrx_word' id='word_1_81' title='bbox 543 1741 604 1802; x_wconf 87' lang='lat' dir='ltr'><strong>adl.</strong></span> <span class='ocrx_word' id='word_1_82' title='bbox 625 1741 778 1804; x_wconf 82' lang='lat' dir='ltr'><strong>Nonnulla</strong></span> <span class='ocrx_word' id='word_1_83' title='bbox 799 1741 849 1802; x_wconf 88' lang='lat' dir='ltr'><strong>bic</strong></span> <span class='ocrx_word' id='word_1_84' title='bbox 868 1741 1044 1804; x_wconf 84' lang='lat' dir='ltr'><strong>brevissime</strong></span> <span class='ocrx_word' id='word_1_85' title='bbox 1058 1741 1190 1803; x_wconf 87' lang='lat' dir='ltr'><strong>indicare</strong></span> <span class='ocrx_word' id='word_1_86' title='bbox 1212 1757 1249 1801; x_wconf 82' lang='lat' dir='ltr'><strong>ex</strong></span> <span class='ocrx_word' id='word_1_87' title='bbox 1269 1737 1425 1800; x_wconf 87' lang='lat' dir='ltr'><strong>bleichiore</strong></span> <span class='ocrx_word' id='word_1_88' title='bbox 1442 1736 1503 1796; x_wconf 80' lang='lat' dir='ltr'><strong>iano</strong></span> 
     </span>
     <span class='ocr_line' id='line_1_12' title="bbox 453 1835 1503 1922; baseline -0.008 -21"><span class='ocrx_word' id='word_1_89' title='bbox 453 1839 581 1902; x_wconf 86' lang='lat' dir='ltr'><strong>sufficiat</strong></span> <span class='ocrx_word' id='word_1_90' title='bbox 600 1839 652 1920; x_wconf 81' lang='lat' dir='ltr'><strong>(a).</strong></span> <span class='ocrx_word' id='word_1_91' title='bbox 674 1843 902 1919; x_wconf 73' lang='lat' dir='ltr'><strong>«Hieronymus</strong></span> <span class='ocrx_word' id='word_1_92' title='bbox 914 1843 1075 1922; x_wconf 76' lang='lat' dir='ltr'><strong>profanum</strong></span> <span class='ocrx_word' id='word_1_93' title='bbox 1087 1858 1152 1904; x_wconf 87' lang='lat' dir='ltr'><strong>esse</strong></span> <span class='ocrx_word' id='word_1_94' title='bbox 1166 1846 1195 1902; x_wconf 89' lang='lat' dir='ltr'><strong>et</strong></span> <span class='ocrx_word' id='word_1_95' title='bbox 1206 1841 1364 1920; x_wconf 77' lang='lat' dir='ltr'><strong>periurum</strong></span> <span class='ocrx_word' id='word_1_96' title='bbox 1377 1837 1452 1912; x_wconf 89' lang='lat' dir='ltr'><strong>dicit,</strong></span> <span class='ocrx_word' id='word_1_97' title='bbox 1463 1835 1503 1912; x_wconf 86' lang='lat' dir='ltr'><strong>qui</strong></span> 
     </span>
     <span class='ocr_line' id='line_1_13' title="bbox 453 1935 1505 2009; baseline -0.006 -8"><span class='ocrx_word' id='word_1_98' title='bbox 453 1937 605 2001; x_wconf 77' lang='lat' dir='ltr'><strong>Cstbedrre</strong></span> <span class='ocrx_word' id='word_1_99' title='bbox 618 1939 698 2002; x_wconf 85' lang='lat' dir='ltr'><strong>Petri</strong></span> <span class='ocrx_word' id='word_1_100' title='bbox 717 1947 748 2002; x_wconf 85' lang='lat' dir='ltr'><strong>st</strong></span> <span class='ocrx_word' id='word_1_101' title='bbox 765 1941 907 2004; x_wconf 75' lang='lat' dir='ltr'><strong>Romana</strong></span> <span class='ocrx_word' id='word_1_102' title='bbox 922 1941 1006 2004; x_wconf 86' lang='lat' dir='ltr'><strong>Sedis</strong></span> <span class='ocrx_word' id='word_1_103' title='bbox 1025 1941 1117 2004; x_wconf 88' lang='lat' dir='ltr'><strong>fidam</strong></span> <span class='ocrx_word' id='word_1_104' title='bbox 1140 1956 1201 2001; x_wconf 95' lang='lat' dir='ltr'><strong>non</strong></span> <span class='ocrx_word' id='word_1_105' title='bbox 1215 1939 1307 2002; x_wconf 89' lang='lat' dir='ltr'><strong>luerit</strong></span> <span class='ocrx_word' id='word_1_106' title='bbox 1331 1943 1454 1999; x_wconf 81' lang='lat' dir='ltr'><strong>secutus.</strong></span> <span class='ocrx_word' id='word_1_107' title='bbox 1466 1935 1505 2009; x_wconf 66' lang='lat' dir='ltr'><strong>Cy·</strong></span> 
     </span>
     <span class='ocr_line' id='line_1_14' title="bbox 454 2037 1505 2122; baseline -0.007 -24"><span class='ocrx_word' id='word_1_108' title='bbox 454 2039 720 2118; x_wconf 85' lang='lat' dir='ltr'><strong>prianusalieuum</strong></span> <span class='ocrx_word' id='word_1_109' title='bbox 732 2041 774 2103; x_wconf 91' lang='lat' dir='ltr'><strong>ait</strong></span> <span class='ocrx_word' id='word_1_110' title='bbox 783 2043 1028 2122; x_wconf 83' lang='lat' dir='ltr'><strong>essc,&#39;prolanum</strong></span> <span class='ocrx_word' id='word_1_111' title='bbox 1039 2059 1115 2119; x_wconf 84' lang='lat' dir='ltr'><strong>csse,</strong></span> <span class='ocrx_word' id='word_1_112' title='bbox 1127 2040 1331 2116; x_wconf 86' lang='lat' dir='ltr'><strong>hostcmcssc,</strong></span> <span class='ocrx_word' id='word_1_113' title='bbox 1346 2037 1399 2114; x_wconf 83' lang='lat' dir='ltr'><strong>qui</strong></span> <span class='ocrx_word' id='word_1_114' title='bbox 1409 2037 1505 2095; x_wconf 74' lang='lat' dir='ltr'><strong>liniver-</strong></span> 
     </span>
     <span class='ocr_line' id='line_1_15' title="bbox 454 2131 1506 2216; baseline -0.007 -18"><span class='ocrx_word' id='word_1_115' title='bbox 454 2137 527 2198; x_wconf 87' lang='lat' dir='ltr'><strong>salis</strong></span> <span class='ocrx_word' id='word_1_116' title='bbox 547 2138 686 2201; x_wconf 81' lang='lat' dir='ltr'><strong>Ecclesia</strong></span> <span class='ocrx_word' id='word_1_117' title='bbox 706 2156 768 2202; x_wconf 92' lang='lat' dir='ltr'><strong>non</strong></span> <span class='ocrx_word' id='word_1_118' title='bbox 785 2141 1034 2216; x_wconf 89' lang='lat' dir='ltr'><strong>tenetunitatem,</strong></span> <span class='ocrx_word' id='word_1_119' title='bbox 1058 2140 1115 2202; x_wconf 89' lang='lat' dir='ltr'><strong>hcc</strong></span> <span class='ocrx_word' id='word_1_120' title='bbox 1136 2147 1181 2201; x_wconf 89' lang='lat' dir='ltr'><strong>est</strong></span> <span class='ocrx_word' id='word_1_121' title='bbox 1201 2139 1308 2200; x_wconf 86' lang='lat' dir='ltr'><strong>lumen</strong></span> <span class='ocrx_word' id='word_1_122' title='bbox 1323 2153 1432 2206; x_wconf 89' lang='lat' dir='ltr'><strong>unum,</strong></span> <span class='ocrx_word' id='word_1_123' title='bbox 1444 2131 1506 2193; x_wconf 84' lang='lat' dir='ltr'><strong>unte</strong></span> 
     </span>
     <span class='ocr_line' id='line_1_16' title="bbox 455 2235 1504 2316; baseline -0.005 -20"><span class='ocrx_word' id='word_1_124' title='bbox 455 2235 544 2298; x_wconf 89' lang='lat' dir='ltr'><strong>multi</strong></span> <span class='ocrx_word' id='word_1_125' title='bbox 563 2237 637 2300; x_wconf 89' lang='lat' dir='ltr'><strong>radii</strong></span> <span class='ocrx_word' id='word_1_126' title='bbox 647 2255 659 2316; x_wconf 82' lang='lat'>3</span> <span class='ocrx_word' id='word_1_127' title='bbox 682 2239 811 2302; x_wconf 86' lang='lat' dir='ltr'><strong>radicem</strong></span> <span class='ocrx_word' id='word_1_128' title='bbox 829 2257 935 2312; x_wconf 90' lang='lat' dir='ltr'><strong>unam,</strong></span> <span class='ocrx_word' id='word_1_129' title='bbox 949 2240 1029 2302; x_wconf 86' lang='lat' dir='ltr'><strong>unde</strong></span> <span class='ocrx_word' id='word_1_130' title='bbox 1050 2239 1139 2300; x_wconf 90' lang='lat' dir='ltr'><strong>multi</strong></span> <span class='ocrx_word' id='word_1_131' title='bbox 1162 2239 1238 2300; x_wconf 89' lang='lat' dir='ltr'><strong>rami</strong></span> <span class='ocrx_word' id='word_1_132' title='bbox 1249 2255 1260 2316; x_wconf 91' lang='lat'>;</span> <span class='ocrx_word' id='word_1_133' title='bbox 1282 2237 1396 2298; x_wconf 85' lang='lat' dir='ltr'><strong>lentem</strong></span> <span class='ocrx_word' id='word_1_134' title='bbox 1416 2249 1504 2306; x_wconf 85' lang='lat' dir='ltr'><strong>unum,</strong></span> 
     </span>
     <span class='ocr_line' id='line_1_17' title="bbox 454 2335 1504 2420; baseline -0.004 -24"><span class='ocrx_word' id='word_1_135' title='bbox 454 2336 535 2398; x_wconf 80' lang='lat' dir='ltr'><strong>unda</strong></span> <span class='ocrx_word' id='word_1_136' title='bbox 547 2337 636 2400; x_wconf 88' lang='lat' dir='ltr'><strong>multi</strong></span> <span class='ocrx_word' id='word_1_137' title='bbox 643 2340 699 2401; x_wconf 84' lang='lat' dir='ltr'><strong>rivi</strong></span> <span class='ocrx_word' id='word_1_138' title='bbox 704 2355 715 2417; x_wconf 85' lang='lat'>3</span> <span class='ocrx_word' id='word_1_139' title='bbox 726 2345 841 2420; x_wconf 83' lang='lat' dir='ltr'><strong>petram</strong></span> <span class='ocrx_word' id='word_1_140' title='bbox 854 2357 958 2418; x_wconf 89' lang='lat' dir='ltr'><strong>unam,</strong></span> <span class='ocrx_word' id='word_1_141' title='bbox 971 2357 1063 2418; x_wconf 87' lang='lat' dir='ltr'><strong>supra</strong></span> <span class='ocrx_word' id='word_1_142' title='bbox 1069 2356 1161 2416; x_wconf 89' lang='lat' dir='ltr'><strong>quam</strong></span> <span class='ocrx_word' id='word_1_143' title='bbox 1171 2338 1305 2400; x_wconf 75' lang='lat' dir='ltr'><strong>Ecclesia</strong></span> <span class='ocrx_word' id='word_1_144' title='bbox 1314 2335 1451 2398; x_wconf 74' lang='lat' dir='ltr'><strong>edificata</strong></span> <span class='ocrx_word' id='word_1_145' title='bbox 1459 2339 1504 2407; x_wconf 74' lang='lat' dir='ltr'><strong>est,</strong></span> 
     </span>
     <span class='ocr_line' id='line_1_18' title="bbox 454 2432 1507 2517; baseline -0.005 -23"><span class='ocrx_word' id='word_1_146' title='bbox 454 2451 550 2495; x_wconf 92' lang='lat' dir='ltr'><strong>unum</strong></span> <span class='ocrx_word' id='word_1_147' title='bbox 564 2437 750 2517; x_wconf 79' lang='lat' dir='ltr'><strong>Pontificem,</strong></span> <span class='ocrx_word' id='word_1_148' title='bbox 766 2439 821 2517; x_wconf 84' lang='lat' dir='ltr'><strong>qui</strong></span> <span class='ocrx_word' id='word_1_149' title='bbox 833 2445 953 2500; x_wconf 77' lang='lat' dir='ltr'><strong>cataros</strong></span> <span class='ocrx_word' id='word_1_150' title='bbox 966 2455 1071 2501; x_wconf 87' lang='lat' dir='ltr'><strong>omnes</strong></span> <span class='ocrx_word' id='word_1_151' title='bbox 1091 2456 1147 2500; x_wconf 87' lang='lat' dir='ltr'><strong>sua</strong></span> <span class='ocrx_word' id='word_1_152' title='bbox 1159 2439 1190 2498; x_wconf 83' lang='lat' dir='ltr'><strong>vi</strong></span> <span class='ocrx_word' id='word_1_153' title='bbox 1204 2443 1231 2498; x_wconf 86' lang='lat' dir='ltr'><strong>et</strong></span> <span class='ocrx_word' id='word_1_154' title='bbox 1246 2437 1420 2498; x_wconf 89' lang='lat' dir='ltr'><strong>auctoritate</strong></span> <span class='ocrx_word' id='word_1_155' title='bbox 1431 2432 1507 2494; x_wconf 91' lang='lat' dir='ltr'><strong>conti·</strong></span> 
     </span>
     <span class='ocr_line' id='line_1_19' title="bbox 455 2536 1506 2617; baseline -0.002 -22"><span class='ocrx_word' id='word_1_156' title='bbox 455 2541 535 2595; x_wconf 92' lang='lat' dir='ltr'><strong>neat.</strong></span> <span class='ocrx_word' id='word_1_157' title='bbox 553 2536 651 2614; x_wconf 76' lang='lat' dir='ltr'><strong>aquo</strong></span> <span class='ocrx_word' id='word_1_158' title='bbox 665 2539 691 2598; x_wconf 90' lang='lat' dir='ltr'><strong>si</strong></span> <span class='ocrx_word' id='word_1_159' title='bbox 705 2539 825 2601; x_wconf 87' lang='lat' dir='ltr'><strong>radium</strong></span> <span class='ocrx_word' id='word_1_160' title='bbox 842 2538 942 2617; x_wconf 90' lang='lat' dir='ltr'><strong>tollas,</strong></span> <span class='ocrx_word' id='word_1_161' title='bbox 963 2539 1169 2615; x_wconf 74' lang='lat' dir='ltr'><strong>exstinguatur</strong></span> <span class='ocrx_word' id='word_1_162' title='bbox 1178 2554 1189 2615; x_wconf 91' lang='lat'>;</span> <span class='ocrx_word' id='word_1_163' title='bbox 1215 2538 1240 2597; x_wconf 90' lang='lat' dir='ltr'><strong>si</strong></span> <span class='ocrx_word' id='word_1_164' title='bbox 1262 2537 1385 2614; x_wconf 78' lang='lat' dir='ltr'><strong>frangas</strong></span> <span class='ocrx_word' id='word_1_165' title='bbox 1397 2547 1506 2604; x_wconf 84' lang='lat' dir='ltr'><strong>ramum,</strong></span> 
     </span>
     <span class='ocr_line' id='line_1_20' title="bbox 456 2632 1507 2717; baseline -0.001 -25"><span class='ocrx_word' id='word_1_166' title='bbox 456 2633 581 2696; x_wconf 84' lang='lat' dir='ltr'><strong>intereat</strong></span> <span class='ocrx_word' id='word_1_167' title='bbox 590 2652 599 2715; x_wconf 89' lang='lat'>;</span> <span class='ocrx_word' id='word_1_168' title='bbox 615 2637 641 2696; x_wconf 90' lang='lat' dir='ltr'><strong>si</strong></span> <span class='ocrx_word' id='word_1_169' title='bbox 661 2639 839 2717; x_wconf 83' lang='lat' dir='ltr'><strong>praecludas</strong></span> <span class='ocrx_word' id='word_1_170' title='bbox 855 2639 966 2712; x_wconf 75' lang='lat' dir='ltr'><strong>nrum,</strong></span> <span class='ocrx_word' id='word_1_171' title='bbox 985 2643 1148 2700; x_wconf 80' lang='lat' dir='ltr'><strong>arescat...</strong></span> <span class='ocrx_word' id='word_1_172' title='bbox 1165 2637 1345 2699; x_wconf 79' lang='lat' dir='ltr'><strong>Ambrosius</strong></span> <span class='ocrx_word' id='word_1_173' title='bbox 1360 2651 1412 2715; x_wconf 83' lang='lat' dir='ltr'><strong>pro</strong></span> <span class='ocrx_word' id='word_1_174' title='bbox 1423 2632 1507 2695; x_wconf 73' lang='lat' dir='ltr'><strong>amru</strong></span> 
     </span>
     <span class='ocr_line' id='line_1_21' title="bbox 457 2733 1509 2814; baseline -0.006 -19"><span class='ocrx_word' id='word_1_175' title='bbox 457 2736 576 2814; x_wconf 86' lang='lat' dir='ltr'><strong>penitus</strong></span> <span class='ocrx_word' id='word_1_176' title='bbox 590 2735 689 2809; x_wconf 84' lang='lat' dir='ltr'><strong>habet,</strong></span> <span class='ocrx_word' id='word_1_177' title='bbox 711 2737 896 2800; x_wconf 71' lang='lat' dir='ltr'><strong>catholicum</strong></span> <span class='ocrx_word' id='word_1_178' title='bbox 919 2753 996 2814; x_wconf 86' lang='lat' dir='ltr'><strong>esse,</strong></span> <span class='ocrx_word' id='word_1_179' title='bbox 1017 2743 1135 2798; x_wconf 89' lang='lat' dir='ltr'><strong>etcum</strong></span> <span class='ocrx_word' id='word_1_180' title='bbox 1160 2739 1294 2798; x_wconf 83' lang='lat' dir='ltr'><strong>Romana</strong></span> <span class='ocrx_word' id='word_1_181' title='bbox 1316 2733 1509 2798; x_wconf 74' lang='lat' dir='ltr'><strong>Emlesiasen·</strong></span> 
     </span>
     <span class='ocr_line' id='line_1_22' title="bbox 456 2829 1508 2913; baseline -0.003 -19"><span class='ocrx_word' id='word_1_182' title='bbox 456 2835 522 2896; x_wconf 89' lang='lat' dir='ltr'><strong>tirs.</strong></span> <span class='ocrx_word' id='word_1_183' title='bbox 538 2835 697 2913; x_wconf 78' lang='lat' dir='ltr'><strong>Gregorius</strong></span> <span class='ocrx_word' id='word_1_184' title='bbox 708 2837 752 2899; x_wconf 90' lang='lat' dir='ltr'><strong>sic</strong></span> <span class='ocrx_word' id='word_1_185' title='bbox 765 2835 849 2899; x_wconf 87' lang='lat' dir='ltr'><strong>Sedis</strong></span> <span class='ocrx_word' id='word_1_186' title='bbox 863 2840 1005 2900; x_wconf 79' lang='lat' dir='ltr'><strong>Romana</strong></span> <span class='ocrx_word' id='word_1_187' title='bbox 1019 2837 1222 2901; x_wconf 88' lang='lat' dir='ltr'><strong>auctoritatem</strong></span> <span class='ocrx_word' id='word_1_188' title='bbox 1237 2839 1270 2897; x_wconf 92' lang='lat' dir='ltr'><strong>in</strong></span> <span class='ocrx_word' id='word_1_189' title='bbox 1283 2835 1436 2913; x_wconf 78' lang='lat' dir='ltr'><strong>religionis</strong></span> <span class='ocrx_word' id='word_1_190' title='bbox 1444 2829 1508 2892; x_wconf 78' lang='lat' dir='ltr'><strong>ndo-</strong></span> 
     </span>
     <span class='ocr_line' id='line_1_23' title="bbox 455 2928 1508 3018; baseline -0.005 -23"><span class='ocrx_word' id='word_1_191' title='bbox 455 2952 515 3014; x_wconf 87' lang='lat' dir='ltr'><strong>qua</strong></span> <span class='ocrx_word' id='word_1_192' title='bbox 534 2952 625 2997; x_wconf 90' lang='lat' dir='ltr'><strong>causa</strong></span> <span class='ocrx_word' id='word_1_193' title='bbox 638 2937 786 2998; x_wconf 78' lang='lat' dir='ltr'><strong>existimat</strong></span> <span class='ocrx_word' id='word_1_194' title='bbox 809 2956 874 3001; x_wconf 91' lang='lat' dir='ltr'><strong>esse</strong></span> <span class='ocrx_word' id='word_1_195' title='bbox 900 2937 1149 3018; x_wconf 83' lang='lat' dir='ltr'><strong>amplectendam,</strong></span> <span class='ocrx_word' id='word_1_196' title='bbox 1174 2937 1283 3014; x_wconf 88' lang='lat' dir='ltr'><strong>utqui</strong></span> <span class='ocrx_word' id='word_1_197' title='bbox 1306 2928 1508 3009; x_wconf 87' lang='lat' dir='ltr'><strong>noluerint,ab</strong></span> 
     </span>
     <span class='ocr_line' id='line_1_24' title="bbox 456 3032 1507 3116; baseline -0.006 -21"><span class='ocrx_word' id='word_1_198' title='bbox 456 3038 524 3114; x_wconf 88' lang='lat' dir='ltr'><strong>ejus</strong></span> <span class='ocrx_word' id='word_1_199' title='bbox 535 3040 623 3114; x_wconf 71' lang='lat' dir='ltr'><strong>pena</strong></span> <span class='ocrx_word' id='word_1_200' title='bbox 634 3054 725 3116; x_wconf 82' lang='lat' dir='ltr'><strong>supra</strong></span> <span class='ocrx_word' id='word_1_201' title='bbox 737 3054 831 3115; x_wconf 88' lang='lat' dir='ltr'><strong>quam</strong></span> <span class='ocrx_word' id='word_1_202' title='bbox 843 3038 981 3099; x_wconf 80' lang='lat' dir='ltr'><strong>Christus</strong></span> <span class='ocrx_word' id='word_1_203' title='bbox 994 3037 1198 3099; x_wconf 74' lang='lat' dir='ltr'><strong>Universalem</strong></span> <span class='ocrx_word' id='word_1_204' title='bbox 1207 3034 1347 3097; x_wconf 76' lang='lat' dir='ltr'><strong>fundavit</strong></span> <span class='ocrx_word' id='word_1_205' title='bbox 1358 3032 1507 3103; x_wconf 83' lang='lat' dir='ltr'><strong>Ecclesiam,</strong></span> 
     </span>
     <span class='ocr_line' id='line_1_25' title="bbox 457 3128 1508 3214; baseline -0.005 -17"><span class='ocrx_word' id='word_1_206' title='bbox 457 3135 604 3199; x_wconf 83' lang='lat' dir='ltr'><strong>soliditate</strong></span> <span class='ocrx_word' id='word_1_207' title='bbox 616 3138 833 3200; x_wconf 86' lang='lat' dir='ltr'><strong>convellantur.</strong></span> <span class='ocrx_word' id='word_1_208' title='bbox 850 3140 909 3200; x_wconf 81' lang='lat' dir='ltr'><strong>leo</strong></span> <span class='ocrx_word' id='word_1_209' title='bbox 919 3145 1064 3201; x_wconf 78' lang='lat' dir='ltr'><strong>exsortem</strong></span> <span class='ocrx_word' id='word_1_210' title='bbox 1073 3137 1168 3199; x_wconf 81' lang='lat' dir='ltr'><strong>divini</strong></span> <span class='ocrx_word' id='word_1_211' title='bbox 1179 3136 1314 3214; x_wconf 84' lang='lat' dir='ltr'><strong>mysterii</strong></span> <span class='ocrx_word' id='word_1_212' title='bbox 1328 3151 1398 3197; x_wconf 88' lang='lat' dir='ltr'><strong>eum</strong></span> <span class='ocrx_word' id='word_1_213' title='bbox 1409 3147 1465 3194; x_wconf 86' lang='lat' dir='ltr'><strong>esse</strong></span> <span class='ocrx_word' id='word_1_214' title='bbox 1474 3128 1508 3187; x_wconf 86' lang='lat' dir='ltr'><strong>al·</strong></span> 
     </span>
     <span class='ocr_line' id='line_1_26' title="bbox 457 3234 1505 3315; baseline -0.003 -18"><span class='ocrx_word' id='word_1_215' title='bbox 457 3236 566 3313; x_wconf 79' lang='lat' dir='ltr'><strong>firmat,</strong></span> <span class='ocrx_word' id='word_1_216' title='bbox 577 3238 630 3315; x_wconf 86' lang='lat' dir='ltr'><strong>qui</strong></span> <span class='ocrx_word' id='word_1_217' title='bbox 639 3256 733 3300; x_wconf 87' lang='lat' dir='ltr'><strong>ausus</strong></span> <span class='ocrx_word' id='word_1_218' title='bbox 742 3240 834 3300; x_wconf 89' lang='lat' dir='ltr'><strong>luerit</strong></span> <span class='ocrx_word' id='word_1_219' title='bbox 844 3257 861 3301; x_wconf 93' lang='lat' dir='ltr'><strong>a</strong></span> <span class='ocrx_word' id='word_1_220' title='bbox 872 3240 950 3302; x_wconf 82' lang='lat' dir='ltr'><strong>Petri</strong></span> <span class='ocrx_word' id='word_1_221' title='bbox 961 3239 1108 3301; x_wconf 82' lang='lat' dir='ltr'><strong>soliditate</strong></span> <span class='ocrx_word' id='word_1_222' title='bbox 1115 3238 1355 3311; x_wconf 79' lang='lat' dir='ltr'><strong>recedere,ctc.r</strong></span> <span class='ocrx_word' id='word_1_223' title='bbox 1371 3238 1454 3311; x_wconf 77' lang='lat' dir='ltr'><strong>Ergo,</strong></span> <span class='ocrx_word' id='word_1_224' title='bbox 1464 3234 1505 3290; x_wconf 79' lang='lat' dir='ltr'><strong>clt-</strong></span> 
     </span>
    </p>

    <p class='ocr_par' dir='ltr' id='par_1_4' title="bbox 452 3329 1576 4625">
     <span class='ocr_line' id='line_1_27' title="bbox 497 3329 1508 3417; baseline -0.008 -20"><span class='ocrx_word' id='word_1_225' title='bbox 497 3336 529 3397; x_wconf 74' lang='lat'><strong>4⁰</strong></span> <span class='ocrx_word' id='word_1_226' title='bbox 543 3334 863 3415; x_wconf 71' lang='lat' dir='ltr'><strong>«NicolauslNirolnrrr</strong></span> <span class='ocrx_word' id='word_1_227' title='bbox 871 3334 900 3412; x_wconf 87' lang='lat'><strong>1,</strong></span> <span class='ocrx_word' id='word_1_228' title='bbox 907 3336 939 3401; x_wconf 89' lang='lat' dir='ltr'><strong>S.</strong></span> <span class='ocrx_word' id='word_1_229' title='bbox 949 3335 1000 3417; x_wconf 91' lang='lat' dir='ltr'><strong>P.)</strong></span> <span class='ocrx_word' id='word_1_230' title='bbox 1012 3336 1078 3398; x_wconf 82' lang='lat' dir='ltr'><strong>finit</strong></span> <span class='ocrx_word' id='word_1_231' title='bbox 1086 3336 1167 3415; x_wconf 87' lang='lat' dir='ltr'><strong>quod</strong></span> <span class='ocrx_word' id='word_1_232' title='bbox 1175 3337 1228 3414; x_wconf 85' lang='lat' dir='ltr'><strong>qui</strong></span> <span class='ocrx_word' id='word_1_233' title='bbox 1239 3338 1382 3397; x_wconf 80' lang='lat' dir='ltr'><strong>llomanrn</strong></span> <span class='ocrx_word' id='word_1_234' title='bbox 1392 3329 1508 3395; x_wconf 78' lang='lat' dir='ltr'><strong>Ecclesia</strong></span> 
     </span>
     <span class='ocr_line' id='line_1_28' title="bbox 456 3430 1509 3518; baseline -0.009 -23"><span class='ocrx_word' id='word_1_235' title='bbox 456 3436 649 3516; x_wconf 77' lang='lat' dir='ltr'><strong>privilegium</strong></span> <span class='ocrx_word' id='word_1_236' title='bbox 668 3438 705 3499; x_wconf 94' lang='lat' dir='ltr'><strong>ab</strong></span> <span class='ocrx_word' id='word_1_237' title='bbox 719 3438 783 3518; x_wconf 87' lang='lat' dir='ltr'><strong>ipsc</strong></span> <span class='ocrx_word' id='word_1_238' title='bbox 796 3454 917 3500; x_wconf 90' lang='lat' dir='ltr'><strong>summo</strong></span> <span class='ocrx_word' id='word_1_239' title='bbox 938 3440 1075 3499; x_wconf 91' lang='lat' dir='ltr'><strong>omnium</strong></span> <span class='ocrx_word' id='word_1_240' title='bbox 1091 3438 1286 3500; x_wconf 90' lang='lat' dir='ltr'><strong>ecclesiarum</strong></span> <span class='ocrx_word' id='word_1_241' title='bbox 1304 3437 1400 3515; x_wconf 85' lang='lat' dir='ltr'><strong>capite</strong></span> <span class='ocrx_word' id='word_1_242' title='bbox 1413 3430 1509 3495; x_wconf 83' lang='lat' dir='ltr'><strong>Christo</strong></span> 
     </span>
     <span class='ocr_line' id='line_1_29' title="bbox 457 3534 1506 3617; baseline -0.009 -20"><span class='ocrx_word' id='word_1_243' title='bbox 457 3536 600 3597; x_wconf 85' lang='lat' dir='ltr'><strong>traditum</strong></span> <span class='ocrx_word' id='word_1_244' title='bbox 613 3538 731 3599; x_wconf 86' lang='lat' dir='ltr'><strong>auterre</strong></span> <span class='ocrx_word' id='word_1_245' title='bbox 742 3545 876 3611; x_wconf 85' lang='lat' dir='ltr'><strong>conatur,</strong></span> <span class='ocrx_word' id='word_1_246' title='bbox 896 3538 945 3599; x_wconf 85' lang='lat' dir='ltr'><strong>bic</strong></span> <span class='ocrx_word' id='word_1_247' title='bbox 958 3538 1061 3617; x_wconf 86' lang='lat' dir='ltr'><strong>procul</strong></span> <span class='ocrx_word' id='word_1_248' title='bbox 1082 3537 1176 3598; x_wconf 85' lang='lat' dir='ltr'><strong>dubio</strong></span> <span class='ocrx_word' id='word_1_249' title='bbox 1198 3538 1231 3597; x_wconf 91' lang='lat' dir='ltr'><strong>in</strong></span> <span class='ocrx_word' id='word_1_250' title='bbox 1245 3536 1386 3599; x_wconf 73' lang='lat' dir='ltr'><strong>heresim</strong></span> <span class='ocrx_word' id='word_1_251' title='bbox 1406 3534 1506 3595; x_wconf 87' lang='lat' dir='ltr'><strong>labitur.</strong></span> 
     </span>
     <span class='ocr_line' id='line_1_30' title="bbox 457 3635 1507 3717; baseline -0.005 -20"><span class='ocrx_word' id='word_1_252' title='bbox 457 3638 533 3697; x_wconf 85' lang='lat' dir='ltr'><strong>llam</strong></span> <span class='ocrx_word' id='word_1_253' title='bbox 558 3636 660 3717; x_wconf 85' lang='lat' dir='ltr'><strong>iidem,</strong></span> <span class='ocrx_word' id='word_1_254' title='bbox 685 3638 794 3716; x_wconf 88' lang='lat' dir='ltr'><strong>inquit,</strong></span> <span class='ocrx_word' id='word_1_255' title='bbox 816 3637 921 3712; x_wconf 77' lang='lat' dir='ltr'><strong>violat,</strong></span> <span class='ocrx_word' id='word_1_256' title='bbox 944 3639 997 3717; x_wconf 88' lang='lat' dir='ltr'><strong>qui</strong></span> <span class='ocrx_word' id='word_1_257' title='bbox 1021 3638 1163 3700; x_wconf 82' lang='lat' dir='ltr'><strong>adversus</strong></span> <span class='ocrx_word' id='word_1_258' title='bbox 1185 3635 1271 3697; x_wconf 87' lang='lat' dir='ltr'><strong>illam</strong></span> <span class='ocrx_word' id='word_1_259' title='bbox 1295 3638 1369 3713; x_wconf 77' lang='lat' dir='ltr'><strong>agit,</strong></span> <span class='ocrx_word' id='word_1_260' title='bbox 1394 3650 1455 3713; x_wconf 85' lang='lat' dir='ltr'><strong>qua</strong></span> <span class='ocrx_word' id='word_1_261' title='bbox 1475 3636 1507 3690; x_wconf 81' lang='lat' dir='ltr'><strong>est</strong></span> 
     </span>
     <span class='ocr_line' id='line_1_31' title="bbox 455 3726 1506 3816; baseline -0.002 -20"><span class='ocrx_word' id='word_1_262' title='bbox 455 3744 550 3798; x_wconf 84' lang='lat' dir='ltr'><strong>mater</strong></span> <span class='ocrx_word' id='word_1_263' title='bbox 569 3738 646 3800; x_wconf 78' lang='lat' dir='ltr'><strong>ficet.</strong></span> <span class='ocrx_word' id='word_1_264' title='bbox 672 3742 754 3801; x_wconf 88' lang='lat' dir='ltr'><strong>Hanc</strong></span> <span class='ocrx_word' id='word_1_265' title='bbox 774 3756 844 3801; x_wconf 87' lang='lat' dir='ltr'><strong>vcro</strong></span> <span class='ocrx_word' id='word_1_266' title='bbox 863 3726 973 3801; x_wconf 84' lang='lat' dir='ltr'><strong>Nicolai</strong></span> <span class='ocrx_word' id='word_1_267' title='bbox 989 3742 1166 3802; x_wconf 85' lang='lat' dir='ltr'><strong>sententiam</strong></span> <span class='ocrx_word' id='word_1_268' title='bbox 1190 3739 1263 3813; x_wconf 92' lang='lat' dir='ltr'><strong>noli,</strong></span> <span class='ocrx_word' id='word_1_269' title='bbox 1289 3755 1400 3816; x_wconf 78' lang='lat' dir='ltr'><strong>quaeso,</strong></span> <span class='ocrx_word' id='word_1_270' title='bbox 1425 3738 1506 3805; x_wconf 79' lang='lat' dir='ltr'><strong>lesbi,</strong></span> 
     </span>
     <span class='ocr_line' id='line_1_32' title="bbox 455 3834 1505 3917; baseline -0.005 -20"><span class='ocrx_word' id='word_1_271' title='bbox 455 3845 654 3901; x_wconf 84' lang='lat' dir='ltr'><strong>contemnere.</strong></span> <span class='ocrx_word' id='word_1_272' title='bbox 668 3841 741 3914; x_wconf 80' lang='lat' dir='ltr'><strong>cue</strong></span> <span class='ocrx_word' id='word_1_273' title='bbox 756 3841 868 3903; x_wconf 87' lang='lat' dir='ltr'><strong>scilicet</strong></span> <span class='ocrx_word' id='word_1_274' title='bbox 886 3843 1000 3902; x_wconf 87' lang='lat' dir='ltr'><strong>actione</strong></span> <span class='ocrx_word' id='word_1_275' title='bbox 1020 3839 1031 3900; x_wconf 94' lang='lat' dir='ltr'><strong>l</strong></span> <span class='ocrx_word' id='word_1_276' title='bbox 1052 3846 1082 3903; x_wconf 89' lang='lat' dir='ltr'><strong>et</strong></span> <span class='ocrx_word' id='word_1_277' title='bbox 1104 3842 1153 3901; x_wconf 82' lang='lat' dir='ltr'><strong>l&#39;ll</strong></span> <span class='ocrx_word' id='word_1_278' title='bbox 1174 3840 1278 3917; x_wconf 74' lang='lat' dir='ltr'><strong>synodi</strong></span> <span class='ocrx_word' id='word_1_279' title='bbox 1294 3845 1402 3901; x_wconf 77' lang='lat' dir='ltr'><strong>octavu</strong></span> <span class='ocrx_word' id='word_1_280' title='bbox 1420 3834 1505 3898; x_wconf 79' lang='lat' dir='ltr'><strong>conlit-</strong></span> 
     </span>
     <span class='ocr_line' id='line_1_33' title="bbox 454 3936 1506 4017; baseline -0.008 -17"><span class='ocrx_word' id='word_1_281' title='bbox 454 3940 571 4001; x_wconf 85' lang='lat' dir='ltr'><strong>firmata</strong></span> <span class='ocrx_word' id='word_1_282' title='bbox 583 3946 639 4015; x_wconf 89' lang='lat' dir='ltr'><strong>est,</strong></span> <span class='ocrx_word' id='word_1_283' title='bbox 651 3941 704 4002; x_wconf 90' lang='lat' dir='ltr'><strong>ubi</strong></span> <span class='ocrx_word' id='word_1_284' title='bbox 715 3948 744 4001; x_wconf 88' lang='lat' dir='ltr'><strong>et</strong></span> <span class='ocrx_word' id='word_1_285' title='bbox 755 3942 945 4003; x_wconf 88' lang='lat' dir='ltr'><strong>condemnati</strong></span> <span class='ocrx_word' id='word_1_286' title='bbox 959 3948 1031 4003; x_wconf 86' lang='lat' dir='ltr'><strong>sunt</strong></span> <span class='ocrx_word' id='word_1_287' title='bbox 1044 3941 1167 4003; x_wconf 86' lang='lat' dir='ltr'><strong>Photius</strong></span> <span class='ocrx_word' id='word_1_288' title='bbox 1187 3948 1216 4002; x_wconf 89' lang='lat' dir='ltr'><strong>et</strong></span> <span class='ocrx_word' id='word_1_289' title='bbox 1239 3939 1375 4015; x_wconf 84' lang='lat' dir='ltr'><strong>bliclracl,</strong></span> <span class='ocrx_word' id='word_1_290' title='bbox 1397 3938 1446 4017; x_wconf 86' lang='lat' dir='ltr'><strong>qui</strong></span> <span class='ocrx_word' id='word_1_291' title='bbox 1463 3936 1506 3994; x_wconf 84' lang='lat' dir='ltr'><strong>boc</strong></span> 
     </span>
     <span class='ocr_line' id='line_1_34' title="bbox 454 4035 1503 4122; baseline -0.008 -23"><span class='ocrx_word' id='word_1_292' title='bbox 454 4040 537 4103; x_wconf 88' lang='lat' dir='ltr'><strong>Sedis</strong></span> <span class='ocrx_word' id='word_1_293' title='bbox 552 4042 693 4103; x_wconf 81' lang='lat' dir='ltr'><strong>llomanae</strong></span> <span class='ocrx_word' id='word_1_294' title='bbox 715 4042 907 4122; x_wconf 78' lang='lat' dir='ltr'><strong>privilegium</strong></span> <span class='ocrx_word' id='word_1_295' title='bbox 930 4042 1115 4120; x_wconf 85' lang='lat' dir='ltr'><strong>quatelacere</strong></span> <span class='ocrx_word' id='word_1_296' title='bbox 1138 4040 1361 4102; x_wconf 71' lang='lat' dir='ltr'><strong>nitebantur...</strong></span> <span class='ocrx_word' id='word_1_297' title='bbox 1383 4040 1417 4099; x_wconf 80' lang='lat' dir='ltr'><strong>tt</strong></span> <span class='ocrx_word' id='word_1_298' title='bbox 1438 4035 1503 4095; x_wconf 87' lang='lat' dir='ltr'><strong>enin</strong></span> 
     </span>
     <span class='ocr_line' id='line_1_35' title="bbox 454 4140 1503 4222; baseline -0.003 -21"><span class='ocrx_word' id='word_1_299' title='bbox 454 4140 589 4203; x_wconf 88' lang='lat' dir='ltr'><strong>doctrina</strong></span> <span class='ocrx_word' id='word_1_300' title='bbox 610 4158 683 4203; x_wconf 91' lang='lat' dir='ltr'><strong>sana</strong></span> <span class='ocrx_word' id='word_1_301' title='bbox 703 4159 774 4205; x_wconf 84' lang='lat' dir='ltr'><strong>ovas</strong></span> <span class='ocrx_word' id='word_1_302' title='bbox 794 4160 925 4222; x_wconf 82' lang='lat' dir='ltr'><strong>pascere,</strong></span> <span class='ocrx_word' id='word_1_303' title='bbox 948 4144 1053 4203; x_wconf 82' lang='lat' dir='ltr'><strong>tratres</strong></span> <span class='ocrx_word' id='word_1_304' title='bbox 1078 4144 1109 4202; x_wconf 91' lang='lat' dir='ltr'><strong>in</strong></span> <span class='ocrx_word' id='word_1_305' title='bbox 1132 4140 1190 4201; x_wconf 89' lang='lat' dir='ltr'><strong>lide</strong></span> <span class='ocrx_word' id='word_1_306' title='bbox 1212 4141 1433 4215; x_wconf 68' lang='lat' dir='ltr'><strong>confirmata...</strong></span> <span class='ocrx_word' id='word_1_307' title='bbox 1458 4144 1503 4191; x_wconf 69' lang='grc' dir='ltr'><strong>Ποῦ</strong></span> 
     </span>
     <span class='ocr_line' id='line_1_36' title="bbox 453 4234 1503 4335; baseline -0.007 -32"><span class='ocrx_word' id='word_1_308' title='bbox 453 4243 540 4304; x_wconf 86' lang='lat' dir='ltr'><strong>Petro</strong></span> <span class='ocrx_word' id='word_1_309' title='bbox 554 4249 588 4303; x_wconf 87' lang='lat' dir='ltr'><strong>nt</strong></span> <span class='ocrx_word' id='word_1_310' title='bbox 607 4245 721 4322; x_wconf 83' lang='lat' dir='ltr'><strong>privato</strong></span> <span class='ocrx_word' id='word_1_311' title='bbox 740 4244 871 4320; x_wconf 89' lang='lat' dir='ltr'><strong>bomini,</strong></span> <span class='ocrx_word' id='word_1_312' title='bbox 886 4244 937 4335; x_wconf 68' lang='grc' dir='ltr'><strong>ιιι]</strong></span> <span class='ocrx_word' id='word_1_313' title='bbox 958 4250 993 4304; x_wconf 90' lang='lat' dir='ltr'><strong>ut</strong></span> <span class='ocrx_word' id='word_1_314' title='bbox 1016 4242 1186 4321; x_wconf 75' lang='lat' dir='ltr'><strong>reipublice</strong></span> <span class='ocrx_word' id='word_1_315' title='bbox 1210 4240 1378 4301; x_wconf 78' lang='lat' dir='ltr'><strong>christiana</strong></span> <span class='ocrx_word' id='word_1_316' title='bbox 1392 4234 1503 4319; x_wconf 75' lang='lat' dir='ltr'><strong>praelsclv</strong></span> 
     </span>
     <span class='ocr_line' id='line_1_37' title="bbox 452 4337 1501 4421; baseline -0.009 -21"><span class='ocrx_word' id='word_1_317' title='bbox 452 4343 665 4419; x_wconf 76' lang='lat' dir='ltr'><strong>congruebant.</strong></span> <span class='ocrx_word' id='word_1_318' title='bbox 685 4345 830 4419; x_wconf 85' lang='lat' dir='ltr'><strong>Quocirca</strong></span> <span class='ocrx_word' id='word_1_319' title='bbox 853 4344 966 4421; x_wconf 82' lang='lat' dir='ltr'><strong>ambigi</strong></span> <span class='ocrx_word' id='word_1_320' title='bbox 990 4344 1066 4404; x_wconf 85' lang='lat' dir='ltr'><strong>inter</strong></span> <span class='ocrx_word' id='word_1_321' title='bbox 1089 4340 1254 4403; x_wconf 74' lang='lat' dir='ltr'><strong>catholicos</strong></span> <span class='ocrx_word' id='word_1_322' title='bbox 1276 4358 1330 4402; x_wconf 87' lang='lat' dir='ltr'><strong>neo</strong></span> <span class='ocrx_word' id='word_1_323' title='bbox 1354 4337 1444 4405; x_wconf 82' lang='lat' dir='ltr'><strong>debet,</strong></span> <span class='ocrx_word' id='word_1_324' title='bbox 1461 4345 1501 4391; x_wconf 76' lang='lat' dir='ltr'><strong>nce</strong></span> 
     </span>
     <span class='ocr_line' id='line_1_38' title="bbox 452 4436 1576 4527; baseline -0.013 -24"><span class='ocrx_word' id='word_1_325' title='bbox 452 4459 522 4503; x_wconf 80' lang='lat' dir='ltr'><strong>vero</strong></span> <span class='ocrx_word' id='word_1_326' title='bbox 535 4448 642 4520; x_wconf 80' lang='lat' dir='ltr'><strong>potest,</strong></span> <span class='ocrx_word' id='word_1_327' title='bbox 656 4445 732 4522; x_wconf 84' lang='lat' dir='ltr'><strong>quin</strong></span> <span class='ocrx_word' id='word_1_328' title='bbox 748 4448 888 4507; x_wconf 80' lang='lat' dir='ltr'><strong>itomanae</strong></span> <span class='ocrx_word' id='word_1_329' title='bbox 904 4444 988 4507; x_wconf 86' lang='lat' dir='ltr'><strong>Sedis</strong></span> <span class='ocrx_word' id='word_1_330' title='bbox 1001 4444 1038 4505; x_wconf 90' lang='lat' dir='ltr'><strong>de</strong></span> <span class='ocrx_word' id='word_1_331' title='bbox 1053 4442 1110 4503; x_wconf 80' lang='lat' dir='ltr'><strong>tice</strong></span> <span class='ocrx_word' id='word_1_332' title='bbox 1122 4447 1152 4503; x_wconf 90' lang='lat' dir='ltr'><strong>et</strong></span> <span class='ocrx_word' id='word_1_333' title='bbox 1164 4441 1309 4519; x_wconf 82' lang='lat' dir='ltr'><strong>religiono</strong></span> <span class='ocrx_word' id='word_1_334' title='bbox 1318 4438 1428 4527; x_wconf 81' lang='lat' dir='ltr'><strong>judicia</strong></span> <span class='ocrx_word' id='word_1_335' title='bbox 1440 4436 1501 4493; x_wconf 83' lang='lat' dir='ltr'><strong>certa</strong></span> <span class='ocrx_word' id='word_1_336' title='bbox 1575 4518 1576 4521; x_wconf 7' lang='grc' dir='ltr'><strong>Ἴ</strong></span> 
     </span>
     <span class='ocr_line' id='line_1_39' title="bbox 454 4530 1576 4625; baseline -0.012 -24"><span class='ocrx_word' id='word_1_337' title='bbox 454 4544 695 4622; x_wconf 78' lang='lat' dir='ltr'><strong>sint.Praelc1·ea,</strong></span> <span class='ocrx_word' id='word_1_338' title='bbox 714 4547 767 4625; x_wconf 80' lang='lat' dir='ltr'><strong>qui</strong></span> <span class='ocrx_word' id='word_1_339' title='bbox 782 4553 915 4623; x_wconf 79' lang='lat' dir='ltr'><strong>negaret,</strong></span> <span class='ocrx_word' id='word_1_340' title='bbox 933 4548 963 4607; x_wconf 90' lang='lat' dir='ltr'><strong>in</strong></span> <span class='ocrx_word' id='word_1_341' title='bbox 985 4544 1109 4625; x_wconf 77' lang='lat' dir='ltr'><strong>ligando</strong></span> <span class='ocrx_word' id='word_1_342' title='bbox 1123 4550 1212 4624; x_wconf 80' lang='lat' dir='ltr'><strong>atqirc</strong></span> <span class='ocrx_word' id='word_1_343' title='bbox 1233 4539 1373 4604; x_wconf 81' lang='lat' dir='ltr'><strong>solvendo</strong></span> <span class='ocrx_word' id='word_1_344' title='bbox 1387 4530 1499 4599; x_wconf 81' lang='lat' dir='ltr'><strong>caulem</strong></span> <span class='ocrx_word' id='word_1_345' title='bbox 1575 4532 1576 4537; x_wconf 77' lang='grc'>’</span> 
     </span>
    </p>
   </div>
   <div class='ocr_carea' id='block_1_3' title="bbox 439 4716 1040 4808">
    <p class='ocr_par' dir='ltr' id='par_1_5' title="bbox 439 4716 1040 4808">
     <span class='ocr_line' id='line_1_40' title="bbox 439 4716 1040 4808; baseline 0.01 -20"><span class='ocrx_word' id='word_1_346' title='bbox 439 4716 443 4723; x_wconf 39' lang='grc'>’</span> <span class='ocrx_word' id='word_1_347' title='bbox 483 4742 517 4788; x_wconf 54' lang='lat' dir='ltr'><strong>‘a‘</strong></span> <span class='ocrx_word' id='word_1_348' title='bbox 531 4744 565 4791; x_wconf 77' lang='lat' dir='ltr'><strong>lie</strong></span> <span class='ocrx_word' id='word_1_349' title='bbox 583 4741 628 4791; x_wconf 83' lang='lat' dir='ltr'><strong>lor.</strong></span> <span class='ocrx_word' id='word_1_350' title='bbox 648 4744 756 4807; x_wconf 63' lang='lat' dir='ltr'><strong>tlteclw.</strong></span> <span class='ocrx_word' id='word_1_351' title='bbox 770 4742 813 4794; x_wconf 87' lang='lat' dir='ltr'><strong>lib.</strong></span> <span class='ocrx_word' id='word_1_352' title='bbox 825 4758 857 4803; x_wconf 86' lang='grc' dir='ltr'><strong>ιι,</strong></span> <span class='ocrx_word' id='word_1_353' title='bbox 868 4758 922 4808; x_wconf 75' lang='lat' dir='ltr'><strong>esp.</strong></span> <span class='ocrx_word' id='word_1_354' title='bbox 938 4722 959 4793; x_wconf 79' lang='lat' dir='ltr'><strong>t&#39;.</strong></span> <span class='ocrx_word' id='word_1_355' title='bbox 1036 4732 1040 4741; x_wconf 55' lang='lat'><strong>¹</strong></span> 
     </span>
    </p>
   </div>
   <div class='ocr_carea' id='block_1_4' title="bbox 0 0 1784 5675">
    <p class='ocr_par' dir='ltr' id='par_1_6' title="bbox 0 0 1784 5675">
     <span class='ocr_line' id='line_1_41' title="bbox 0 0 1784 5675; baseline 0 0"><span class='ocrx_word' id='word_1_356' title='bbox 0 0 1784 5675; x_wconf 95' lang='lat' dir='ltr'><strong> </strong></span> 
     </span>
    </p>
   </div>
  </div>
 </body>
</html>
