3559 5675
569 761 677 808 sousa.
701 769 739 796 -a
762 751 846 808 trare
867 761 969 811 nouus.
1252 743 1306 812 lbi

256 867 339 930 cilicie
353 873 421 928 sunt
434 867 542 946 cuique
557 869 636 928 socio
653 855 809 929 servanda.
826 869 862 928 Et
881 861 1008 931 civiliter
1023 871 1114 932 etiam
1134 871 1312 954 culpabilior

256 977 292 1031 est
306 971 353 1048 qui
374 971 540 1032 societatem
555 969 661 1030 avertit
675 970 712 1030 ab
726 971 880 1048 religionis
902 975 962 1033 lieo
981 971 1088 1034 debito
1105 973 1224 1050 olbciis3
1245 983 1311 1038 tum

255 1071 297 1145 qui
307 1069 435 1130 eamdem
450 1072 623 1130 universam
639 1069 806 1148 perturbat3
819 1078 882 1131 tum
896 1073 947 1149 qui
961 1072 1098 1150 privatim
1113 1073 1232 1151 aliquod
1247 1076 1312 1152 ejus

255 1165 407 1227 membrum
420 1171 452 1228 im
465 1173 530 1246 ejns
542 1185 668 1247 persona
672 1183 682 1244 3
694 1169 800 1229 deinde
810 1169 863 1246 qui
874 1171 980 1248 privati
992 1169 1137 1231 familiam
1142 1186 1154 1250 3
1164 1179 1313 1252 postremo
1396 1160 1399 1164 ⁵

255 1269 297 1344 qui
311 1269 407 1348 priuati
419 1269 556 1330 fortunas
566 1269 655 1330 laedit.
668 1271 756 1346 Ergo,
769 1267 823 1330 e'tc.
913 1260 916 1269 ¹
1179 1263 1184 1270 ’

289 1373 353 1434 tto.
368 1370 501 1430 Conone
518 1403 556 1412 -
574 1371 617 1429 lia
639 1377 788 1448 postrema
815 1359 962 1447 positione
989 1368 1167 1446 intelligitur
1184 1369 1273 1449 longe
1296 1389 1315 1433 a

253 1475 358 1533 veritate
371 1470 509 1531 aberrare
526 1469 651 1546 eosqui,
666 1465 937 1529 animadvertentes
951 1470 1097 1530 societatis
1110 1467 1236 1550 publicae
1249 1483 1316 1550 pro-

254 1575 338 1652 prium
351 1569 483 1631 cilicium
500 1569 531 1628 ln
546 1575 666 1629 externo
689 1567 789 1633 sotum
810 1568 916 1628 ordine
931 1566 1123 1630 custodiendo
1144 1571 1316 1647 consistere,

254 1670 467 1746 indeeolligunt
491 1667 610 1728 nullam
631 1667 728 1727 eidem
755 1683 821 1727 esse
844 1670 979 1746 oportere
998 1682 1102 1728 curam
1120 1667 1273 1745 religionis
1288 1675 1318 1728 et

254 1769 411 1829 ilelictontm
444 1781 515 1843 qum
547 1771 647 1825 contra
670 1767 764 1825 ileum
790 1765 1024 1826 committantur.
1049 1764 1172 1826 Publica
1195 1763 1318 1825 meletae

254 1884 302 1928 non
325 1873 367 1926 est
390 1881 463 1924 sane
487 1863 659 1924 animorum
674 1860 824 1922 immorali
847 1863 953 1924 ordine
974 1863 1153 1925 moderatrix
1160 1878 1171 1940 3
1186 1871 1318 1925 attamen

253 1973 288 2027 cst
298 1965 406 2027 ordinis
420 1961 539 2023 externi
554 1961 664 2022 custos.
681 1961 771 2038 Atqui
784 1961 915 2022 orexima
928 1963 1062 2024 hominis
1072 1963 1254 2024 inordinatio
1267 1981 1318 2024 ex*-
1368 1947 1373 1962 ’

253 2071 321 2126 terna
334 2069 377 2126 est
395 2065 465 2140 ejus
480 2059 605 2120 rebellio
619 2066 720 2120 contra
736 2051 829 2121 Qum
839 2076 849 2138 3
874 2048 1143 2123 rmexlmumenim
1167 2065 1234 2140 eJns
1255 2061 1319 2124 oili-

253 2166 352 2226 sionim
366 2169 411 2222 est
428 2149 539 2236 religio
553 2159 616 2236 (lib.
634 2157 665 2234 5,
684 2175 714 2218 n.
732 2159 812 2235 55³).
827 2161 903 2234 Ergo
913 2164 1044 2221 maxima
1058 2163 1149 2223 etlam
1163 2165 1320 2241 punitione

253 2264 319 2322 cirili
338 2263 469 2339 dignum
495 2268 541 2319 est
568 2257 711 2319 delictum
725 2259 800 2320 elios
815 2256 954 2319 homines
978 2256 1014 2320 ad
1030 2252 1233 2338 irreligionem
1248 2263 1321 2323 ittoi-

255 2369 319 2434 tans,
329 2379 435 2441 nempe
455 2365 612 2420 camanum
625 2357 829 2435 sacrilegium.

656 2573 860 2638 subtectus
883 2577 916 2638 l'.
1029 2577 1033 2582 ’

257 2745 293 2808 De
307 2748 472 2828 pernitionis
487 2744 677 2828 mmportione
695 2743 840 2808 semote
861 2747 958 2826 pcood
972 2746 1083 2827 gratioe
1098 2747 1227 2811 divertor
1249 2700 1325 2813 into

401 2846 503 2929 proiit
520 2844 709 2907 enarrationis
727 2840 768 2907 od
786 2858 856 2927 price
873 2842 1011 2908 ceteram
1019 2850 1163 2928 pervenit.
1259 2855 1262 2887 ³

290 3043 353 3101 sit.
370 3045 445 3105 Pos.
467 3040 549 3101 477¹.
565 3074 599 3087 -
609 3040 713 3101 Delicti
727 3034 878 3101 exsccotio
896 3040 1053 3118 integralis
1068 3042 1204 3119 quiaque
1216 3043 1327 3118 gradus

257 3140 353 3203 trabere
363 3146 472 3223 potest,
482 3140 658 3220 posteriores
672 3140 823 3219 prioribus
837 3144 979 3219 majores,
993 3140 1046 3217 qui
1060 3147 1151 3201 sunt:
1164 3142 1266 3205 delicti
1277 3160 1327 3204 en

259 3248 332 3303 terna
342 3242 552 3317 comminatio,
568 3240 666 3301 dalicd
684 3240 868 3319 pertentetio,
879 3240 980 3299 detlcti
989 3241 1139 3301 exsecutio
1153 3238 1265 3308 effectu
1272 3258 1324 3303 ca·

260 3356 328 3417 rena,
340 3342 443 3403 delicti
463 3340 613 3401 exsecutio
624 3337 765 3400 edentum
779 3339 929 3418 obtinens,
943 3339 1086 3401 delictum
1103 3340 1256 3403 babituele
1272 3360 1328 3405 seu

260 3440 427 3503 recidivum.

293 3541 381 3603 Paos.
400 3544 433 3601 t·
448 3554 535 3613 ease.
550 3564 592 3585 -·
612 3540 677 3599 Non
692 3543 787 3616 potest
807 3537 907 3599 delicti
929 3540 1046 3601 interna
1069 3538 1255 3603 machinatio
1276 3558 1331 3621 pro

260 3643 449 3703 mentonis
458 3643 555 3718 primo
565 3640 659 3716 granu
675 3640 1168 3717 haberi,quiacrintenmuodlibct,
1179 3648 1215 3703 ut
1225 3642 1331 3703 altde-

259 3738 365 3819 lictum‚
379 3742 472 3803 debet
489 3748 645 3801 externum
659 3755 734 3799 esse
749 3741 848 3812 Quare
862 3738 965 3801 delicti
976 3742 1093 3800 interna
1111 3742 1264 3803 meditatio
1273 3742 1331 3805 sub

261 3837 332 3915 leges
346 3841 483 3920 poenales
493 3856 554 3901 non
568 3838 657 3901 cedit.
678 3838 779 3899 Delicti
794 3854 863 3899 vero
874 3846 997 3899 ertema
1009 3841 1213 3911 comminatio.
1226 3844 1332 3919 etjco·

261 3942 346 4003 ande
366 3942 529 4003 voluntatis
549 3938 587 4000 ed
610 3938 688 3999 illud
701 3938 953 3999 committentem
971 3943 1091 4016 peretm
1104 3939 1141 3997 el
1154 3940 1332 4015 integralem

262 4038 351 4101 delicti
367 4041 585 4101 exsecutionem
607 4040 711 4115 utique
737 4038 874 4115 pertinet,
896 4036 1076 4113 legibusque
1090 4039 1260 4115 pennalibus
1275 4038 1334 4101 ob·

263 4142 343 4201 noxie
355 4158 421 4203 esse
434 4140 533 4201 debet.
546 4140 576 4201 1⁶
586 4140 665 4213 Quis
676 4136 778 4198 delicti
795 4137 989 4197 comminatio
1011 4136 1192 4214 quaudoque
1208 4144 1255 4199 eet
1274 4139 1335 4217 pri·

263 4240 456 4317 musquidam
466 4246 561 4312 actus,
571 4252 633 4314 quo
642 4235 718 4315 quis·
726 4234 964 4313 probabilitatem
976 4235 1060 4295 illius
1073 4241 1138 4297 bito
1149 4236 1333 4315 amendi

264 4344 411 4417 pertentat,
426 4339 613 4401 obseruando
626 4341 679 4416 oui
701 4340 823 4399 enimus
851 4344 881 4397 et
905 4354 974 4415 quae
989 4340 1067 4399 sires
1079 4338 1248 4401 adveneno
1259 4342 1331 4406 dot.

265 4440 378 4512 roonis
389 4440 489 4501 delicti
501 4438 708 4513 comminatio,
722 4438 838 4499 etiamsi
853 4436 940 4511 illius
948 4438 1264 4517 memnendiimtentio
1283 4441 1334 4503 ab

266 4536 310 4607 sit,
323 4540 386 4613 jam
400 4556 454 4617 per
467 4553 500 4601 se
514 4538 578 4601 sole
589 4545 635 4599 est
646 4537 801 4600 delictum.
812 4537 935 4597 Etenim
945 4536 1046 4599 delicti
1058 4540 1263 4613 emmonis,
1284 4556 1335 4618 per

267 4636 539 4712 maderniacum
552 4636 761 4701 adverssrioet
781 4636 911 4699 meent
929 4638 1079 4702 emrerse
1091 4644 1157 4699 tum
1173 4639 1240 4701 vito
1251 4648 1336 4705 wu-

269 4735 391 4815 ritctem„
406 4746 471 4803 tum
484 4737 668 4815 judiciorum
684 4734 894 4799 rectitudinem
905 4737 984 4800 cirea
996 4736 1098 4799 delicti
1118 4737 1290 4800 utilitates.
1300 4736 1335 4801 et
